2804 4656
276 321 369 370 erana
390 315 917 370 rrcnsruusrrnrrus-arrsrouu
938 316 987 363 xv.
1110 299 1170 361 2⁹29

92 470 241 544 fideliter
258 466 376 540 horter
395 476 501 560 atque
521 489 679 558 arguam.
702 466 764 536 Tui
785 473 900 536 autem
921 474 1037 534 certus
1058 464 1171 535 aliena

91 603 128 665 et
147 591 342 686 praesertim
364 571 451 661 falsa
468 589 594 660 iudicia
613 588 843 682 parvipendo,
861 598 897 658 et
915 588 944 658 si
964 590 1055 659 nulla
1073 590 1171 659 inno·

91 717 205 788 centia
238 722 333 786 tanta
366 724 421 784 est
446 734 525 805 quae
559 709 886 806 reprehensionibus
919 720 1050 794 careat,
1082 713 1171 781 malo

90 837 311 933 procacitatis
332 857 409 907 mea
442 833 544 917 fides,
575 857 681 927 quam
720 831 876 926 perfidiae
914 833 1089 904 silentium
1118 855 1172 903 re-

92 957 339 1051 prehendatur.
361 955 530 1040 Quamvis
551 954 634 1025 mihi
656 953 793 1046 quidem
817 974 904 1046 peno
925 954 993 1024 iam
1014 955 1098 1024 nihil
1118 967 1173 1028 est

92 1081 238 1172 reliqui:
259 1079 471 1149 exhausisse
502 1078 656 1148 animum
680 1077 817 1162 videor,
843 1075 998 1168 dumque
1019 1087 1052 1148 te
1074 1087 1172 1148 tuum

93 1205 128 1273 in
150 1203 283 1286 solium,
305 1203 435 1282 Caesar,
454 1222 554 1286 voco,
575 1219 690 1271 raucae
707 1201 808 1272 lautae
827 1209 909 1270 sunt
926 1202 1046 1271 lauces
1067 1221 1170 1272 meae:

93 1327 141 1396 nil
174 1327 243 1397 iam
275 1326 404 1416 lingua,
440 1324 486 1394 nil
519 1325 689 1405 calamus,
724 1333 851 1417 spretae
881 1324 1007 1394 totiens
1033 1345 1171 1416 preces,

92 1450 181 1519 lusae
214 1467 338 1530 voceS,
373 1447 535 1517 arefactae
571 1446 737 1530 lacrimae,
770 1456 978 1537 consumpta
1000 1444 1171 1538 suspiria:

95 1572 169 1641 solo
190 1569 296 1639 corde
318 1569 388 1639 iam
413 1570 545 1659 loquor.
573 1567 643 1638 Sed
668 1587 771 1659 spero
798 1589 854 1638 me
878 1567 1002 1637 audias
1029 1589 1173 1638 raucum

93 1693 174 1764 licet
193 1713 233 1762 ao
254 1692 417 1762 tacitum:
440 1690 523 1762 dum
546 1689 658 1780 magis
679 1691 771 1760 enim
794 1699 910 1762 tacere
932 1690 1064 1772 videor,
1093 1701 1175 1762 tunc

94 1818 197 1887 altius
218 1819 352 1908 loquor,
380 1824 483 1907 teque
509 1811 634 1886 diebus
664 1835 704 1884 ao
736 1813 898 1884 noctibus
923 1813 1085 1898 obsecro,
1112 1814 1175 1885 ob-

94 1948 219 2023 testor,
241 1937 377 2022 adiuro,
400 1936 551 2029 increpo.
580 1936 630 2004 lta
650 1957 735 2019 vero
758 1934 841 2004 mihi
867 1933 992 2005 accidit
1017 1947 1055 2007 ut
1081 1937 1174 2006 fesso

95 2061 238 2147 amanti,
252 2061 307 2130 oui
321 2058 537 2152 consumptis
554 2056 717 2127 omnibus
735 2077 814 2149 quae
832 2055 876 2127 ad
894 2056 1174 2149 persuadendum

96 2183 246 2263 valeant,
270 2183 382 2252 solum
408 2181 443 2249 in
464 2177 582 2261 labiis,
609 2178 748 2270 iamque
769 2200 833 2249 nec
859 2177 893 2247 in
923 2177 1032 2261 labiis,
1055 2179 1173 2249 sedin

96 2303 305 2395 praecordiis
320 2301 423 2373 amati
438 2322 563 2373 nomen
583 2311 693 2372 sonat.
712 2302 756 2372 Et
775 2302 858 2372 mihi
874 2310 910 2371 et
928 2303 995 2372 tuis
1012 2301 1174 2373 omnihus

96 2425 163 2496 hoc
182 2447 288 2496 unum
311 2433 480 2518 superest,
504 2435 541 2495 ut
561 2434 594 2496 te
615 2425 650 2493 in
672 2424 787 2495 animo
809 2423 1003 2495 habeamus
1024 2424 1175 2494 nominis

96 2547 218 2633 instar,
254 2545 314 2617 sed
348 2545 464 2617 aversi
489 2560 524 2618 et
545 2556 689 2618 nostras
714 2547 873 2617 miserias
907 2569 975 2617 non
1008 2548 1173 2618 curantis.

96 2668 246 2752 Quodsi
267 2667 427 2760 quidest
452 2668 609 2760 spiritus,
635 2669 719 2738 nihil
746 2679 802 2739 est
822 2666 971 2753 artificii,
993 2669 1060 2739 nisi
1081 2668 1175 2761 quod

96 2789 197 2860 affusi
217 2800 252 2861 et
274 2790 447 2881 supplices
474 2811 542 2860 non
568 2792 676 2861 semel
700 2791 763 2861 sed
784 2793 909 2862 millies
936 2801 968 2863 te
993 2814 1173 2864 vocamus.

95 2911 158 2982 Est
181 2911 237 2981 ubi
265 2911 350 2980 artis
376 2913 411 2980 in
437 2914 548 2983 locum
575 2912 680 2984 nudae
705 2935 811 2984 voces
845 2926 950 3006 atque
979 2917 1067 2986 adeo
1092 2917 1175 2987 nudi

96 3032 247 3104 subeant
266 3031 423 3115 affectus,
446 3043 481 3103 et
500 3054 620 3104 carum
647 3054 771 3104 nomen
798 3035 927 3128 saepius
954 3037 1102 3108 iterasse
1126 3041 1177 3109 el-

95 3153 344 3227 ficacissimurn
370 3155 416 3226 ad
442 3156 655 3226 movendum
681 3155 815 3227 animos
841 3158 1021 3230 habeatur.
1048 3162 1076 3241 Ο
1102 3163 1177 3253 glo-

96 3279 289 3349 riosissime
302 3277 428 3361 Caesar,
449 3288 568 3371 patere
585 3278 697 3371 aequis
715 3278 869 3362 auribus,
888 3283 1043 3374 aequiore
1061 3282 1177 3353 animo

96 3399 388 3491 importunitatem
424 3409 591 3484 nostrum,
630 3424 745 3494 neque
776 3409 808 3472 te
841 3423 935 3496 saepe
968 3401 1176 3473 vocantibus

94 3522 268 3608 irascaris.
304 3523 394 3594 Satis
428 3531 483 3593 est
511 3523 670 3617 supplicii
703 3546 772 3595 uon
805 3523 930 3596 audiri.
964 3524 1102 3594 Clarum
1136 3544 1177 3593 ac

96 3661 205 3712 suave
226 3664 351 3714 nomen
376 3653 431 3714 est
455 3643 589 3729 Caesar,
617 3646 880 3738 verendumque
906 3644 1070 3715 omnibus
1091 3665 1177 3734 gen-

96 3761 187 3834 tibus
207 3785 248 3834 ac
269 3764 430 3857 regibus:
451 3765 552 3837 nobis
573 3789 659 3838 vero
679 3770 783 3838 etiam
808 3771 970 3838 salutare.
991 3767 1071 3836 Sine
1092 3765 1177 3836 illud

94 3888 128 3956 in
150 3897 271 3956 nostro
291 3908 350 3958 ore
371 3888 587 3972 dulcescere,
608 3909 672 3959 seu
687 3888 772 3959 illud
789 3890 989 3968 clamantes,
1006 3907 1069 3956 seu
1084 3885 1177 3956 taciti

94 4006 320 4093 invocemus,
343 4011 424 4081 andi
445 4012 500 4081 vel
523 4009 557 4079 in
579 4012 716 4083 silentio
736 4021 876 4082 tuorum
896 4029 1013 4081 voces.
1037 4010 1109 4081 Tua
1133 4019 1173 4094 te,

94 4127 225 4215 cesar,
249 4144 352 4205 vocat
371 4133 481 4219 ltalia,
505 4132 613 4226 idque
632 4135 736 4206 tantis
757 4130 982 4218 clamoribus,
1005 4144 1043 4205 ut
1064 4131 1092 4203 si
1114 4155 1176 4204 au·
