2992 4664
172 306 230 367 322
635 317 797 365 vununuu

173 462 323 534 turbidae
344 482 401 531 res
423 461 512 543 sint,
547 459 682 551 dequo
714 460 816 532 valde
836 471 872 531 et
903 479 1011 554 supra
1037 481 1141 553 quam
1163 463 1263 534 credi

173 577 293 678 posset
313 590 461 655 moestus
483 603 572 653 sum.
592 583 756 674 Nugellas
778 603 877 653 meas
897 584 1073 674 vulgares,
1091 603 1174 675 qnae
1195 586 1265 654 nti-

173 722 251 777 nam
273 704 341 775 tuis
368 703 542 787 manibus,
567 705 636 774 tuis
663 705 790 788 oculis,
820 714 951 798 tuoque
980 705 1110 777 iudicio
1141 705 1263 798 dignae

172 837 301 909 essent,
324 851 388 919 per
409 828 502 898 huuc
521 828 681 898 nuntium
709 837 807 898 tuum
829 827 874 898 ad
900 838 934 898 te
960 829 1174 899 familiariter
1198 851 1264 900 ve-

171 949 306 1020 nientes
316 949 462 1020 videbis.
471 949 547 1019 Non
561 951 733 1041 patienter
746 947 862 1031 modo,
873 949 936 1020 sed
950 951 1039 1035 laete,
1050 950 1260 1034 nondubito‚

171 1080 275 1163 atque
297 1071 411 1163 aliqua
430 1072 488 1140 vel
507 1081 666 1141 extrema
685 1068 906 1142 bibliothecae
927 1080 998 1142 tuae
1019 1085 1117 1163 parte
1137 1072 1264 1163 digna-

172 1192 263 1266 bere.
288 1191 474 1286 inquibus
497 1195 605 1264 multa
630 1206 712 1265 sunt
741 1195 980 1265 excusationis
1006 1195 1162 1284 egentia;
1198 1195 1263 1265 sed

170 1317 310 1409 benigni
331 1316 488 1388 censoris
515 1316 680 1387 iudicium
716 1317 891 1402 subitura,
925 1318 1064 1387 veniam
1097 1338 1165 1387 non
1199 1316 1264 1386 de-

172 1451 325 1533 sperant.
348 1442 386 1510 ln
407 1441 528 1534 primis
553 1443 710 1533 opusculi
739 1441 944 1511 varietatem
968 1439 1139 1509 instabilis
1165 1440 1264 1510 furor

171 1563 363 1635 amantium
383 1562 519 1654 dequo
541 1561 655 1634 statim
679 1563 713 1632 in
735 1561 903 1654 principio
923 1562 1054 1652 agitur3
1073 1560 1262 1632 ruditatem

172 1685 241 1758 stili
261 1694 349 1755 aetas
366 1696 528 1765 excuset,
545 1707 624 1754 nam
640 1705 722 1776 quae
734 1687 832 1776 leges
851 1705 978 1774 magna
993 1702 1040 1754 ex
1060 1696 1157 1778 parte
1178 1681 1263 1754 ado-

172 1817 308 1883 lescens
331 1808 465 1898 scripsi.
494 1807 529 1876 Si
555 1807 738 1877 excusatio
763 1807 830 1876 ista
851 1827 920 1877 uon
946 1806 1087 1892 sufficit,
1114 1817 1264 1878 excuset

173 1952 227 2000 me
249 1941 320 2001 tuae
340 1929 517 2024 petitionis
543 1928 732 2000 auctoritas
753 1930 807 1999 cui
830 1950 962 2019 negare
982 1929 1031 2000 nil
1053 1931 1162 2007 valeo,
1185 1927 1262 2000 Non

173 2060 273 2143 potes
293 2052 417 2144 queri:
440 2049 550 2125 habes
572 2050 667 2143 quod
686 2049 837 2144 petiisti:

333 2240 377 2301 Tu
397 2238 489 2299 modo
507 2244 536 2298 te
554 2236 690 2313 iussisse,
708 2245 792 2315 pater
809 2253 949 2313 romane,
966 2244 1139 2310 memento,

415 2337 508 2413 loque
525 2335 603 2397 meis
620 2335 714 2414 culpis
732 2343 765 2398 lu
783 2336 838 2398 tibi
855 2337 891 2398 da
909 2335 1040 2407 veniam,

171 2549 210 2610 nt
231 2539 279 2609 ait
306 2535 484 2606 Ausonius
518 2536 668 2626 Magnus
696 2536 741 2607 ad
778 2537 1012 2609 Theodosium
1048 2535 1264 2628 Augustum.

170 2657 326 2730 Plebeios
347 2656 476 2748 apices,
501 2657 706 2748 scriptorum
737 2659 862 2730 raritas
897 2658 1077 2740 absolvat,
1095 2659 1155 2750 qui
1183 2659 1266 2729 lruic

170 2783 241 2852 lere
262 2779 379 2855 studio
399 2778 484 2850 nulli
505 2791 604 2849 sunt:
627 2778 826 2851 tarditatem
856 2781 1039 2852 scribentis
1073 2781 1200 2850 inertia
1228 2790 1265 2850 et

172 2901 340 2972 bellorum
362 2904 489 2992 fragor.
515 2900 579 2971 llio
602 2901 694 2970 enim
716 2912 797 2971 aute
826 2900 1000 2971 missurus
1028 2901 1095 2973 boo
1114 2904 1262 2986 fueram,

172 3023 240 3091 nisi
260 3022 352 3092 Mars
370 3022 629 3094 circumtonaus
658 3022 838 3094 vetuisset.
865 3025 909 3095 Et
929 3044 1022 3092 nuno
1041 3022 1183 3092 tandem
1201 3044 1265 3114 per

171 3143 380 3215 Pancaldum
416 3144 713 3236 simplicissimum
757 3144 934 3215 bominum
970 3143 1165 3226 mittebam,
1197 3144 1265 3214 nisi

173 3265 326 3338 luushio
356 3265 497 3335 nuntius
530 3263 745 3337 advenisset.
770 3265 1061 3336 Incorrectionem
1089 3266 1206 3358 operis
1234 3266 1263 3336 si

171 3388 350 3482 quaerit,
385 3408 461 3457 mea
482 3399 633 3458 excuset
662 3389 866 3481 occupatio,
899 3410 969 3478 qua
1003 3386 1175 3460 obsessus
1200 3391 1264 3460 feci

171 3512 249 3584 haec
271 3533 333 3604 per
363 3510 450 3581 alios
484 3508 656 3590 revideri,
683 3530 897 3602 quamquam
923 3531 991 3600 ego
1017 3509 1091 3602 ipse
1119 3512 1182 3581 vix
1202 3511 1266 3583 de-

172 3654 268 3703 mum
291 3634 399 3704 semel
421 3632 546 3724 raptim
573 3633 674 3702 oculo
696 3632 893 3723 trepidante
914 3632 1143 3724 perlegerim:
1165 3631 1267 3709 deni-

173 3777 243 3846 que
263 3755 404 3827 babitus
426 3764 666 3849 paupertatem
703 3775 781 3824 mea
804 3764 952 3824 excuset
976 3752 1152 3835 absentia3
1185 3776 1266 3848 pro·

174 3880 264 3949 lecto
285 3879 376 3949 enim
391 3878 420 3948 si
435 3877 579 3948 fuissem
600 3897 771 3968 praesens,
791 3874 917 3946 fibulas
928 3876 1054 3958 sallem
1077 3885 1266 3964 argenteas

173 3998 366 4072 habuisset.
382 4000 489 4071 Multa
502 4021 604 4080 nono,
623 3997 774 4079 domine,
793 3998 839 4069 de
860 4008 997 4069 tuorum
1015 3995 1156 4068 casibus
1180 3996 1264 4067 mihi

170 4138 239 4221 pro
259 4120 348 4189 virili
372 4130 469 4212 parte
491 4119 641 4189 [labilius
665 4121 765 4192 latius
784 4119 941 4202 dicenda,
962 4121 1067 4189 molta
1095 4119 1199 4188 etiam
1220 4119 1266 4188 de
