2804 4656
186 286 243 347 1⁴92
524 300 564 377 uu
586 299 687 348 nauus
709 259 933 346 ruminamus

187 443 316 514 Laelius
343 443 408 514 hoc
433 444 603 514 constanti
625 441 754 512 homiui
781 461 887 532 posse
909 441 1110 531 contingere
1137 451 1176 513 ut
1203 445 1269 514 ulla

187 567 400 638 intermissio
420 566 479 638 fiat
500 564 613 649 officii,
633 564 718 656 quid
734 584 798 633 nos
818 565 862 635 de
881 585 1045 657 supremo
1062 575 1097 635 et
1118 567 1270 639 maximo

188 692 378 761 officiorum
392 690 545 760 omnium
561 687 893 766 arbitremuriNihil
908 687 1049 758 omnino
1058 689 1201 760 evenire
1210 713 1270 784 po

190 823 271 896 test,
290 813 385 906 quod
404 813 437 881 in
458 822 491 883 te
509 810 720 882 oblivionem
744 820 892 882 excuset
917 812 1065 903 imperii:
1080 833 1176 883 curae
1192 815 1272 884 aliae

189 949 222 1008 te
239 945 424 1017 exornant,
444 936 521 1005 haee
538 933 684 1028 perficit,
696 956 896 1039 ¹rerumque
913 933 994 1004 facit
1011 935 1269 1027 Imperatorem

189 1063 309 1154 ltaque
330 1061 433 1132 huius
455 1069 491 1129 et
517 1059 726 1151 reliquarum
748 1081 817 1129 non
835 1080 904 1128 una
925 1058 1012 1129 ratio
1029 1067 1093 1128 est.
1117 1038 1270 1131 Caeteras

189 1188 275 1256 forte
301 1184 440 1255 differre
461 1183 577 1276 possis
605 1183 660 1251 vei
686 1180 851 1251 abiicere:
873 1180 959 1265 haec,
977 1180 1060 1251 dum
1084 1180 1132 1251 tui
1152 1183 1271 1253 memi÷

191 1307 295 1389 neris,
311 1305 452 1376 ossibus
467 1324 607 1396 semper
623 1323 663 1372 ac
678 1299 878 1394 praecordiis
897 1303 1272 1397 haereatopcrtet.111ic

190 1432 281 1500 enim
296 1429 420 1512 decus,
440 1427 495 1497 hic
512 1424 681 1509 debitum,
700 1424 756 1494 cui
777 1423 903 1495 deesse
922 1434 1046 1516 praeter
1063 1447 1184 1496 curam
1201 1427 1273 1516 glo-

191 1553 266 1632 riae,
290 1548 370 1620 fidei
392 1569 532 1640 quoque
553 1556 733 1640 respectus
755 1554 866 1615 vetet.⁴
883 1545 969 1615 Nam
984 1545 1079 1635 quod
1093 1546 1160 1628 ais,
1182 1545 1272 1617 idem

192 1671 252 1740 tibi
280 1671 409 1741 licitum
431 1670 525 1761 quod
547 1667 641 1752 mihi,
670 1674 739 1739 non
765 1669 812 1737 ita
838 1678 905 1738 est:
928 1669 1037 1738 multa
1062 1666 1146 1736 mihi
1171 1670 1274 1740 licent

191 1816 271 1887 quae
299 1817 366 1866 nou
400 1794 477 1864 tibi:
506 1794 556 1864 sic
581 1803 615 1863 et
639 1790 777 1863 famulis
804 1794 910 1862 muita
938 1791 1025 1862 meis
1051 1792 1168 1874 licent,
1194 1816 1274 1887 quae

76 1906 78 1909 ¹
192 1918 274 1987 mihi
295 1929 376 1989 sunt
394 1919 512 1989 vetita.
531 1918 706 2001 Quantum
729 1917 855 1987 crescit
872 1916 993 1999 honor,
1014 1929 1147 1990 tantum
1170 1920 1275 1990 ticen-

192 2041 238 2131 tia
251 2041 434 2125 decrescit,
453 2050 694 2132 quantumque
712 2040 753 2110 iis
772 2040 939 2130 gradibus
952 2039 1185 2123 adscenderis,
1203 2052 1274 2113 tan·

135 2206 137 2216 =
193 2175 265 2236 tum
287 2165 355 2234 illis
375 2163 603 2236 descendisse
626 2175 659 2233 te
677 2162 829 2234 noveris.
857 2162 944 2246 Scis,
967 2164 1166 2256 imperator,
1191 2165 1276 2256 quid

191 2289 356 2359 fundator
381 2287 514 2380 imperii
541 2286 696 2357 dixerit?
721 2285 763 2354 Iu
787 2288 940 2356 muccinm
969 2290 1105 2375 fortuna
1137 2291 1276 2359 minimo

193 2413 326 2481 licentia
346 2422 402 2479 est.
426 2408 518 2493 Quid
535 2408 629 2501 quod
649 2410 796 2500 patriam
814 2408 924 2503 ipsam
944 2418 1038 2480 tuam
1059 2413 1153 2482 nulio
1174 2410 1276 2483 modo

193 2533 305 2624 magis
332 2531 520 2615 amaveris
548 2533 643 2601 nuilo
677 2530 792 2601 studio
824 2533 937 2623 magis
963 2536 1145 2605 ornaveris
1172 2558 1275 2627 quam

180 2677 316 2724 nomeu
338 2653 448 2747 ipsius
463 2648 568 2744 quam
585 2653 754 2722 latissime
771 2654 1006 2746 divulgando?
1023 2658 1059 2726 Si
1074 2656 1276 2730 Alexander

193 2798 231 2847 se
253 2778 342 2847 intra
357 2775 445 2846 fines
459 2775 674 2848 Macedoniae
691 2776 874 2860 tenuisset,
894 2803 963 2862 non
982 2790 1049 2850 tam
1072 2794 1191 2852 notum
1206 2783 1277 2851 Ma-

193 2898 363 2970 cedonum
379 2921 506 2971 nomeu
527 2910 632 2971 esset.
648 2900 734 2982 Quis
751 2910 852 2990 putas
872 2903 984 2991 magis
1003 2911 1096 2973 amet
1113 2925 1273 2982 uxorem,

193 3045 238 3093 an
258 3024 316 3112 qui
339 3024 493 3093 omnium
516 3024 699 3114 negligens
721 3024 781 3094 diu
802 3035 977 3115 noctuque
999 3025 1034 3095 in
1054 3025 1145 3096 iliius
1168 3016 1297 3095 haeret
1346 3008 1350 3013 ⁵

193 3141 429 3235 amplexibus
449 3165 492 3213 au
512 3145 570 3235 qui
587 3155 623 3214 ut
640 3146 731 3215 illam
743 3146 889 3217 honeste
904 3145 1121 3239 ubertimque
1140 3147 1274 3227 educet,

194 3267 323 3337 nuttam
338 3266 649 3358 peregrinationem
669 3268 809 3358 refugit,
824 3270 955 3339 uultum
974 3270 1088 3341 renuit
1101 3268 1276 3340 laborem?

194 3390 259 3461 Est
279 3389 337 3460 ubi
355 3410 505 3488 magnus
526 3412 623 3461 amor
641 3392 759 3462 odium
778 3394 833 3463 sit.
848 3394 1033 3486 Nunquam
1046 3396 1191 3477 Romam
1207 3413 1277 3461 ma-

196 3514 250 3604 gis
264 3514 395 3585 amavit
407 3513 589 3585 Africanus
604 3536 707 3606 quam
721 3516 814 3599 dum,
830 3517 887 3587 ilia
901 3518 1026 3600 relicta,
1039 3515 1124 3587 adiit
1137 3513 1277 3587 Cartha·

197 3639 324 3728 ginem.
346 3638 465 3708 Molles
488 3638 631 3708 affectus
648 3648 684 3708 et
700 3640 834 3709 externi
852 3641 1001 3712 monitus
1016 3641 1205 3732 coniugum
1222 3660 1277 3708 na·

198 3773 384 3855 torumque
402 3783 442 3832 ac
460 3761 655 3852 vulgarium
671 3764 860 3856 amicorum
874 3763 952 3834 altis
966 3763 1120 3834 consitiis
1140 3785 1278 3857 semper

200 3885 339 3956 adversi
372 3894 463 3956 suut.
491 3883 705 3956 Obserandae
736 3908 838 3956 aures
874 3889 1046 3982 Ulyxeum
1067 3889 1103 3957 itu
1129 3909 1275 3968 morem,

199 4021 238 4079 ut
258 4009 292 4077 iu
314 4019 451 4102 portum
466 4008 586 4098 gloriae
602 4006 761 4079 Sirenum
784 4009 872 4081 inter
891 4013 1053 4103 scopulos
1073 4010 1277 4082 evadamus.

200 4131 291 4214 Quid
311 4133 404 4225 quod
422 4133 498 4204 brec
518 4133 605 4228 ipsa,
619 4154 724 4224 quam
739 4143 834 4203 tuam
856 4133 952 4219 dicis,
974 4135 1037 4204 fuit
1058 4133 1199 4225 quidem
1218 4129 1278 4206 sed
