<?xml version="1.0" encoding="UTF-8"?>
<!DOCTYPE html PUBLIC "-//W3C//DTD XHTML 1.0 Transitional//EN"
    "http://www.w3.org/TR/xhtml1/DTD/xhtml1-transitional.dtd">
<html xmlns="http://www.w3.org/1999/xhtml" xml:lang="en" lang="en">
 <head>
  <title>
</title>
<meta http-equiv="Content-Type" content="text/html;charset=utf-8" />
  <meta name='ocr-system' content='tesseract 3.04.00' />
  <meta name='ocr-capabilities' content='ocr_page ocr_carea ocr_par ocr_line ocrx_word'/>
</head>
<body>
  <div class='ocr_page' id='page_1' title='image "./franciscipetrar00fracgoog_0217.png"; bbox 0 0 2804 4656; ppageno 0'>
   <div class='ocr_carea' id='block_1_1' title="bbox 178 310 921 371">
    <p class='ocr_par' dir='ltr' id='par_1_1' title="bbox 178 310 921 371">
     <span class='ocr_line' id='line_1_1' title="bbox 178 310 921 371; baseline -0.007 0"><span class='ocrx_word' id='word_1_1' title='bbox 178 310 238 371; x_wconf 66' lang='lat'>200</span> <span class='ocrx_word' id='word_1_2' title='bbox 511 318 553 366; x_wconf 81' lang='lat' dir='ltr'>nu</span> <span class='ocrx_word' id='word_1_3' title='bbox 575 316 677 365; x_wconf 83' lang='lat' dir='ltr'>nanus</span> <span class='ocrx_word' id='word_1_4' title='bbox 699 314 921 366; x_wconf 76' lang='lat' dir='ltr'>aauurmmus</span> 
     </span>
    </p>
   </div>
   <div class='ocr_carea' id='block_1_2' title="bbox 90 459 1267 4235">
    <p class='ocr_par' dir='ltr' id='par_1_2' title="bbox 90 459 1267 4235">
     <span class='ocr_line' id='line_1_2' title="bbox 178 459 1261 557; baseline -0.004 -20"><span class='ocrx_word' id='word_1_5' title='bbox 178 461 393 557; x_wconf 83' lang='lat' dir='ltr'>longitudine</span> <span class='ocrx_word' id='word_1_6' title='bbox 412 470 508 533; x_wconf 89' lang='lat' dir='ltr'>certa</span> <span class='ocrx_word' id='word_1_7' title='bbox 529 463 585 544; x_wconf 85' lang='lat' dir='ltr'>sit,</span> <span class='ocrx_word' id='word_1_8' title='bbox 608 461 685 532; x_wconf 89' lang='lat' dir='ltr'>baec</span> <span class='ocrx_word' id='word_1_9' title='bbox 710 459 754 532; x_wconf 92' lang='lat' dir='ltr'>de</span> <span class='ocrx_word' id='word_1_10' title='bbox 779 460 957 531; x_wconf 78' lang='lat' dir='ltr'>vicinitate</span> <span class='ocrx_word' id='word_1_11' title='bbox 982 461 1104 532; x_wconf 92' lang='lat' dir='ltr'>mortis</span> <span class='ocrx_word' id='word_1_12' title='bbox 1128 462 1261 533; x_wconf 87' lang='lat' dir='ltr'>incerta</span> 
     </span>
     <span class='ocr_line' id='line_1_3' title="bbox 179 583 1262 678; baseline -0.005 -19"><span class='ocrx_word' id='word_1_13' title='bbox 179 608 340 659; x_wconf 87' lang='lat' dir='ltr'>essenon</span> <span class='ocrx_word' id='word_1_14' title='bbox 354 593 478 678; x_wconf 90' lang='lat' dir='ltr'>potest.</span> <span class='ocrx_word' id='word_1_15' title='bbox 497 586 630 655; x_wconf 92' lang='lat' dir='ltr'>Bonum</span> <span class='ocrx_word' id='word_1_16' title='bbox 650 585 784 674; x_wconf 75' lang='lat' dir='ltr'>ingens</span> <span class='ocrx_word' id='word_1_17' title='bbox 806 583 870 654; x_wconf 91' lang='lat' dir='ltr'>sed</span> <span class='ocrx_word' id='word_1_18' title='bbox 886 584 1042 673; x_wconf 80' lang='lat' dir='ltr'>ignotum</span> <span class='ocrx_word' id='word_1_19' title='bbox 1063 585 1184 675; x_wconf 82' lang='lat' dir='ltr'>vulgo,</span> <span class='ocrx_word' id='word_1_20' title='bbox 1200 584 1262 654; x_wconf 93' lang='lat' dir='ltr'>tibi</span> 
     </span>
     <span class='ocr_line' id='line_1_4' title="bbox 179 686 1263 799; baseline -0.002 -19"><span class='ocrx_word' id='word_1_21' title='bbox 179 686 270 780; x_wconf 76' lang='lat' dir='ltr'>niuno</span> <span class='ocrx_word' id='word_1_22' title='bbox 290 707 431 778; x_wconf 90' lang='lat' dir='ltr'>obviam</span> <span class='ocrx_word' id='word_1_23' title='bbox 452 706 562 778; x_wconf 90' lang='lat' dir='ltr'>venit:</span> <span class='ocrx_word' id='word_1_24' title='bbox 582 707 686 799; x_wconf 85' lang='lat' dir='ltr'>imple</span> <span class='ocrx_word' id='word_1_25' title='bbox 706 705 849 778; x_wconf 86' lang='lat' dir='ltr'>feliciter</span> <span class='ocrx_word' id='word_1_26' title='bbox 869 714 967 777; x_wconf 92' lang='lat' dir='ltr'>tuum</span> <span class='ocrx_word' id='word_1_27' title='bbox 988 728 1128 792; x_wconf 90' lang='lat' dir='ltr'>nomen,</span> <span class='ocrx_word' id='word_1_28' title='bbox 1148 716 1183 777; x_wconf 90' lang='lat' dir='ltr'>et</span> <span class='ocrx_word' id='word_1_29' title='bbox 1200 706 1263 778; x_wconf 80' lang='lat' dir='ltr'>bo</span> 
     </span>
     <span class='ocr_line' id='line_1_5' title="bbox 178 827 1259 920; baseline -0.002 -18"><span class='ocrx_word' id='word_1_30' title='bbox 178 855 260 902; x_wconf 92' lang='lat' dir='ltr'>num</span> <span class='ocrx_word' id='word_1_31' title='bbox 282 840 402 901; x_wconf 89' lang='lat' dir='ltr'>contra</span> <span class='ocrx_word' id='word_1_32' title='bbox 428 851 495 900; x_wconf 94' lang='lat' dir='ltr'>non</span> <span class='ocrx_word' id='word_1_33' title='bbox 522 828 626 899; x_wconf 92' lang='lat' dir='ltr'>modo</span> <span class='ocrx_word' id='word_1_34' title='bbox 651 827 844 920; x_wconf 83' lang='lat' dir='ltr'>intrepidus</span> <span class='ocrx_word' id='word_1_35' title='bbox 871 829 935 900; x_wconf 89' lang='lat' dir='ltr'>sed</span> <span class='ocrx_word' id='word_1_36' title='bbox 960 831 1123 899; x_wconf 84' lang='lat' dir='ltr'>exultans</span> <span class='ocrx_word' id='word_1_37' title='bbox 1151 828 1259 916; x_wconf 86' lang='lat' dir='ltr'>vade,</span> 
     </span>
     <span class='ocr_line' id='line_1_6' title="bbox 178 941 1260 1047; baseline -0.002 -22"><span class='ocrx_word' id='word_1_38' title='bbox 178 941 423 1047; x_wconf 85' lang='lat' dir='ltr'>repertumque</span> <span class='ocrx_word' id='word_1_39' title='bbox 452 973 522 1022; x_wconf 93' lang='lat' dir='ltr'>non</span> <span class='ocrx_word' id='word_1_40' title='bbox 548 962 712 1035; x_wconf 77' lang='lat' dir='ltr'>moestuS,</span> <span class='ocrx_word' id='word_1_41' title='bbox 740 961 778 1022; x_wconf 91' lang='lat' dir='ltr'>ut</span> <span class='ocrx_word' id='word_1_42' title='bbox 804 973 930 1042; x_wconf 80' lang='lat' dir='ltr'>magna</span> <span class='ocrx_word' id='word_1_43' title='bbox 956 972 1038 1043; x_wconf 90' lang='lat' dir='ltr'>pars</span> <span class='ocrx_word' id='word_1_44' title='bbox 1060 952 1260 1023; x_wconf 85' lang='lat' dir='ltr'>mortalium</span> 
     </span>
     <span class='ocr_line' id='line_1_7' title="bbox 177 1071 1261 1168; baseline -0.002 -20"><span class='ocrx_word' id='word_1_45' title='bbox 177 1075 304 1168; x_wconf 92' lang='lat' dir='ltr'>quibus</span> <span class='ocrx_word' id='word_1_46' title='bbox 319 1075 416 1158; x_wconf 88' lang='lat' dir='ltr'>mori,</span> <span class='ocrx_word' id='word_1_47' title='bbox 430 1073 496 1146; x_wconf 90' lang='lat' dir='ltr'>hoc</span> <span class='ocrx_word' id='word_1_48' title='bbox 510 1084 565 1144; x_wconf 92' lang='lat' dir='ltr'>est</span> <span class='ocrx_word' id='word_1_49' title='bbox 582 1084 718 1145; x_wconf 90' lang='lat' dir='ltr'>naturae</span> <span class='ocrx_word' id='word_1_50' title='bbox 734 1071 892 1165; x_wconf 91' lang='lat' dir='ltr'>obsequi,</span> <span class='ocrx_word' id='word_1_51' title='bbox 909 1095 1013 1165; x_wconf 89' lang='lat' dir='ltr'>poena</span> <span class='ocrx_word' id='word_1_52' title='bbox 1030 1081 1097 1157; x_wconf 84' lang='lat' dir='ltr'>est,</span> <span class='ocrx_word' id='word_1_53' title='bbox 1119 1075 1182 1146; x_wconf 90' lang='lat' dir='ltr'>sed</span> <span class='ocrx_word' id='word_1_54' title='bbox 1200 1077 1261 1146; x_wconf 89' lang='lat' dir='ltr'>lae-</span> 
     </span>
     <span class='ocr_line' id='line_1_8' title="bbox 179 1196 1262 1292; baseline -0.004 -20"><span class='ocrx_word' id='word_1_55' title='bbox 179 1212 236 1272; x_wconf 90' lang='lat' dir='ltr'>tus</span> <span class='ocrx_word' id='word_1_56' title='bbox 257 1209 295 1271; x_wconf 92' lang='lat' dir='ltr'>ut</span> <span class='ocrx_word' id='word_1_57' title='bbox 320 1196 432 1292; x_wconf 90' lang='lat' dir='ltr'>pauci,</span> <span class='ocrx_word' id='word_1_58' title='bbox 461 1198 561 1290; x_wconf 91' lang='lat' dir='ltr'>quasi</span> <span class='ocrx_word' id='word_1_59' title='bbox 585 1218 751 1287; x_wconf 83' lang='lat' dir='ltr'>magnum</span> <span class='ocrx_word' id='word_1_60' title='bbox 777 1196 918 1289; x_wconf 84' lang='lat' dir='ltr'>aliquod</span> <span class='ocrx_word' id='word_1_61' title='bbox 942 1196 1005 1266; x_wconf 89' lang='lat' dir='ltr'>Dei</span> <span class='ocrx_word' id='word_1_62' title='bbox 1031 1218 1160 1268; x_wconf 91' lang='lat' dir='ltr'>munus</span> <span class='ocrx_word' id='word_1_63' title='bbox 1188 1220 1262 1268; x_wconf 92' lang='lat' dir='ltr'>am·</span> 
     </span>
     <span class='ocr_line' id='line_1_9' title="bbox 179 1317 1262 1417; baseline -0.002 -25"><span class='ocrx_word' id='word_1_64' title='bbox 179 1326 341 1417; x_wconf 85' lang='lat' dir='ltr'>plectere,</span> <span class='ocrx_word' id='word_1_65' title='bbox 369 1331 473 1411; x_wconf 88' lang='lat' dir='ltr'>teque</span> <span class='ocrx_word' id='word_1_66' title='bbox 498 1319 543 1390; x_wconf 90' lang='lat' dir='ltr'>de</span> <span class='ocrx_word' id='word_1_67' title='bbox 569 1320 686 1389; x_wconf 93' lang='lat' dir='ltr'>multis</span> <span class='ocrx_word' id='word_1_68' title='bbox 718 1318 803 1389; x_wconf 87' lang='lat' dir='ltr'>vitae</span> <span class='ocrx_word' id='word_1_69' title='bbox 836 1317 1101 1412; x_wconf 83' lang='lat' dir='ltr'>tempestatibus</span> <span class='ocrx_word' id='word_1_70' title='bbox 1132 1318 1262 1391; x_wconf 87' lang='lat' dir='ltr'>votivis</span> 
     </span>
     <span class='ocr_line' id='line_1_10' title="bbox 179 1440 1262 1544; baseline -0.007 -26"><span class='ocrx_word' id='word_1_71' title='bbox 179 1448 274 1518; x_wconf 92' lang='lat' dir='ltr'>auris</span> <span class='ocrx_word' id='word_1_72' title='bbox 296 1448 330 1514; x_wconf 96' lang='lat' dir='ltr'>in</span> <span class='ocrx_word' id='word_1_73' title='bbox 350 1454 489 1536; x_wconf 90' lang='lat' dir='ltr'>portum</span> <span class='ocrx_word' id='word_1_74' title='bbox 514 1462 584 1512; x_wconf 94' lang='lat' dir='ltr'>non</span> <span class='ocrx_word' id='word_1_75' title='bbox 609 1442 645 1510; x_wconf 93' lang='lat' dir='ltr'>in</span> <span class='ocrx_word' id='word_1_76' title='bbox 671 1443 851 1544; x_wconf 90' lang='lat' dir='ltr'>scopulum</span> <span class='ocrx_word' id='word_1_77' title='bbox 878 1441 959 1512; x_wconf 90' lang='lat' dir='ltr'>vehi</span> <span class='ocrx_word' id='word_1_78' title='bbox 984 1440 1124 1526; x_wconf 77' lang='lat' dir='ltr'>credaS,</span> <span class='ocrx_word' id='word_1_79' title='bbox 1147 1461 1262 1534; x_wconf 87' lang='lat' dir='ltr'>neque</span> 
     </span>
     <span class='ocr_line' id='line_1_11' title="bbox 177 1562 1259 1661; baseline -0.007 -22"><span class='ocrx_word' id='word_1_80' title='bbox 177 1568 282 1661; x_wconf 88' lang='lat' dir='ltr'>quod,</span> <span class='ocrx_word' id='word_1_81' title='bbox 299 1567 365 1636; x_wconf 90' lang='lat' dir='ltr'>etsi</span> <span class='ocrx_word' id='word_1_82' title='bbox 383 1567 512 1636; x_wconf 92' lang='lat' dir='ltr'>malum</span> <span class='ocrx_word' id='word_1_83' title='bbox 525 1572 630 1647; x_wconf 83' lang='lat' dir='ltr'>esset,</span> <span class='ocrx_word' id='word_1_84' title='bbox 653 1564 819 1635; x_wconf 89' lang='lat' dir='ltr'>declinari</span> <span class='ocrx_word' id='word_1_85' title='bbox 836 1563 956 1657; x_wconf 86' lang='lat' dir='ltr'>nequit</span> <span class='ocrx_word' id='word_1_86' title='bbox 968 1565 1175 1635; x_wconf 86' lang='lat' dir='ltr'>exhorreas.</span> <span class='ocrx_word' id='word_1_87' title='bbox 1191 1562 1259 1633; x_wconf 91' lang='lat' dir='ltr'>lbi-</span> 
     </span>
     <span class='ocr_line' id='line_1_12' title="bbox 179 1684 1260 1780; baseline -0.006 -21"><span class='ocrx_word' id='word_1_88' title='bbox 179 1709 257 1762; x_wconf 91' lang='lat' dir='ltr'>mus</span> <span class='ocrx_word' id='word_1_89' title='bbox 278 1685 419 1780; x_wconf 91' lang='lat' dir='ltr'>quidem</span> <span class='ocrx_word' id='word_1_90' title='bbox 439 1705 575 1756; x_wconf 89' lang='lat' dir='ltr'>omnes:</span> <span class='ocrx_word' id='word_1_91' title='bbox 597 1684 737 1755; x_wconf 82' lang='lat' dir='ltr'>ibimus</span> <span class='ocrx_word' id='word_1_92' title='bbox 762 1687 815 1755; x_wconf 88' lang='lat' dir='ltr'>lre</span> <span class='ocrx_word' id='word_1_93' title='bbox 836 1684 999 1755; x_wconf 90' lang='lat' dir='ltr'>omnibus</span> <span class='ocrx_word' id='word_1_94' title='bbox 1019 1692 1074 1756; x_wconf 90' lang='lat' dir='ltr'>est</span> <span class='ocrx_word' id='word_1_95' title='bbox 1099 1706 1260 1756; x_wconf 87' lang='lat' dir='ltr'>necesse:</span> 
     </span>
     <span class='ocr_line' id='line_1_13' title="bbox 180 1806 1262 1901; baseline -0.006 -17"><span class='ocrx_word' id='word_1_96' title='bbox 180 1811 243 1884; x_wconf 88' lang='lat' dir='ltr'>sed</span> <span class='ocrx_word' id='word_1_97' title='bbox 265 1809 390 1880; x_wconf 88' lang='lat' dir='ltr'>ibimus</span> <span class='ocrx_word' id='word_1_98' title='bbox 411 1808 589 1901; x_wconf 86' lang='lat' dir='ltr'>impavidi.</span> <span class='ocrx_word' id='word_1_99' title='bbox 612 1808 745 1879; x_wconf 87' lang='lat' dir='ltr'>Pavere</span> <span class='ocrx_word' id='word_1_100' title='bbox 770 1807 862 1879; x_wconf 91' lang='lat' dir='ltr'>enim</span> <span class='ocrx_word' id='word_1_101' title='bbox 883 1827 952 1878; x_wconf 93' lang='lat' dir='ltr'>non</span> <span class='ocrx_word' id='word_1_102' title='bbox 977 1817 1102 1879; x_wconf 91' lang='lat' dir='ltr'>natura</span> <span class='ocrx_word' id='word_1_103' title='bbox 1122 1807 1171 1877; x_wconf 87' lang='lat' dir='ltr'>rei</span> <span class='ocrx_word' id='word_1_104' title='bbox 1199 1806 1262 1878; x_wconf 91' lang='lat' dir='ltr'>sed</span> 
     </span>
     <span class='ocr_line' id='line_1_14' title="bbox 179 1929 1262 2027; baseline -0.006 -22"><span class='ocrx_word' id='word_1_105' title='bbox 179 1932 294 2027; x_wconf 94' lang='lat' dir='ltr'>opinio</span> <span class='ocrx_word' id='word_1_106' title='bbox 313 1941 367 2004; x_wconf 87' lang='lat' dir='ltr'>est</span> <span class='ocrx_word' id='word_1_107' title='bbox 387 1930 507 2015; x_wconf 92' lang='lat' dir='ltr'>animi,</span> <span class='ocrx_word' id='word_1_108' title='bbox 527 1953 595 2002; x_wconf 92' lang='lat' dir='ltr'>non</span> <span class='ocrx_word' id='word_1_109' title='bbox 615 1932 809 2002; x_wconf 90' lang='lat' dir='ltr'>communis</span> <span class='ocrx_word' id='word_1_110' title='bbox 829 1929 1002 2002; x_wconf 82' lang='lat' dir='ltr'>acerbitas</span> <span class='ocrx_word' id='word_1_111' title='bbox 1024 1931 1089 2001; x_wconf 90' lang='lat' dir='ltr'>sed</span> <span class='ocrx_word' id='word_1_112' title='bbox 1108 1929 1262 2000; x_wconf 89' lang='lat' dir='ltr'>imbecil-</span> 
     </span>
     <span class='ocr_line' id='line_1_15' title="bbox 179 2051 1261 2148; baseline -0.004 -22"><span class='ocrx_word' id='word_1_113' title='bbox 179 2057 257 2129; x_wconf 85' lang='lat' dir='ltr'>litas</span> <span class='ocrx_word' id='word_1_114' title='bbox 291 2057 524 2148; x_wconf 80' lang='lat' dir='ltr'>singulorum:</span> <span class='ocrx_word' id='word_1_115' title='bbox 550 2054 705 2146; x_wconf 91' lang='lat' dir='ltr'>alioquin</span> <span class='ocrx_word' id='word_1_116' title='bbox 731 2073 853 2125; x_wconf 88' lang='lat' dir='ltr'>omnes</span> <span class='ocrx_word' id='word_1_117' title='bbox 882 2051 1001 2147; x_wconf 91' lang='lat' dir='ltr'>pavidi</span> <span class='ocrx_word' id='word_1_118' title='bbox 1030 2063 1261 2124; x_wconf 91' lang='lat' dir='ltr'>morerentur.</span> 
     </span>
     <span class='ocr_line' id='line_1_16' title="bbox 178 2175 1262 2259; baseline -0.003 -9"><span class='ocrx_word' id='word_1_119' title='bbox 178 2181 249 2253; x_wconf 89' lang='lat' dir='ltr'>Nec</span> <span class='ocrx_word' id='word_1_120' title='bbox 268 2179 456 2251; x_wconf 91' lang='lat' dir='ltr'>incomitati</span> <span class='ocrx_word' id='word_1_121' title='bbox 477 2177 620 2248; x_wconf 90' lang='lat' dir='ltr'>ibimus:</span> <span class='ocrx_word' id='word_1_122' title='bbox 644 2199 665 2248; x_wconf 93' lang='lat' dir='ltr'>e</span> <span class='ocrx_word' id='word_1_123' title='bbox 685 2177 818 2248; x_wconf 89' lang='lat' dir='ltr'>cunctis</span> <span class='ocrx_word' id='word_1_124' title='bbox 839 2177 942 2247; x_wconf 88' lang='lat' dir='ltr'>terris</span> <span class='ocrx_word' id='word_1_125' title='bbox 960 2197 1002 2246; x_wconf 92' lang='lat' dir='ltr'>ac</span> <span class='ocrx_word' id='word_1_126' title='bbox 1019 2175 1159 2248; x_wconf 88' lang='lat' dir='ltr'>saeculis</span> <span class='ocrx_word' id='word_1_127' title='bbox 1172 2185 1262 2259; x_wconf 87' lang='lat' dir='ltr'>ante,</span> 
     </span>
     <span class='ocr_line' id='line_1_17' title="bbox 180 2291 1264 2390; baseline -0.004 -17"><span class='ocrx_word' id='word_1_128' title='bbox 180 2312 281 2385; x_wconf 91' lang='lat' dir='ltr'>retro,</span> <span class='ocrx_word' id='word_1_129' title='bbox 304 2303 434 2372; x_wconf 89' lang='lat' dir='ltr'>circum</span> <span class='ocrx_word' id='word_1_130' title='bbox 455 2297 845 2369; x_wconf 81' lang='lat' dir='ltr'>innumerabilis-turba</span> <span class='ocrx_word' id='word_1_131' title='bbox 866 2291 933 2382; x_wconf 89' lang='lat' dir='ltr'>est,</span> <span class='ocrx_word' id='word_1_132' title='bbox 949 2307 985 2368; x_wconf 87' lang='lat' dir='ltr'>et</span> <span class='ocrx_word' id='word_1_133' title='bbox 1010 2298 1069 2390; x_wconf 90' lang='lat' dir='ltr'>qui</span> <span class='ocrx_word' id='word_1_134' title='bbox 1090 2298 1161 2368; x_wconf 92' lang='lat' dir='ltr'>nati</span> <span class='ocrx_word' id='word_1_135' title='bbox 1183 2310 1264 2369; x_wconf 89' lang='lat' dir='ltr'>sunt</span> 
     </span>
     <span class='ocr_line' id='line_1_18' title="bbox 180 2417 1262 2518; baseline -0.006 -22"><span class='ocrx_word' id='word_1_136' title='bbox 180 2435 215 2496; x_wconf 86' lang='lat' dir='ltr'>et</span> <span class='ocrx_word' id='word_1_137' title='bbox 230 2423 291 2518; x_wconf 94' lang='lat' dir='ltr'>qui</span> <span class='ocrx_word' id='word_1_138' title='bbox 312 2432 500 2495; x_wconf 90' lang='lat' dir='ltr'>nascentur</span> <span class='ocrx_word' id='word_1_139' title='bbox 520 2420 672 2490; x_wconf 92' lang='lat' dir='ltr'>diversis</span> <span class='ocrx_word' id='word_1_140' title='bbox 692 2418 859 2509; x_wconf 82' lang='lat' dir='ltr'>gradibus</span> <span class='ocrx_word' id='word_1_141' title='bbox 881 2443 988 2490; x_wconf 93' lang='lat' dir='ltr'>unum</span> <span class='ocrx_word' id='word_1_142' title='bbox 1008 2417 1113 2489; x_wconf 87' lang='lat' dir='ltr'>linem</span> <span class='ocrx_word' id='word_1_143' title='bbox 1131 2427 1262 2512; x_wconf 88' lang='lat' dir='ltr'>petunt.</span> 
     </span>
     <span class='ocr_line' id='line_1_19' title="bbox 181 2540 1264 2639; baseline -0.004 -23"><span class='ocrx_word' id='word_1_144' title='bbox 181 2546 235 2616; x_wconf 84' lang='lat' dir='ltr'>Ab</span> <span class='ocrx_word' id='word_1_145' title='bbox 254 2566 405 2639; x_wconf 79' lang='lat' dir='ltr'>egressu</span> <span class='ocrx_word' id='word_1_146' title='bbox 427 2540 573 2612; x_wconf 89' lang='lat' dir='ltr'>materni</span> <span class='ocrx_word' id='word_1_147' title='bbox 594 2541 682 2612; x_wconf 87' lang='lat' dir='ltr'>uteri</span> <span class='ocrx_word' id='word_1_148' title='bbox 703 2562 824 2612; x_wconf 89' lang='lat' dir='ltr'>omnes</span> <span class='ocrx_word' id='word_1_149' title='bbox 851 2541 896 2613; x_wconf 90' lang='lat' dir='ltr'>ad</span> <span class='ocrx_word' id='word_1_150' title='bbox 921 2543 988 2614; x_wconf 90' lang='lat' dir='ltr'>hoo</span> <span class='ocrx_word' id='word_1_151' title='bbox 1014 2543 1079 2615; x_wconf 90' lang='lat' dir='ltr'>iter</span> <span class='ocrx_word' id='word_1_152' title='bbox 1099 2543 1264 2614; x_wconf 88' lang='lat' dir='ltr'>destinati</span> 
     </span>
     <span class='ocr_line' id='line_1_20' title="bbox 90 2664 1263 2759; baseline -0.008 -17"><span class='ocrx_word' id='word_1_153' title='bbox 90 2737 97 2742; x_wconf 87' lang='lat'>.</span> <span class='ocrx_word' id='word_1_154' title='bbox 181 2686 313 2739; x_wconf 92' lang='lat' dir='ltr'>sumus.</span> <span class='ocrx_word' id='word_1_155' title='bbox 342 2667 412 2735; x_wconf 92' lang='lat' dir='ltr'>Hos</span> <span class='ocrx_word' id='word_1_156' title='bbox 438 2664 534 2756; x_wconf 91' lang='lat' dir='ltr'>ipsos</span> <span class='ocrx_word' id='word_1_157' title='bbox 559 2665 617 2734; x_wconf 90' lang='lat' dir='ltr'>vel</span> <span class='ocrx_word' id='word_1_158' title='bbox 649 2671 753 2733; x_wconf 89' lang='lat' dir='ltr'>aetate</span> <span class='ocrx_word' id='word_1_159' title='bbox 780 2664 947 2750; x_wconf 92' lang='lat' dir='ltr'>tumidos,</span> <span class='ocrx_word' id='word_1_160' title='bbox 974 2669 1034 2737; x_wconf 91' lang='lat' dir='ltr'>vel</span> <span class='ocrx_word' id='word_1_161' title='bbox 1059 2687 1180 2758; x_wconf 77' lang='lat' dir='ltr'>regno,</span> <span class='ocrx_word' id='word_1_162' title='bbox 1203 2666 1263 2759; x_wconf 94' lang='lat' dir='ltr'>qui</span> 
     </span>
     <span class='ocr_line' id='line_1_21' title="bbox 182 2785 1265 2883; baseline -0.001 -23"><span class='ocrx_word' id='word_1_163' title='bbox 182 2785 388 2860; x_wconf 87' lang='lat' dir='ltr'>conditionis</span> <span class='ocrx_word' id='word_1_164' title='bbox 402 2785 497 2859; x_wconf 92' lang='lat' dir='ltr'>obliti</span> <span class='ocrx_word' id='word_1_165' title='bbox 514 2786 782 2858; x_wconf 87' lang='lat' dir='ltr'>immortalitatis</span> <span class='ocrx_word' id='word_1_166' title='bbox 802 2809 898 2883; x_wconf 91' lang='lat' dir='ltr'>spem</span> <span class='ocrx_word' id='word_1_167' title='bbox 917 2791 1073 2861; x_wconf 85' lang='lat' dir='ltr'>ventosis</span> <span class='ocrx_word' id='word_1_168' title='bbox 1088 2789 1265 2860; x_wconf 88' lang='lat' dir='ltr'>erroribus</span> 
     </span>
     <span class='ocr_line' id='line_1_22' title="bbox 182 2912 1264 3008; baseline 0.003 -26"><span class='ocrx_word' id='word_1_169' title='bbox 182 2919 431 3004; x_wconf 87' lang='lat' dir='ltr'>conceperunt,</span> <span class='ocrx_word' id='word_1_170' title='bbox 459 2912 517 2981; x_wconf 93' lang='lat' dir='ltr'>vel</span> <span class='ocrx_word' id='word_1_171' title='bbox 544 2912 644 3003; x_wconf 92' lang='lat' dir='ltr'>sequi</span> <span class='ocrx_word' id='word_1_172' title='bbox 670 2920 819 3003; x_wconf 92' lang='lat' dir='ltr'>oportet,</span> <span class='ocrx_word' id='word_1_173' title='bbox 838 2916 894 2983; x_wconf 89' lang='lat' dir='ltr'>vel</span> <span class='ocrx_word' id='word_1_174' title='bbox 920 2914 1133 3008; x_wconf 62' lang='lat' dir='ltr'>praecedere,</span> <span class='ocrx_word' id='word_1_175' title='bbox 1153 2936 1264 3007; x_wconf 85' lang='lat' dir='ltr'>eoque</span> 
     </span>
     <span class='ocr_line' id='line_1_23' title="bbox 183 3031 1264 3126; baseline 0.003 -26"><span class='ocrx_word' id='word_1_176' title='bbox 183 3031 342 3102; x_wconf 88' lang='lat' dir='ltr'>moestius</span> <span class='ocrx_word' id='word_1_177' title='bbox 362 3053 432 3124; x_wconf 92' lang='lat' dir='ltr'>quo</span> <span class='ocrx_word' id='word_1_178' title='bbox 452 3042 487 3103; x_wconf 89' lang='lat' dir='ltr'>et</span> <span class='ocrx_word' id='word_1_179' title='bbox 507 3032 643 3104; x_wconf 91' lang='lat' dir='ltr'>radices</span> <span class='ocrx_word' id='word_1_180' title='bbox 664 3034 720 3105; x_wconf 92' lang='lat' dir='ltr'>hic</span> <span class='ocrx_word' id='word_1_181' title='bbox 740 3035 843 3105; x_wconf 85' lang='lat' dir='ltr'>allius</span> <span class='ocrx_word' id='word_1_182' title='bbox 860 3045 1026 3126; x_wconf 78' lang='lat' dir='ltr'>egerunt,</span> <span class='ocrx_word' id='word_1_183' title='bbox 1045 3046 1079 3107; x_wconf 92' lang='lat' dir='ltr'>et</span> <span class='ocrx_word' id='word_1_184' title='bbox 1096 3036 1166 3108; x_wconf 91' lang='lat' dir='ltr'>illic</span> <span class='ocrx_word' id='word_1_185' title='bbox 1182 3036 1264 3108; x_wconf 90' lang='lat' dir='ltr'>culti</span> 
     </span>
     <span class='ocr_line' id='line_1_24' title="bbox 182 3154 1265 3250; baseline 0.004 -24"><span class='ocrx_word' id='word_1_186' title='bbox 182 3154 385 3250; x_wconf 88' lang='lat' dir='ltr'>provisiquc</span> <span class='ocrx_word' id='word_1_187' title='bbox 410 3154 525 3224; x_wconf 90' lang='lat' dir='ltr'>minus</span> <span class='ocrx_word' id='word_1_188' title='bbox 552 3166 616 3226; x_wconf 90' lang='lat' dir='ltr'>est.</span> <span class='ocrx_word' id='word_1_189' title='bbox 644 3156 879 3239; x_wconf 87' lang='lat' dir='ltr'>Quamobrem</span> <span class='ocrx_word' id='word_1_190' title='bbox 899 3179 979 3228; x_wconf 92' lang='lat' dir='ltr'>cum</span> <span class='ocrx_word' id='word_1_191' title='bbox 1000 3159 1155 3229; x_wconf 93' lang='lat' dir='ltr'>omnium</span> <span class='ocrx_word' id='word_1_192' title='bbox 1182 3159 1265 3230; x_wconf 84' lang='lat' dir='ltr'>vitae</span> 
     </span>
     <span class='ocr_line' id='line_1_25' title="bbox 184 3274 1265 3371; baseline 0.003 -24"><span class='ocrx_word' id='word_1_193' title='bbox 184 3276 263 3351; x_wconf 91' lang='lat' dir='ltr'>finis</span> <span class='ocrx_word' id='word_1_194' title='bbox 280 3275 392 3347; x_wconf 90' lang='lat' dir='ltr'>densa</span> <span class='ocrx_word' id='word_1_195' title='bbox 405 3274 500 3345; x_wconf 86' lang='lat' dir='ltr'>nube</span> <span class='ocrx_word' id='word_1_196' title='bbox 517 3275 669 3360; x_wconf 88' lang='lat' dir='ltr'>obsitus,</span> <span class='ocrx_word' id='word_1_197' title='bbox 688 3299 837 3371; x_wconf 92' lang='lat' dir='ltr'>cumque</span> <span class='ocrx_word' id='word_1_198' title='bbox 854 3279 1016 3351; x_wconf 92' lang='lat' dir='ltr'>omnibus</span> <span class='ocrx_word' id='word_1_199' title='bbox 1034 3291 1127 3352; x_wconf 88' lang='lat' dir='ltr'>certa</span> <span class='ocrx_word' id='word_1_200' title='bbox 1144 3300 1265 3352; x_wconf 88' lang='lat' dir='ltr'>neces-</span> 
     </span>
     <span class='ocr_line' id='line_1_26' title="bbox 185 3399 1262 3497; baseline 0.001 -26"><span class='ocrx_word' id='word_1_201' title='bbox 185 3402 284 3484; x_wconf 88' lang='lat' dir='ltr'>sitas,</span> <span class='ocrx_word' id='word_1_202' title='bbox 306 3399 392 3470; x_wconf 90' lang='lat' dir='ltr'>nulli</span> <span class='ocrx_word' id='word_1_203' title='bbox 413 3409 582 3493; x_wconf 86' lang='lat' dir='ltr'>praeterea</span> <span class='ocrx_word' id='word_1_204' title='bbox 607 3401 694 3470; x_wconf 90' lang='lat' dir='ltr'>certi</span> <span class='ocrx_word' id='word_1_205' title='bbox 719 3403 960 3496; x_wconf 88' lang='lat' dir='ltr'>exploratique</span> <span class='ocrx_word' id='word_1_206' title='bbox 987 3403 1177 3497; x_wconf 92' lang='lat' dir='ltr'>quidquam</span> <span class='ocrx_word' id='word_1_207' title='bbox 1203 3405 1262 3486; x_wconf 88' lang='lat' dir='ltr'>sit,</span> 
     </span>
     <span class='ocr_line' id='line_1_27' title="bbox 185 3521 1264 3619; baseline 0.001 -25"><span class='ocrx_word' id='word_1_208' title='bbox 185 3525 235 3594; x_wconf 92' lang='lat' dir='ltr'>sic</span> <span class='ocrx_word' id='word_1_209' title='bbox 256 3521 489 3594; x_wconf 87' lang='lat' dir='ltr'>instituendus</span> <span class='ocrx_word' id='word_1_210' title='bbox 507 3532 561 3591; x_wconf 89' lang='lat' dir='ltr'>est</span> <span class='ocrx_word' id='word_1_211' title='bbox 578 3521 729 3608; x_wconf 88' lang='lat' dir='ltr'>animus,</span> <span class='ocrx_word' id='word_1_212' title='bbox 744 3533 782 3594; x_wconf 93' lang='lat' dir='ltr'>nt</span> <span class='ocrx_word' id='word_1_213' title='bbox 798 3526 863 3597; x_wconf 94' lang='lat' dir='ltr'>boc</span> <span class='ocrx_word' id='word_1_214' title='bbox 876 3526 954 3619; x_wconf 88' lang='lat' dir='ltr'>ipso</span> <span class='ocrx_word' id='word_1_215' title='bbox 970 3525 1027 3597; x_wconf 89' lang='lat' dir='ltr'>die</span> <span class='ocrx_word' id='word_1_216' title='bbox 1045 3525 1264 3619; x_wconf 90' lang='lat' dir='ltr'>tranquillius</span> 
     </span>
     <span class='ocr_line' id='line_1_28' title="bbox 185 3643 1263 3740; baseline 0.002 -26"><span class='ocrx_word' id='word_1_217' title='bbox 185 3654 360 3737; x_wconf 86' lang='lat' dir='ltr'>expectet,</span> <span class='ocrx_word' id='word_1_218' title='bbox 384 3643 504 3715; x_wconf 76' lang='lat' dir='ltr'>ethai:</span> <span class='ocrx_word' id='word_1_219' title='bbox 525 3643 601 3737; x_wconf 92' lang='lat' dir='ltr'>ipsa</span> <span class='ocrx_word' id='word_1_220' title='bbox 622 3644 708 3716; x_wconf 89' lang='lat' dir='ltr'>bora</span> <span class='ocrx_word' id='word_1_221' title='bbox 728 3647 898 3740; x_wconf 89' lang='lat' dir='ltr'>quidquid</span> <span class='ocrx_word' id='word_1_222' title='bbox 919 3649 1073 3720; x_wconf 92' lang='lat' dir='ltr'>omnium</span> <span class='ocrx_word' id='word_1_223' title='bbox 1094 3669 1263 3720; x_wconf 93' lang='lat' dir='ltr'>annorum</span> 
     </span>
     <span class='ocr_line' id='line_1_29' title="bbox 186 3768 1265 3870; baseline 0.002 -32"><span class='ocrx_word' id='word_1_224' title='bbox 186 3768 296 3840; x_wconf 88' lang='lat' dir='ltr'>series</span> <span class='ocrx_word' id='word_1_225' title='bbox 321 3768 482 3838; x_wconf 90' lang='lat' dir='ltr'>minatur.</span> <span class='ocrx_word' id='word_1_226' title='bbox 506 3768 592 3838; x_wconf 91' lang='lat' dir='ltr'>Nam</span> <span class='ocrx_word' id='word_1_227' title='bbox 617 3768 717 3859; x_wconf 91' lang='lat' dir='ltr'>quid,</span> <span class='ocrx_word' id='word_1_228' title='bbox 745 3789 806 3840; x_wconf 88' lang='lat' dir='ltr'>oro</span> <span class='ocrx_word' id='word_1_229' title='bbox 833 3780 890 3870; x_wconf 56' lang='lat' dir='ltr'>te„</span> <span class='ocrx_word' id='word_1_230' title='bbox 909 3773 1009 3843; x_wconf 83' lang='lat' dir='ltr'>refert</span> <span class='ocrx_word' id='word_1_231' title='bbox 1030 3770 1132 3842; x_wconf 90' lang='lat' dir='ltr'>bodie</span> <span class='ocrx_word' id='word_1_232' title='bbox 1152 3792 1196 3842; x_wconf 90' lang='lat' dir='ltr'>ne</span> <span class='ocrx_word' id='word_1_233' title='bbox 1220 3791 1265 3841; x_wconf 89' lang='lat' dir='ltr'>an</span> 
     </span>
     <span class='ocr_line' id='line_1_30' title="bbox 187 3889 1265 3987; baseline 0.005 -28"><span class='ocrx_word' id='word_1_234' title='bbox 187 3909 279 3973; x_wconf 69' lang='lat' dir='ltr'>cras</span> <span class='ocrx_word' id='word_1_235' title='bbox 295 3912 339 3961; x_wconf 92' lang='lat' dir='ltr'>an</span> <span class='ocrx_word' id='word_1_236' title='bbox 358 3911 444 3962; x_wconf 89' lang='lat' dir='ltr'>vero</span> <span class='ocrx_word' id='word_1_237' title='bbox 465 3913 556 3962; x_wconf 91' lang='lat' dir='ltr'>nunc</span> <span class='ocrx_word' id='word_1_238' title='bbox 573 3889 642 3974; x_wconf 86' lang='lat' dir='ltr'>fiat,</span> <span class='ocrx_word' id='word_1_239' title='bbox 665 3914 709 3962; x_wconf 91' lang='lat' dir='ltr'>an</span> <span class='ocrx_word' id='word_1_240' title='bbox 725 3892 936 3965; x_wconf 88' lang='lat' dir='ltr'>tardiuscule</span> <span class='ocrx_word' id='word_1_241' title='bbox 952 3894 1047 3987; x_wconf 93' lang='lat' dir='ltr'>quod</span> <span class='ocrx_word' id='word_1_242' title='bbox 1065 3893 1184 3986; x_wconf 88' lang='lat' dir='ltr'>utique</span> <span class='ocrx_word' id='word_1_243' title='bbox 1197 3894 1265 3964; x_wconf 92' lang='lat' dir='ltr'>cito</span> 
     </span>
     <span class='ocr_line' id='line_1_31' title="bbox 187 4008 1267 4110; baseline 0.004 -28"><span class='ocrx_word' id='word_1_244' title='bbox 187 4008 262 4082; x_wconf 89' lang='lat' dir='ltr'>fieri</span> <span class='ocrx_word' id='word_1_245' title='bbox 282 4022 431 4104; x_wconf 86' lang='lat' dir='ltr'>oportet,</span> <span class='ocrx_word' id='word_1_246' title='bbox 451 4034 564 4106; x_wconf 87' lang='lat' dir='ltr'>usque</span> <span class='ocrx_word' id='word_1_247' title='bbox 584 4013 672 4085; x_wconf 91' lang='lat' dir='ltr'>adeo</span> <span class='ocrx_word' id='word_1_248' title='bbox 692 4016 786 4108; x_wconf 91' lang='lat' dir='ltr'>quod</span> <span class='ocrx_word' id='word_1_249' title='bbox 807 4015 1028 4110; x_wconf 28' lang='lat' dir='ltr'>impossibile·</span> <span class='ocrx_word' id='word_1_250' title='bbox 1043 4018 1088 4089; x_wconf 89' lang='lat' dir='ltr'>sit</span> <span class='ocrx_word' id='word_1_251' title='bbox 1112 4016 1267 4089; x_wconf 78' lang='lat' dir='ltr'>differri?</span> 
     </span>
     <span class='ocr_line' id='line_1_32' title="bbox 188 4133 1266 4235; baseline 0.007 -33"><span class='ocrx_word' id='word_1_252' title='bbox 188 4133 269 4204; x_wconf 89' lang='lat' dir='ltr'>llaec</span> <span class='ocrx_word' id='word_1_253' title='bbox 290 4133 506 4226; x_wconf 80' lang='lat' dir='ltr'>subterfugia</span> <span class='ocrx_word' id='word_1_254' title='bbox 526 4145 562 4208; x_wconf 89' lang='lat' dir='ltr'>ot</span> <span class='ocrx_word' id='word_1_255' title='bbox 587 4136 650 4209; x_wconf 92' lang='lat' dir='ltr'>bas</span> <span class='ocrx_word' id='word_1_256' title='bbox 672 4142 824 4212; x_wconf 92' lang='lat' dir='ltr'>morulas</span> <span class='ocrx_word' id='word_1_257' title='bbox 850 4138 1004 4212; x_wconf 87' lang='lat' dir='ltr'>humana</span> <span class='ocrx_word' id='word_1_258' title='bbox 1032 4141 1266 4235; x_wconf 86' lang='lat' dir='ltr'>nequidquam</span> 
     </span>
    </p>
   </div>
   <div class='ocr_carea' id='block_1_3' title="bbox 0 0 1415 4656">
    <p class='ocr_par' dir='ltr' id='par_1_3' title="bbox 0 0 1415 4656">
     <span class='ocr_line' id='line_1_33' title="bbox 0 0 1415 4656; baseline 0 0"><span class='ocrx_word' id='word_1_259' title='bbox 0 0 1415 4656; x_wconf 95' lang='lat' dir='ltr'> </span> 
     </span>
    </p>
   </div>
  </div>
 </body>
</html>
