2934 4650
238 306 295 368 36⁰2
694 319 853 368 vanrlanu

236 465 411 557 operaris:
435 465 548 534 iustos
572 472 608 533 el
632 460 743 535 bonus
769 461 927 554 sequeris
949 483 1011 555 per
1027 484 1129 536 omne
1155 473 1311 557 lempna,

234 587 312 682 pius
332 589 367 657 in
386 586 547 670 consiliis,
570 587 684 659 iustus
701 587 736 657 in
756 587 917 658 omnibus
936 585 1102 679 operibus
1122 588 1203 659 tuis.
1220 589 1314 659 Con-

234 721 382 783 stantem
399 711 434 780 in
455 710 568 781 animo
588 719 622 782 te
641 721 735 781 certe
755 710 827 781 noti
844 711 972 780 serunt:
991 709 1080 780 felici
1112 718 1205 781 statu
1238 732 1313 782 uon
1340 803 1343 811 ι

233 835 377 907 exaltari
395 833 554 906 adversis
575 832 759 909 eventibus
780 834 903 904 sortem
933 854 1002 904 non
1035 832 1241 925 depressum
1273 841 1311 902 te

234 955 396 1028 reddere:
417 954 649 1027 fortitudinem
671 976 712 1025 ac
727 955 890 1025 virtutem
911 953 1073 1025 omnibus
1092 953 1311 1046 temporibus

233 1081 395 1151 invictam
434 1080 483 1151 sic
520 1100 669 1151 servans
701 1078 912 1170 agnosceris
942 1076 1151 1149 Declamaris
1191 1076 1312 1174 animo

234 1202 341 1296 probo
375 1224 498 1273 revera
527 1201 664 1296 publica
684 1204 854 1295 longaque
882 1203 974 1274 fama
999 1199 1201 1294 intrepidus,
1236 1219 1309 1272 nou

232 1325 415 1410 remissus
431 1346 500 1395 non
512 1347 637 1396 vecors
647 1325 772 1397 diceris
787 1346 964 1418 apparere.
979 1325 1102 1395 Sancta
1124 1321 1306 1407 modestia,
1404 1327 1406 1330 ’
1423 1412 1427 1420 ¹

232 1452 332 1542 pulsa
362 1448 620 1540 gastrimargia,
640 1450 815 1540 fungeris3
845 1447 1064 1530 castimonia,
1099 1446 1226 1518 reiecta
1256 1447 1310 1516 la-

234 1568 350 1650 scivia,
365 1567 557 1640 delectaris,
567 1571 808 1663 Temperatum
825 1570 859 1639 in
877 1567 996 1641 verbis
1011 1576 1046 1639 et
1059 1567 1204 1653 actibus
1218 1568 1308 1639 cibis

233 1700 268 1761 el
284 1690 422 1784 potibus
441 1702 475 1762 te
495 1690 552 1760 die
573 1713 613 1762 ao
633 1701 732 1761 nocte
752 1688 888 1784 experti
909 1688 1123 1760 manifestius
1140 1697 1310 1761 attestan-

233 1824 298 1883 tur.
320 1815 391 1884 Deo
411 1823 515 1906 atque
536 1812 734 1885 bominibus
756 1822 854 1904 grata
876 1813 911 1882 in
938 1809 1099 1897 omnibus
1122 1819 1309 1902 operatua

232 1944 359 2029 patent.
386 1935 564 2007 Meditaris
595 1955 677 2005 nam
704 1935 831 2026 iugiter
860 1934 1024 2027 quodque
1060 1934 1112 2004 fas
1144 1931 1312 2025 quodque

231 2062 344 2142 nefas
366 2067 400 2130 el
418 2079 547 2151 purgas
569 2057 718 2129 animam
742 2059 832 2128 mala
852 2060 947 2129 faece.
969 2053 1116 2126 Felicem
1137 2054 1173 2126 iu
1191 2054 1310 2145 gradi-

232 2182 298 2254 bus
317 2181 465 2273 singulis
486 2182 601 2254 dicere
618 2181 735 2252 malim
754 2190 786 2251 te
806 2179 1023 2274 probandum
1046 2198 1199 2253 consona
1217 2178 1311 2250 veri-

233 2315 301 2376 tate
321 2325 430 2396 regno
446 2304 698 2395 dignissimum·
711 2304 989 2395 indignissimum
1007 2323 1098 2374 rure.

624 2777 802 2843 EPISTOLA
828 2779 921 2844 XXIV.

348 2940 544 2991 rntncrscus
564 2942 732 2994 Parauaea
752 2944 885 2993 rourum
906 2945 1045 2994 ruarmo
1065 2945 1090 2993 s.
1111 2945 1140 2994 r.
1161 2945 1192 2994 n.

337 3087 377 3141 Dc
391 3087 509 3159 hospilio
522 3087 574 3143 sibi
588 3106 604 3144 a
618 3091 729 3145 domino
745 3091 803 3145 eius
817 3090 968 3146 liberaliter
978 3091 1095 3147 Mantuae
1107 3089 1198 3147 oblato

608 3183 741 3237 maximas
755 3182 856 3253 gratias
869 3182 932 3253 agit.

329 3419 518 3493 Iucundum
546 3421 581 3491 in
613 3436 790 3516 stuporem
829 3434 888 3494 tua
921 3445 977 3493 me
1013 3424 1118 3494 vertit
1150 3423 1308 3515 epistola.

232 3544 317 3627 Quis
342 3545 433 3615 enim
461 3567 529 3615 non
553 3543 699 3615 miretur
728 3555 762 3616 et
794 3545 956 3636 gaudeat,
985 3553 1088 3616 aetate
1113 3543 1308 3637 praeserlim

232 3666 325 3739 unde
349 3669 545 3758 tam-longe
578 3669 691 3739 virtus
722 3671 854 3753 exulat,
888 3667 946 3740 ubi
979 3680 1050 3739 tam
1082 3669 1149 3739 lale
1184 3675 1309 3758 regnat

232 3792 392 3876 avaritia,
415 3792 563 3884 potentis
581 3790 730 3863 animum
750 3792 894 3887 reperiri
911 3803 946 3864 et
966 3791 1136 3866 libertatis
1156 3790 1307 3860 amicum

231 3924 266 3986 et
277 3916 466 4009 principum
481 3914 726 3987 modernorum
740 3914 894 3987 moribus
906 3935 1077 4008 generosa
1094 3914 1310 3986 contumacia

233 4037 483 4110 rebellantem?
500 4038 638 4132 Loquor
663 4039 707 4110 de
727 4041 900 4111 communi
921 4030 1070 4123 domino,
1098 4037 1197 4112 cuius
1214 4058 1308 4108 nunc

232 4169 266 4230 et
283 4181 375 4255 saepe
396 4164 481 4234 alias
504 4163 649 4256 insignis
669 4144 900 4238 munificentia
920 4164 1088 4259 cupientis
1109 4166 1186 4237 licet
1200 4162 1308 4235 animi
