2804 4656
92 287 151 348 als
218 352 221 359 ,
432 297 473 344 nn
495 297 596 345 nunus
616 295 838 344 rrurnmnrnus
872 341 875 346 .

70 526 72 528 v
94 446 187 518 ornni
208 464 313 538 opere
334 439 550 531 consilioque
569 449 604 510 cl
629 432 819 510 verborum
841 439 988 510 stimulis
1017 441 1175 511 attollere

92 579 261 660 coeperat,
293 562 513 644 familiariter,
538 570 575 633 ut
600 559 766 644 solebam,
795 559 952 632 scribens
972 560 1007 630 in
1027 561 1177 654 epistola

93 691 261 784 quadam,
279 709 360 780 quae
381 707 446 781 pro
467 686 601 756 ratione
620 683 786 775 temporis
801 685 836 754 in
850 684 961 776 prima
977 684 1051 753 acie
1066 694 1173 764 stans

93 815 213 908 procul
233 811 323 880 hanc
343 809 458 902 praeit,
480 808 631 897 ingenue
650 810 829 899 professus
850 827 928 876 sum
949 805 1101 899 cmpisse
1120 827 1176 877 me

93 937 161 1006 iam
184 943 267 1004 tunc
286 931 430 1001 orientis
455 929 539 999 vitae
563 931 682 1020 fugam
709 950 922 1022 cursumque
949 949 1174 1020 cognoscere.

92 1059 191 1131 Nunc
210 1064 325 1147 autem
347 1053 453 1122 miror
478 1051 640 1143 quidem;
664 1051 725 1122 sed
745 1054 863 1136 faleor,
886 1074 1010 1122 verum
1038 1049 1173 1144 scripsi.

93 1178 194 1261 Quod
216 1177 246 1246 si
267 1175 323 1244 illa
341 1183 445 1243 aetate
462 1196 587 1244 verum
604 1174 681 1256 fuit,
700 1173 786 1265 quid
799 1194 889 1243 nunc
903 1181 1021 1264 putas,
1034 1171 1177 1265 quando

92 1300 188 1394 quod
220 1294 473 1392 praesagiebam
504 1295 649 1366 accidit?
674 1295 758 1364 Erat
783 1294 818 1363 in
845 1295 954 1365 oculis
983 1295 1067 1362 mibi
1088 1303 1176 1363 aelas

92 1421 338 1495 florentissima
371 1419 560 1509 lumenque
592 1417 747 1486 iuventae
783 1438 1014 1508 purpureum,
1054 1425 1093 1487 ut
1129 1415 1178 1485 ait
1277 1406 1285 1426 ⁶

93 1547 198 1615 Maro.
221 1541 290 1613 Sed
310 1538 471 1631 legebam
492 1538 586 1632 apud
606 1539 784 1609 Flaccum:

254 1740 405 1817 Insperata
421 1743 484 1798 tuae
502 1751 573 1798 cum
589 1735 692 1797 veniet
707 1735 811 1813 pluma
828 1737 995 1816 superbia,

253 1839 303 1913 Et,
321 1853 390 1914 quae
407 1850 487 1897 nunc
504 1834 643 1896 humeris
659 1834 834 1910 involitant,
852 1835 1023 1898 deciderint
1040 1849 1154 1912 come,

255 1936 340 1997 Nunc
357 1940 387 1995 et
404 1933 458 2011 qui
473 1933 557 1995 color
573 1939 619 1995 est
635 1931 773 2011 puniceae
789 1934 867 1994 flore
882 1933 969 2012 prior
985 1949 1066 1995 rosae

254 2033 399 2107 Mutatus,
416 2031 601 2109 Ligurinum
617 2031 649 2091 in
666 2030 777 2094 faciem
794 2030 926 2091 verterit
942 2029 1112 2109 hispidam:

254 2131 355 2194 Dices:
376 2131 437 2192 beu
455 2129 607 2209 (quotiens
621 2135 651 2191 te
668 2129 699 2191 in
717 2128 839 2206 speculo
857 2129 975 2191 videris
992 2127 1139 2207 alterurn)

256 2226 330 2300 Quae
347 2243 435 2289 mens
453 2233 498 2287 est
513 2226 620 2302 hodie,
639 2243 694 2289 cur
711 2228 817 2290 eadem
834 2243 895 2288 non
911 2242 1006 2304 puero
1023 2226 1105 2288 fuit‘l

255 2324 309 2387 Vel
326 2330 382 2387 cur
398 2325 446 2387 his
463 2322 573 2386 animis
590 2324 758 2387 incolumes
774 2341 833 2386 non
852 2323 979 2386 redeunt
996 2325 1102 2402 genae‘l

101 2505 277 2597 Legebam
300 2505 392 2599 apud
414 2506 519 2576 alium
538 2507 750 2598 Satyricum:

460 2693 592 2755 Festinat
608 2694 691 2754 enim
707 2696 874 2760 decurrere
892 2699 983 2762 velox

257 2791 412 2853 Flosculus
429 2796 564 2868 angustae
584 2790 770 2869 miseraeque
786 2793 970 2858 brevissima
987 2796 1060 2858 vitae

257 2887 378 2962 Portio;
397 2887 471 2948 dum
487 2887 638 2963 bibimus,
656 2889 730 2950 dum
748 2895 843 2966 serta,
863 2899 1033 2969 unguenta,
1050 2892 1166 2972 puellas

258 2985 432 3061 Poscimus,
450 2985 570 3065 obrepit
586 3003 647 3049 non
664 2987 813 3050 intellecta
829 2996 979 3052 senectus.

103 3134 186 3203 Haec
206 3133 315 3204 ethis
338 3134 464 3203 similia
490 3135 666 3225 legebam,
701 3159 771 3208 non
803 3148 842 3208 ut
875 3160 951 3209 mos
984 3141 1098 3211 aetatis
1126 3152 1181 3211 est

99 3256 191 3326 illius
214 3255 277 3324 soli
297 3255 435 3325 inhians
457 3259 698 3346 grammaticae
727 3270 763 3331 et
798 3259 985 3333 verborum
1017 3261 1176 3344 artificio,

101 3378 163 3450 sed
185 3378 302 3448 nescio
328 3377 412 3470 quid
437 3379 530 3449 aliud
556 3379 624 3450 illic
656 3380 814 3453 abditum
849 3382 1058 3476 intelligens,
1085 3385 1182 3476 quod

100 3525 170 3574 non
203 3503 307 3573 modo
334 3501 579 3595 condiscipuli,
609 3503 672 3574 sed
697 3526 762 3574 nee
787 3507 955 3596 magister
976 3507 1181 3590 attenderet,

100 3625 329 3719 primitiarum
350 3626 429 3694 licet
449 3626 575 3695 artium
601 3625 724 3695 doctus
751 3626 817 3696 vir.
844 3627 1037 3699 Audiebam
1062 3629 1183 3700 divino

100 3748 305 3819 clamantem
328 3769 389 3819 ore
406 3747 588 3837 Virgilium
605 3777 612 3817 ι

262 3911 383 3990 Optima
402 3927 532 3989 quaeque
546 3882 752 3976 diesmiseris
768 3915 948 3980 mortalibus
965 3920 1025 3981 aevi

261 4008 364 4069 Prima
380 4008 471 4084 fugit,
490 4009 619 4071 subeunt
635 4011 751 4087 morbi,
771 4012 929 4090 tristisque
947 4021 1101 4093 senectus,

265 4108 302 4170 Et
318 4105 413 4181 labor,
431 4113 460 4168 et
476 4108 562 4172 durae
579 4110 657 4188 rapit
674 4110 863 4174 inclementia
880 4115 1000 4177 mortis.
