2738 4680
248 327 342 374 Lmen
363 327 528 376 VlCESlllUS
549 328 721 379 SECUNDUS.
735 289 936 379 -ssllPlsrotn
958 332 1019 379 xlv.
1113 317 1171 380 175

86 475 131 545 ad
156 474 321 544 Senatum
350 472 396 543 ab
419 471 612 543 Hannibale
634 470 731 542 missi
757 484 875 556 erant,
905 494 969 566 pro
995 459 1186 548 redimen?

85 599 140 669 dis
172 620 235 669 seu
268 594 508 692 permutandis
542 595 704 690 captivis,
741 595 915 689 iuratique
949 617 1005 682 se,
1038 598 1104 667 nisi
1135 598 1169 668 id

86 725 333 816 impetrassent
354 740 573 801 reversuros,
596 742 676 791 cum
696 721 753 789 vel
776 741 867 790 uuus
888 740 1009 791 eorum
1034 725 1104 806 vel,
1131 734 1169 795 ut

85 847 139 917 alii
166 848 305 930 volunt,
328 866 470 930 omnes,
507 845 656 938 peractis
690 844 863 915 mandatis
898 845 933 913 in
967 844 1054 917 urhe
1076 849 1167 920 taciti

86 971 352 1054 remansissent,
376 991 395 1040 a
423 969 550 1039 Senatu
578 968 623 1039 ad
648 966 875 1038 Hannibalern
903 979 986 1039 sunt
1011 972 1167 1055 remissi;

86 1082 342 1184 utque‘horum
374 1113 415 1163 ae
449 1090 613 1161 similium
647 1092 743 1161 lraus
778 1090 853 1161 iure
886 1092 1164 1184 reprelienditur,

86 1210 135 1278 sic
167 1208 276 1280 Attilii
309 1209 432 1300 Reguli
467 1217 623 1302 spectata
662 1229 775 1299 usque
808 1206 852 1277 ad
887 1208 1165 1283 crudelissimam

85 1341 229 1402 mortem
253 1331 355 1413 fides
377 1331 569 1402 cumomni
591 1329 756 1422 temporis
776 1329 992 1422 perennitate
1010 1334 1167 1406 laudabi-

84 1465 148 1526 tur.
170 1457 318 1546 Namut
343 1456 479 1527 hostem
501 1454 608 1525 armis
631 1456 772 1525 vincere
798 1457 1020 1548 praeclarum,
1043 1479 1166 1550 quam-

84 1602 186 1672 quam
202 1580 328 1673 pietate
342 1579 559 1672 praeclarius,
574 1579 624 1648 sic
641 1580 772 1660 fallere,
788 1578 856 1649 nisi
872 1577 1004 1650 bellicis
1019 1581 1164 1662 artibus,

85 1713 182 1795 turpe
201 1714 268 1774 est.
292 1705 432 1773 Possem
456 1723 548 1773 nunc
568 1712 769 1779 exterarum
796 1702 974 1774 nationum
1002 1708 1165 1798 exempla

84 1827 287 1912 subtexere,
320 1826 383 1897 sed
411 1847 523 1917 neque
548 1848 615 1916 ego
648 1825 741 1896 hune
763 1848 959 1897 sermonem
982 1830 1165 1918 ingressus

82 1949 222 2021 alterius
241 1972 345 2042 quarn
364 1950 530 2019 Romanae
551 1949 683 2019 militiae
706 1949 913 2020 mentionem
941 1950 1022 2036 feci,
1050 1975 1165 2043 neque

84 2075 148 2143 ulla
167 2093 272 2164 gens,
295 2070 389 2164 quod
407 2094 490 2164 paee
513 2071 666 2143 omnium
689 2070 851 2153 dixerim,
881 2073 947 2143 hoc
973 2073 1008 2143 in
1034 2096 1164 2164 genere

81 2195 200 2283 gloriae
216 2217 277 2288 par
290 2197 448 2267 occurrit.
461 2196 505 2266 lis
520 2197 553 2265 in
569 2194 692 2266 castris
711 2196 884 2265 enutritus
900 2197 997 2266 miles
1010 2200 1164 2290 atqueiis

81 2318 235 2411 imperiis
262 2320 481 2389 assuefactus
506 2318 700 2399 exercitus,
724 2316 806 2408 quid
823 2340 970 2410 usquam
988 2327 1055 2389 tam
1074 2319 1164 2391 diffi-

82 2442 143 2513 cile
165 2443 295 2534 reperit
315 2441 410 2534 quod
428 2463 495 2512 non
515 2450 712 2534 superaret,
732 2440 816 2533 quid
841 2453 907 2511 tam
922 2440 1050 2514 durum
1067 2444 1162 2536 quod

84 2587 149 2636 non
183 2566 376 2656 frangeret,
412 2564 497 2657 quid
520 2573 590 2634 tam
623 2567 729 2636 altum
763 2586 834 2657 quo
859 2587 929 2636 non
953 2568 1163 2639 scanderet?

77 2691 196 2785 Omnia
215 2689 372 2781 expertis
395 2688 476 2759 noui
490 2688 588 2772 nihil,
603 2688 760 2781 nihilque
786 2689 1000 2760 formidolosi
1026 2690 1160 2765 accidit.

76 2812 302 2908 Experientia
323 2823 435 2883 mater
456 2821 512 2882 est
532 2811 676 2895 artium,
697 2824 732 2883 et
752 2812 969 2883 consuetudo
987 2813 1160 2885 discrimi-

76 2960 155 3008 num
182 2946 315 3007 metum
343 2935 479 3029 premit.
508 2936 607 3006 Nulla
632 2958 679 3006 ex
705 2934 747 3004 iis
773 2936 859 3005 viris
891 2938 1035 3008 collecta
1066 2937 1160 3010 acies

76 3083 182 3152 parva
203 3071 290 3130 erat.
312 3061 398 3132 Nam
420 3062 516 3153 quod
538 3082 685 3131 numero
705 3060 885 3142 defuisset,
905 3069 941 3132 et
961 3059 1160 3135 obedientia

75 3185 221 3256 militum
246 3194 282 3256 et
307 3185 473 3256 maiestas
499 3184 628 3257 ducum
654 3196 689 3256 et
717 3194 946 3287 utrorumque
972 3188 1027 3257 vis
1054 3187 1159 3256 animi

74 3309 350 3401 exercitatioque
379 3321 414 3379 et
452 3308 523 3378 vita
550 3308 663 3379 carior
696 3330 904 3401 semperque
934 3332 998 3382 ceu
1029 3333 1159 3381 numen
1226 3295 1229 3302 ’

73 3432 213 3525 aliquod
245 3435 337 3504 culta
363 3432 554 3505 castrensis
581 3432 761 3525 disciplina
789 3434 1022 3526 suppleverat.
1050 3433 1158 3503 Tubae

73 3558 223 3648 signum,
240 3578 303 3627 seu
317 3556 350 3626 in
367 3557 523 3649 praelium
541 3556 725 3627 excitantis
743 3576 806 3626 seu
819 3555 973 3648 receptui
987 3555 1155 3637 canentis

73 3689 110 3750 ut
130 3701 234 3751 nemo
262 3690 332 3750 tarn
360 3680 490 3769 surdus
515 3679 574 3772 qui
601 3702 670 3750 non
697 3680 846 3761 audiret,
878 3663 1057 3748 sicnemo
1085 3684 1155 3747 tam

73 3803 180 3876 hebes
200 3803 261 3896 qui
283 3826 353 3884 non
374 3803 594 3893 intelligeret,
618 3825 722 3875 nemo
745 3812 814 3872 tam
838 3801 957 3892 segnis
977 3822 1037 3871 seu
1069 3800 1157 3870 timi-

71 3925 155 4011 dus,
170 3927 232 4021 qui
250 3949 318 3998 non
336 3926 428 3997 dicto
446 3927 548 3998 citius
566 3936 812 4020 exequeretur.
831 3925 940 3995 Simul
962 3926 997 3994 in
1019 3924 1153 3995 hostem

73 4050 238 4137 ruebant,
266 4051 371 4121 simul
403 4048 655 4133 subsistebant,
691 4049 794 4120 simul
830 4046 1013 4132 feriebant,
1052 4048 1154 4117 simul

71 4177 140 4246 acie
155 4173 378 4247 excedebant
396 4200 402 4242 :
422 4174 544 4263 ingens
565 4173 669 4244 unitae
687 4170 828 4244 virtutis
849 4169 1004 4243 efficacia
1025 4182 1094 4257 est,
1118 4182 1154 4242 et
