2992 4664
183 268 240 328 352
640 287 800 335 vastarunt

184 430 266 490 suut
303 422 491 495 amantium
534 410 702 512 querelae,
740 442 847 514 quam
886 419 992 490 verba
1029 419 1270 504 brevissima,

183 553 311 632 quanta
338 541 618 612 discordantibus
652 540 771 611 verbis
803 541 997 611 animorum
1033 542 1144 635 soleat
1186 564 1272 625 esse

184 664 375 735 concordia.
418 664 712 755 Memineramque
755 662 952 733 Terentiani
999 663 1089 735 illius
1132 664 1269 735 verbi:

185 785 376 856 Amantium
396 789 639 879 irur'nteprutt'o
657 787 777 885 umoris
805 796 858 854 est.
882 786 943 854 His
964 796 1069 878 atque
1090 785 1167 856 aliis
1189 809 1272 879 per-

186 908 410 980 suasionibus
428 911 462 979 iu
486 910 646 1001 opinione
671 907 843 1002 persisto,
872 918 910 976 ut
935 931 1004 979 non
1030 909 1128 978 facile
1153 909 1271 978 oredi-

184 1030 294 1101 derim
309 1032 402 1123 quod
417 1031 538 1103 mulier
560 1032 663 1102 tantis
678 1030 895 1102 circumfulta
915 1030 1122 1115 virtutihus·
1135 1030 1170 1109 iu
1193 1041 1270 1102 tan-

186 1166 255 1226 tam
274 1136 457 1226 laberetur
473 1154 658 1235 insaniam,
686 1162 726 1223 ut
749 1174 924 1245 quemque
950 1165 1170 1247 praeponeret
1203 1153 1267 1236 illi,

185 1279 238 1349 cui
254 1300 388 1349 morum
407 1278 604 1368 integritate
619 1299 683 1348 seu
696 1277 779 1348 vitae
792 1277 978 1348 dulcedine
992 1278 1142 1359 nullum,
1162 1297 1268 1366 quem

185 1422 251 1492 ego
264 1400 405 1491 quidem
425 1401 582 1470 noverim
601 1400 711 1470 nostri
730 1399 906 1491 temporis,
921 1408 1044 1469 natura
1059 1399 1266 1490 praeposuit;

186 1521 279 1615 quod
300 1523 395 1592 illum
419 1523 517 1615 parvi
538 1499 728 1615 penderet.
755 1543 827 1614 quo
847 1543 915 1592 nou
939 1524 1013 1592 sola
1032 1522 1156 1593 civitas
1177 1521 1265 1604 haec,
1346 1580 1351 1591 .

186 1644 250 1715 sed
270 1645 382 1716 omnis
403 1645 500 1716 ltalia
527 1646 716 1736 gloriatur:
752 1645 787 1714 in
824 1643 925 1715 cuius
956 1644 1171 1716 serenissimi
1196 1647 1270 1716 oris

177 1753 387 1861 'adspectum
403 1768 542 1839 inhians
557 1768 767 1839 scholarium
791 1766 893 1838 turha
913 1767 1149 1859 suspenditur,
1165 1791 1269 1859 quem

187 1912 256 1962 non
278 1890 423 1982 segnius
445 1902 627 1984 stupentes
649 1890 895 1961 advocatorum
911 1890 1149 1960 Parmensium
1172 1889 1268 1960 chori

187 2003 264 2083 oum
288 2013 510 2085 veneratione
532 2011 739 2105 suspiciunt,
755 2033 859 2102 quam
878 2011 958 2080 olim
978 2023 1038 2082 aut
1052 2012 1159 2082 Roma
1180 2014 1270 2084 Mar-

187 2157 264 2205 cum
289 2136 436 2206 Tullium
466 2135 683 2219 Ciceronem,
712 2145 771 2207 aut
796 2133 1065 2204 Demosthenem
1094 2135 1268 2206 miraban-

188 2268 244 2326 tur
265 2256 411 2329 Athenae
436 2256 659 2326 moderantem
690 2261 783 2348 pleur'
803 2239 921 2346 ‘herro
940 2258 1066 2326 theatri.
1092 2259 1148 2328 Sic
1175 2261 1269 2328 enim

187 2380 232 2450 de
254 2380 311 2451 illo
333 2379 500 2472 scriptum
524 2380 682 2468 legimus.
701 2380 822 2449 Ponite
844 2379 949 2470 igitur
967 2390 1112 2464 metum,
1131 2401 1267 2472 quaeso,

188 2503 223 2570 ui
245 2500 461 2592 impossihile
483 2500 528 2571 sit
548 2501 693 2570 amanti:
715 2510 750 2569 et
775 2500 910 2593 siquid
936 2496 1096 2574 fortasse
1111 2504 1201 2573 inter
1222 2514 1271 2575 tot

187 2623 353 2692 virtutum
375 2622 489 2691 radios
504 2621 642 2691 vidistis
663 2620 862 2706 obscurius
885 2626 1036 2715 cogitate
1055 2625 1089 2695 id
1109 2646 1178 2696 uon
1201 2638 1269 2696 tarn

187 2767 233 2825 ex
250 2742 378 2814 illibata
412 2765 527 2815 rerum
555 2744 703 2833 veritate
728 2767 834 2835 quam
862 2768 907 2816 ex
935 2747 1119 2817 tenerrime
1153 2751 1269 2818 zelan-

188 2868 231 2937 tis
253 2867 499 2939 delioatissimo
529 2866 655 2939 iudicio
681 2867 906 2959 processisse.
929 2871 964 2939 Si
985 2870 1070 2961 quid
1091 2890 1176 2941 sane
1203 2870 1270 2940 sihi

187 2992 242 3060 vel
265 2993 392 3072 aetatiS‚
409 2992 464 3061 vel
478 2991 630 3062 consciae
649 2991 769 3060 lormae
790 2990 951 3061 lascivire
972 2995 1162 3094 permittat,
1185 2994 1271 3065 citra

188 3125 303 3183 tamen
320 3115 423 3183 laruae
445 3114 643 3205 rubiginem
663 3127 698 3183 et
718 3112 896 3205 pudicitiae
918 3116 1103 3198 laesionem,
1125 3116 1221 3209 quod
1236 3128 1273 3187 et

187 3233 386 3304 in'Claudia
412 3233 607 3305 clarissima
632 3236 759 3307 lomina
788 3238 944 3308 severior
971 3238 1157 3308 excusavit
1182 3239 1273 3310 anti-

188 3356 320 3448 quitas,
340 3365 376 3426 et
397 3341 516 3424 Caesar
535 3352 719 3446 Augustus
742 3360 819 3429 tulit
841 3359 873 3426 in
895 3357 981 3440 filia,
1002 3359 1052 3430 sic
1072 3359 1173 3430 vohis
1196 3361 1272 3431 iure

188 3478 328 3572 proprio
341 3487 376 3548 et
391 3475 521 3569 siquid
540 3481 663 3548 oculos
682 3490 820 3550 vestros
834 3480 1018 3550 offenderit
1038 3501 1214 3566 accusare,
1236 3491 1273 3551 et

188 3600 274 3670 mihi
300 3601 359 3692 qui
383 3602 440 3669 vel
476 3599 585 3670 iudex
620 3602 792 3671 communi
824 3603 974 3694 partium
1003 3623 1189 3684 consensu,
1216 3604 1270 3682 vel

189 3730 364 3816 spectator
381 3725 698 3814 extrapalaestram
721 3721 825 3793 huius
847 3722 919 3793 ludi
942 3723 1058 3805 sedec,
1079 3744 1147 3792 non
1164 3723 1273 3816 inter·

188 3843 315 3915 dicitur
335 3845 390 3914 vel
416 3864 462 3912 ex
484 3841 626 3913 arbitrio
653 3863 729 3912 meo
748 3843 855 3935 loqui,
883 3846 940 3914 vel
970 3864 1120 3935 aequam,
1157 3822 1185 3912 si
1220 3841 1272 3912 sie

188 3965 256 4034 dici
281 3960 407 4048 debet,
435 3966 589 4063 prolerre
622 3965 840 4035 senteutiam.
868 3966 1041 4036 Hactenus
1079 3962 1155 4034 haec
1187 3983 1270 4055 pro-

190 4085 283 4158 saico
302 4108 463 4159 sermone
481 4086 721 4181 processerint·
751 4087 805 4158 Ad
821 4086 984 4159 carminis
1008 4095 1125 4159 autem
1146 4085 1268 4174 iugum
