2934 4650
578 302 730 352 nnlsrom
751 304 823 351 xxv.
1181 286 1236 349 aet

167 451 288 526 amieis
307 450 352 522 de
373 448 479 522 rebus
509 451 597 521 meis
622 451 797 536 omuibus,
820 450 865 522 de
890 451 1018 543 quibus
1050 452 1123 523 baec
1148 472 1239 544 prae·

167 577 280 669 cipua,
304 574 517 646 satisfactum
540 575 663 669 cupi03
685 594 765 667 quae
784 573 868 647 milri
893 595 978 646 eura
999 573 1237 667 frequentibus

167 697 355 770 amicorum
391 694 513 768 litteris
541 698 657 769 excita
690 697 847 791 suggerit
879 705 918 767 ut
949 720 1056 789 quum
1095 698 1238 790 singulis

167 823 378 919 respondere
389 821 525 894 difficile
541 835 606 905 est,
626 844 736 916 eoque
750 821 860 912 magis
872 821 968 914 quod
988 823 1023 891 iu
1037 844 1139 893 uuam
1158 842 1239 892 sen-

168 945 310 1018 tentiam
330 946 426 1016 multi
447 962 544 1038 -saepe
565 944 777 1029 coincidunt,
798 944 899 1014 simul
916 942 1079 1016 omnibus
1097 965 1239 1038 respon·
1303 1018 1307 1026 ,

168 1067 286 1153 deam,
305 1079 340 1138 et
356 1068 400 1139 de
417 1066 549 1139 ratione
565 1070 648 1140 vitae
666 1089 754 1138 meae
772 1070 906 1158 integro
923 1068 1099 1138 volumine
1119 1067 1239 1160 dispu-

170 1200 247 1273 tem,
261 1191 354 1284 quod
367 1201 448 1262 ante
460 1213 525 1274 me,
540 1201 579 1263 ut
591 1189 749 1272 arbitror,
765 1191 845 1262 fecit
857 1212 970 1262 nemo.
985 1191 1054 1263 Sed
1067 1190 1151 1282 quid
1161 1190 1239 1260 vis?

170 1313 267 1384 Nunc
292 1311 465 1403 intelligo:
501 1334 648 1404 maguus
680 1311 777 1384 labor
801 1322 857 1382 est
887 1312 1017 1384 vivere.
1040 1311 1140 1393 Quod
1159 1331 1239 1405 pro-

171 1436 303 1508 ximum
320 1438 352 1506 iu
369 1437 436 1506 tuis
451 1435 573 1507 litteris
586 1447 661 1508 erat
672 1435 928 1526 elegantissime
945 1433 1127 1517 cavillaris,
1145 1434 1239 1525 quod

111 1622 112 1628 ,
168 1560 369 1631 aCioerone
386 1558 528 1642 scilicet,
543 1557 610 1630 etsi
626 1581 696 1629 non
713 1579 862 1641 merear,
876 1570 1016 1652 propter
1028 1556 1240 1627 coniunctio-

170 1703 250 1753 nem
280 1690 393 1754 tameu
425 1680 566 1751 nimiam
598 1683 705 1752 laesus
743 1681 832 1751 sim:
858 1679 1115 1767 coniunctiores
1146 1679 1238 1750 enim

61 1846 63 1849 ·
173 1825 267 1899 saepe
285 1824 362 1886 nos,
380 1813 418 1874 ut
433 1803 508 1899 ipse
526 1804 591 1886 ais,
614 1803 790 1888 infestant,
809 1826 997 1896 rarumque
1013 1815 1068 1874 est
1083 1801 1186 1873 valde
1202 1811 1239 1872 et

172 1927 346 2000 insolitum
373 1937 410 1998 ut
437 1926 542 1997 Indus
568 1926 759 2018 Hispanum
789 1925 902 1997 laedat.
933 1926 989 1997 Sic
1019 1936 1073 1997 est
1100 1925 1237 2017 utique3

173 2051 263 2122 unde
282 2050 320 2121 fit
340 2060 378 2121 ut
400 2049 662 2122 Atheniensium
683 2061 718 2122 et
737 2051 1024 2123 Lacedaemouum
1049 2049 1137 2120 bella
1155 2048 1237 2118 dum

171 2170 331 2264 legimus,
354 2183 388 2244 et
408 2181 527 2244 nostra
542 2195 619 2244 cum
642 2174 813 2267 proximis
845 2172 927 2244 dum
957 2172 1143 2255 cernimus,
1171 2192 1239 2242 nou

171 2296 346 2381 miremur,
372 2299 549 2391 multoque
578 2297 692 2370 miuus
713 2296 802 2368 bella
826 2296 938 2368 civilia
967 2304 1153 2388 motusque
1177 2293 1240 2364 do-

168 2420 346 2501 mesticos,
373 2439 462 2512 quos
492 2419 578 2491 adeo
604 2443 671 2492 non
697 2419 871 2490 mirabiles
894 2439 980 2491 usus
1005 2418 1097 2501 fecit,
1129 2425 1167 2486 ut
1195 2416 1240 2487 sit

170 2546 284 2637 potius
305 2542 486 2615 concordia
500 2544 575 2637 ipsa
589 2544 765 2617 mirabilis.
788 2544 833 2615 At
852 2543 935 2614 dum
954 2539 1105 2637 Scythiae
1123 2559 1239 2630 regem

171 2667 334 2763 AEgyptio
353 2669 426 2759 regi
452 2679 726 2752 concurrentem,
749 2669 835 2740 dum
860 2666 1097 2737 Alexandrum
1128 2663 1241 2734 Mace·

171 2788 296 2860 donem
316 2789 423 2862 Indiae
439 2791 554 2861 ultima
568 2802 806 2884 penetrantem
823 2790 980 2880 legimus,
995 2800 1116 2882 stupor
1133 2787 1238 2870 subit,

172 2935 276 3004 quem
293 2915 328 2982 iu
345 2915 475 2984 nostris
492 2914 645 2986 historiis
668 2911 884 2986 cousuetudo
913 2911 1094 2983 notissima
1111 2921 1147 2982 et
1163 2932 1241 3003 spe-

174 3040 264 3104 ctata
280 3035 474 3126 longinquis
492 3034 775 3128 expeditionibus
791 3054 933 3104 romana
950 3033 1062 3105 virtus
1080 3034 1239 3105 extinxit.

174 3156 244 3226 Hac
265 3167 302 3226 tn
320 3155 426 3247 igitur
445 3166 518 3229 arte
539 3180 594 3229 me
616 3158 752 3240 solaris,
777 3155 872 3250 quod
897 3157 941 3228 ab
961 3158 1044 3251 ipso,
1066 3179 1136 3250 quo
1158 3180 1240 3228 oum

173 3279 358 3373 percupide
374 3302 504 3366 versor,
524 3281 684 3354 Cicerone
702 3281 767 3352 sim
785 3280 934 3352 offensus
946 3303 1050 3373 quem
1065 3302 1240 3374 nunquam

173 3403 411 3495 Hippocrates,
430 3426 606 3497 nunquam
627 3404 834 3476 albumasar
858 3405 1007 3477 offendet
1024 3414 1062 3475 ut
1076 3422 1238 3495 auguror.

174 3525 242 3596 Sed
267 3537 304 3597 ut
323 3526 462 3598 omissis
487 3527 571 3600 iocis
595 3551 667 3600 rem
690 3529 799 3621 ipsam
822 3530 922 3620 plano
944 3528 1093 3610 noveris,
1113 3507 1240 3597 vulbns

173 3647 262 3727 illud
276 3648 536 3720 Ciceronianum
554 3650 598 3722 de
616 3672 685 3742 quo
702 3650 820 3722 ludere
842 3651 1003 3733 solebam,
1019 3648 1137 3720 ludum
1157 3647 1241 3719 mibi

173 3773 279 3843 vertit
293 3773 331 3842 iu
344 3773 484 3843 luctum.
500 3773 621 3845 Parum
636 3774 754 3845 deerat
770 3775 851 3844 anni
868 3774 995 3845 circulo
1012 3771 1095 3844 dum
1112 3773 1147 3841 iu
1165 3771 1240 3842 dies

174 3897 274 3988 peius
293 3894 439 3978 babens,
463 3895 551 3968 inter
569 3897 675 3968 taedia
695 3907 730 3967 et
750 3918 909 3988 angores
929 3897 1017 3968 inter
1039 3894 1189 3967 medicos
1207 3905 1243 3966 et

174 4020 325 4090 lumenta
349 4040 579 4091 senescerem.
608 4018 661 4090 Ad
676 4029 906 4107 ¹entremum,
934 4018 1018 4090 dum
1044 4039 1113 4089 nou
1139 4017 1241 4090 modo

176 4142 318 4227 fastidii,
343 4145 405 4216 sed
426 4144 509 4218 vitae
528 4167 668 4238 quoque
689 4157 875 4239 pertaesum
897 4153 1002 4228 essct,
1037 4143 1146 4217 statui
1166 4143 1242 4215 sine
