2738 4680
563 332 603 379 ΒΕ
625 331 726 380 REBUS
748 330 969 380 rnultltnmus

646 650 823 716 EPISTOLA
842 652 877 712 Χ.

352 836 545 887 rnnncrscus
567 837 737 887 rsrnancn
757 836 854 886 usuro
876 832 1029 885 noniano
1050 835 1077 885 s.
1099 838 1126 886 r.
1145 838 1175 886 u.

223 1006 357 1061 Hortatur
368 1010 400 1060 ut
411 1004 595 1060 valetudinem
609 1010 703 1073 curet,
717 1009 868 1074 narratque
883 1018 1015 1073 magnum
1032 1001 1171 1057 Ciceronis
1183 1004 1306 1058 codicem

311 1096 341 1150 in
354 1097 455 1150 laevum
469 1113 533 1150 crus
546 1112 628 1150 suum
643 1095 731 1149 semel
744 1095 902 1166 iterumque
913 1092 1057 1161 incidisse,
1073 1098 1101 1148 et
1112 1095 1230 1148 vulnere
1242 1093 1306 1148 inde

312 1191 423 1258 accepto
439 1201 468 1240 se
483 1184 574 1239 adhuc
589 1183 724 1238 laborare.

322 1444 466 1513 Gratum
493 1442 592 1513 utin
612 1443 712 1514 malis
733 1439 839 1514 habui
868 1440 963 1535 quod
993 1439 1117 1512 adme
1143 1440 1308 1511 convale-

227 1567 370 1639 scentiae
388 1577 459 1637 tuae
480 1566 702 1659 priusquam
722 1565 943 1659 aegritudinis
964 1566 1056 1635 fama
1082 1564 1215 1655 perlata
1241 1573 1305 1633 est.

225 1693 297 1762 Deo
318 1690 461 1782 gratias,
493 1689 552 1782 qui
580 1691 732 1760 minatur
761 1689 920 1761 crebrius
942 1709 1048 1782 quam
1073 1688 1166 1770 ferit,
1195 1694 1309 1758 tonat-

226 1835 295 1906 que
316 1811 447 1904 saepius
467 1835 571 1905 quam
593 1813 765 1896 fulminat,
786 1821 822 1883 et
843 1833 938 1905 saepe
964 1832 1028 1881 nos
1054 1809 1207 1883 concutit
1238 1830 1307 1880 non

227 1944 266 2006 ut
285 1934 440 2020 deiiciat,
463 1936 526 2006 sed
544 1945 582 2007 ut
596 1932 728 2020 firmet,
747 1947 950 2029 nostraeque
967 1932 1176 2005 conditionis
1188 1933 1309 2005 admo

226 2068 317 2130 neat.
339 2058 474 2131 Nullius
496 2082 648 2152 uuquam
666 2059 775 2152 patris
795 2058 905 2151 pietas
928 2066 1024 2128 tanta
1043 2056 1122 2142 luit,
1145 2076 1228 2150 quae
1248 2078 1309 2149 pa-

228 2164 290 2252 tris
311 2180 435 2252 aeterni
454 2183 577 2252 collata
599 2180 803 2263 clementiae,
827 2200 894 2251 non
917 2181 1105 2263 severitas,
1127 2179 1197 2249 imo
1222 2198 1309 2248 vero

227 2305 415 2377 crudelitas
438 2304 625 2376 videretur.
644 2304 741 2376 Hanc
762 2303 819 2375 ille
838 2304 1056 2375 clementiam
1078 2301 1113 2371 in
1132 2300 1234 2373 nobis
1256 2300 1311 2372 iu-

228 2430 326 2518 giter,
342 2437 378 2498 et
392 2449 486 2521 saepe
507 2450 574 2499 non
596 2427 824 2501 sentientibus
841 2427 943 2500 nobis
959 2439 1112 2500 exercet.
1131 2429 1240 2500 Cuius
1258 2426 1310 2499 in-

229 2551 402 2622 termissio
424 2550 454 2620 si
486 2552 556 2622 ulla
585 2562 691 2638 esset,
722 2573 787 2624 nos
816 2553 901 2623 nihil
933 2573 1108 2623 essemus:
1137 2549 1201 2621 sed
1227 2562 1309 2623 tunc

227 2675 448 2768 conspectius
465 2675 595 2748 eminet
615 2677 754 2769 quando
771 2677 871 2768 gravi
891 2675 1053 2769 cuiquam
1071 2675 1309 2768 praesentique

227 2797 381 2889 periculo
398 2798 576 2892 eripimur.
594 2802 639 2872 Et
661 2800 818 2886 ubinam,
844 2819 981 2892 quaeso,
1005 2797 1211 2870 mortalibus
1238 2821 1309 2870 nou

228 2941 336 3012 grave
371 2944 510 3017 semper
543 2944 773 3017 praesensque
805 2924 1020 3017 periculum?
1048 2922 1119 2992 Nec
1153 2943 1308 3015 unquam

227 3054 337 3128 certe,
359 3066 423 3117 nec
443 3069 592 3139 usquam
604 3046 679 3118 siue
692 3048 844 3140 periculo
861 3044 1028 3116 vivimus.
1042 3043 1119 3116 Etsi
1132 3043 1308 3116 interdum

228 3164 354 3235 alicubi
387 3166 461 3236 sine
494 3168 637 3261 periculi
671 3169 869 3264 suspicione
891 3168 1068 3253 vivamus,
1090 3189 1154 3260 par
1179 3167 1309 3261 ubique

226 3289 435 3383 periculum,
456 3310 527 3359 non
552 3312 614 3383 par
639 3299 765 3362 metus.
792 3292 892 3365 Unde
925 3291 964 3362 fit
996 3301 1035 3363 ut
1064 3312 1134 3362 non
1169 3311 1309 3386 semper

228 3411 383 3505 periculo
398 3411 533 3483 liberati
554 3414 685 3504 gratias
710 3437 872 3506 agamus,
900 3416 1011 3509 ignari
1034 3416 1165 3487 scilicet
1190 3436 1309 3487 rerum

228 3544 264 3604 et
281 3535 408 3626 ingrati
422 3537 558 3621 salutiS,
581 3547 619 3608 ut
635 3538 732 3609 Maro
749 3541 808 3610 ait:
827 3539 982 3633 alioquin
999 3561 1178 3633 nunquam
1196 3559 1307 3623 mens,

229 3680 406 3752 nunquam
427 3659 547 3751 lingua
567 3671 738 3747 cessaret,
766 3686 943 3756 nunquam
976 3672 1139 3736 cessante
1171 3662 1309 3734 miseri-

229 3781 356 3853 cordia.
380 3783 589 3878 Compresso
609 3797 726 3858 autem
746 3797 843 3858 metu
862 3787 978 3879 aliquo
995 3787 1136 3878 insigni,
1155 3795 1228 3857 tum
1248 3787 1309 3858 de-

228 3922 325 3974 mum
356 3915 474 3998 grates
505 3907 658 3999 agimus,
682 3918 754 3980 tum
776 3919 859 3981 vota
884 3912 1132 4004 persolvimus.
1151 3911 1218 3982 Pro
1244 3909 1308 3981 hac

229 4046 335 4097 causa
352 4038 387 4099 et
403 4038 440 4100 tu
457 4053 549 4102 nunc
564 4032 599 4103 in
617 4036 755 4127 propria
776 4043 812 4104 et
832 4056 900 4127 ego
920 4036 954 4106 iu
977 4035 1075 4125 amici
1100 4037 1214 4106 salute
1237 4033 1306 4107 voti

229 4168 310 4220 reus
338 4170 432 4236 sum,
466 4174 534 4224 uon
562 4156 713 4248 profanis
736 4166 896 4229 extorum
920 4159 1051 4243 sacris,
1088 4156 1151 4228 sed
1178 4154 1309 4228 sacrifi-
