2730 4680
302 327 394 374 rtrauu
417 327 807 376 rrerrsruus-amsrom
830 330 894 377 xru.
1100 317 1140 382 li»,

62 467 181 538 mentio
197 475 270 550 est,
293 473 329 536 at
350 466 476 535 factum
498 464 598 547 illud,
613 465 886 558 quodquoniam
910 467 1014 538 valde
1030 468 1140 562 probo

60 612 149 683 saepe
170 609 423 671 commemoro,
449 587 642 660 Alexandri
670 589 884 674 Macedonia,
912 591 973 682 qui
999 591 1079 662 licet
1104 593 1139 661 in

59 712 197 805 reliquis
211 712 407 783 temeritate
420 711 605 805 praecipiti,
621 712 656 780 in
672 711 738 782 hoc
753 733 823 782 uno
836 713 1031 784 constantia
1045 724 1139 785 tanta

13 890 14 894 ,
58 836 129 920 luit,
145 835 243 927 quod
264 858 344 906 cum
366 856 463 926 aeger
480 835 526 905 ab
543 835 656 907 amico
674 835 811 906 medico
830 846 1059 929 temperatum
1079 860 1140 931 po·

57 961 166 1031 culum
196 968 421 1052 accepturus,
450 960 588 1030 interim
616 981 684 1030 non
710 958 962 1051 cuiuscumque
990 960 1139 1032 bominis

59 1083 115 1153 sed
129 1082 250 1174 magni
265 1083 408 1153 alterius
426 1082 528 1153 amici
546 1083 679 1152 litteras
697 1082 905 1175 accepisset,
925 1081 1054 1175 quibus
1068 1106 1140 1154 me-

58 1205 117 1276 dici
137 1207 233 1276 illius
254 1207 289 1276 in
310 1227 429 1276 necem
455 1227 555 1281 suam
570 1208 679 1277 multo
696 1227 783 1278 auro
800 1206 845 1278 ab
865 1207 968 1279 hoste
986 1209 1140 1300 corrupti

58 1349 179 1400 cavere
198 1332 328 1401 veneni
342 1330 488 1401 insidias
507 1330 725 1415 monebatur,
742 1331 876 1403 litteras
890 1330 1031 1423 quidem
1047 1333 1137 1424 legit,

59 1458 85 1526 a't
103 1477 178 1525 rem
189 1454 320 1548 pressit
332 1454 442 1525 donec
454 1452 513 1546 qui
528 1451 760 1525 accusabatur
775 1476 838 1545 pro
851 1454 1042 1538 ministerio
1056 1476 1140 1524 exe-

59 1577 194 1668 quendo
216 1578 250 1646 in
270 1576 469 1649 cubiculum
491 1578 583 1669 regis
607 1578 783 1669 ingresse,
812 1576 901 1648 illico
931 1599 996 1648 rex
1021 1600 1139 1650 assur-

60 1723 139 1791 gens
161 1713 199 1772 et
216 1702 305 1771 laeva
324 1702 456 1772 litteras
472 1713 609 1785 tenens,
623 1701 748 1772 dextra
763 1704 923 1795 poculum
939 1702 1140 1772 incunctan-

60 1831 104 1891 ter
124 1821 288 1914 arripuit,
311 1831 417 1914 atque
438 1821 556 1893 hausit
576 1821 760 1914 intrepide,
793 1823 1031 1914 legendasque
1056 1845 1137 1894 mox

60 1944 185 2016 litteras
208 1944 383 2018 innocenti
405 1946 627 2041 stupentique
650 1946 785 2018 medico
805 1944 923 2017 dedit:
944 1945 1072 2037 dignus
1094 1947 1140 2018 ob

60 2066 117 2140 loc
137 2070 256 2163 ipsum
280 2069 339 2161 qui
361 2081 399 2141 ut
420 2077 516 2154 tunc,
532 2074 589 2140 vsic
608 2091 745 2162 semper
767 2090 909 2140 suorum
931 2066 976 2138 ab
1003 2069 1138 2141 insidiis

61 2202 148 2264 lutus
175 2203 284 2263 esset.
313 2193 388 2263 Huc
408 2191 525 2286 itaque
548 2214 620 2263 rem
642 2190 792 2272 deduco,
823 2200 861 2261 ut
885 2192 986 2262 amici
1007 2192 1137 2263 crimen

61 2319 176 2389 audire
204 2318 294 2388 velle
323 2329 436 2410 turpe,
466 2316 609 2389 credere
632 2336 718 2388 vero
746 2337 864 2410 posse,
895 2316 1137 2408 turpissimum

61 2441 251 2513 ostendam.
273 2442 318 2511 Et
343 2441 503 2534 quisquis
530 2441 563 2509 in
595 2441 693 2511 amici
729 2439 800 2511 vita
836 2438 939 2511 fidem
973 2438 1138 2510 delatoris

61 2568 252 2648 examinat,
269 2565 343 2658 ipse
361 2566 430 2635 iam
450 2567 547 2635 laesae
567 2565 728 2636 amicitiae
753 2585 835 2634 rcus
861 2574 926 2635 est.
955 2563 1024 2633 Sed
1050 2563 1135 2632 heu!

61 2711 106 2760 me
127 2690 298 2759 miserum
326 2710 430 2780 quam
459 2687 596 2759 difficile
616 2688 787 2778 qrraeritur
804 2687 916 2758 omnis
942 2686 1024 2757 vitae
1044 2684 1139 2756 dele·

60 2814 171 2895 rtati0,
196 2832 303 2904 quam
326 2811 424 2881 facile
444 2809 610 2902 perditur.
626 2812 663 2880 lu
679 2813 751 2881 sola
763 2809 901 2902 quidem
917 2809 1065 2881 amicitia
1080 2831 1140 2902 pa—

62 2959 127 3007 rum
143 2938 284 3008 faustus
300 2937 475 3015 Socrates,
500 2935 533 3002 in
554 2956 624 3026 qua
646 2943 684 3004 ut
703 2933 854 3004 maxime
874 2935 958 3004 felix
975 2942 1083 3014 esset,
1106 2944 1141 3003 et

60 3061 216 3131 amicitiae
230 3059 383 3130 studium
398 3070 435 3128 et
447 3058 530 3129 vitm
548 3058 729 3149 integritas
751 3050 991 3128 merebantur
1009 3057 1139 3148 Viginti

60 3196 128 3256 octo
151 3186 255 3256 annis
281 3184 430 3276 amplius
457 3181 588 3252 amavit
613 3194 661 3265 te,
690 3180 783 3274 quod
810 3192 936 3273 praeter
967 3191 999 3251 te
1033 3203 1139 3251 unum

10 3365 12 3372 Α
61 3331 156 3380 nemo
175 3329 233 3378 me
255 3307 379 3377 melius
398 3304 509 3389 novit,
526 3317 563 3376 ut
582 3328 671 3376 unus
686 3304 824 3387 nebulo,
838 3327 907 3375 una
921 3305 1005 3376 lrora
1022 3306 1141 3398 paucis

62 3440 87 3501 te
107 3432 175 3502 sibi
197 3429 296 3502 falsis
316 3429 434 3500 verbis
453 3429 621 3520 eriperet,
636 3427 863 3533 neceriperet
879 3429 995 3511 modo,
1017 3427 1080 3498 sed
1097 3426 1141 3496 de

63 3557 166 3627 amico
187 3566 224 3626 et
245 3556 352 3625 lralrc
373 3552 577 3624 dulcissimo
603 3551 728 3624 durum
756 3552 890 3624 bostem
915 3553 1073 3622 laceret?
1093 3550 1142 3618 lla

64 3679 204 3764 veniam,
223 3683 345 3761 frater,
365 3699 432 3748 non
452 3677 573 3748 debuit
592 3678 658 3749 hoc
679 3677 836 3748 accidere
855 3697 958 3769 posse
976 3697 1031 3745 me
1048 3673 1140 3756 vive,

66 3812 182 3872 utnon
204 3800 311 3871 modo
330 3801 405 3870 sine
425 3820 549 3883 causa,
574 3797 636 3870 sed
657 3797 875 3889 quantalibet
896 3817 1037 3888 quoque
1062 3817 1141 3866 cum

66 3938 176 4005 causa,
200 3928 298 3989 tanta
319 3919 499 3990 distractio
526 3916 626 3988 lieret
651 3919 861 4000 animorum,
888 3933 977 4007 quos
1002 3925 1038 3985 et
1065 3936 1144 4006 pro-

68 4043 130 4130 prio
144 4066 264 4116 amore
278 4042 481 4114 coniunctos
500 4050 535 4112 et
553 4040 652 4111 visco
670 4063 759 4112 meae
781 4037 1032 4110 recordationis
1050 4037 1144 4109 inse-

70 4169 231 4253 parabiles
254 4166 459 4239 arbitrabar
490 4166 586 4236 Nunc
612 4166 695 4257 quid
723 4187 839 4255 agam,
870 4166 982 4249 irater,
1012 4164 1142 4243 nescio,
