2934 4650
558 296 712 346 nrrsrotn
734 297 866 346 ιιιιιιιιιι.
1178 283 1234 347 llll

156 452 192 516 et
211 441 262 514 tui
285 439 549 513 sollicitudinem
568 439 662 533 apud
680 448 712 510 te
730 438 949 530 potissimum
970 437 1143 532 deponam
1161 442 1236 515 sine

157 567 226 638 ulla
251 562 491 657 responsionis
519 573 588 635 tuae
618 583 691 654 spe.
726 563 824 634 Hanc
850 560 957 646 enirn,
985 563 1105 647 fateor,
1133 565 1236 657 cupio

157 687 272 780 potius
292 708 395 779 quam
417 695 599 778 expectem
619 685 708 756 inter
726 693 839 755 tantas
856 694 892 756 et
910 694 979 754 tam
999 685 1114 757 varias
1132 702 1235 759 curas

157 818 248 880 tuas.
282 809 355 880 Hoc
384 806 491 897 igitur
516 805 664 899 primunr
693 805 765 875 scio
785 814 819 874 te
840 804 874 874 in
896 805 1066 878 altissima
1093 810 1234 901 specula

156 929 394 1014 constitutum,
412 950 476 999 nec
499 929 658 1000 italorum
678 938 823 1012 tantum,
840 926 903 999 sed
921 927 1075 1000 omnium
1093 929 1234 1011 omnino

156 1054 367 1136 mortalium,
404 1073 518 1144 neque
542 1072 663 1122 eorum
691 1048 793 1135 modo
822 1048 883 1140 qni
917 1071 1009 1121 nunc
1042 1062 1137 1135 sunt,
1170 1050 1232 1124 sed

155 1197 274 1246 eorum
299 1174 403 1240 etiam
425 1169 485 1261 qni
506 1169 667 1240 omnibus
689 1169 827 1241 saeculis
848 1181 1047 1256 nascentur,
1075 1175 1232 1268 aspectui

155 1290 350 1384 iudicioque
367 1313 406 1362 ae
421 1290 640 1363 sermonibus
661 1293 883 1384 expositum:
901 1316 991 1366 onus
1012 1295 1148 1388 ingens,
1168 1268 1231 1376 sed

154 1417 372 1507 praeclarum,
391 1423 427 1484 et
443 1413 724 1508 pulcherrimum,
740 1415 805 1486 sed
826 1416 1014 1507 singularis
1035 1431 1071 1491 et
1090 1421 1232 1511 gloriosi

152 1536 291 1627 negotii
303 1538 513 1630 suscepisse.
536 1536 720 1629 Nunquam
740 1547 772 1607 to
789 1558 947 1632 praesens
962 1549 1059 1625 aetas,
1081 1552 1118 1612 ut
1134 1564 1228 1628 reor,

154 1681 330 1755 nunquam
351 1662 537 1753 posteritas
565 1657 687 1729 silebit.
717 1660 889 1732 Caeterum
918 1683 1099 1735 sermones
1121 1665 1230 1739 homi-

154 1804 237 1851 num
258 1805 320 1876 pro
343 1782 615 1873 uniuscuiusque
638 1781 781 1853 libidine
807 1783 888 1854 vani
919 1794 1022 1876 atque
1049 1786 1230 1861 discordes

153 1913 250 1973 sunt:
272 1905 486 1999 propositum
505 1915 601 1976 tuum
621 1902 703 1973 nibil
723 1906 800 1998 ipso
820 1906 916 1997 quod
937 1904 1110 1980 inhabitas
1128 1910 1230 2004 Capi·¹

151 2027 224 2100 tolii
257 2048 344 2099 saxo
378 2028 539 2100 mobilius
572 2036 758 2097 ventorum
791 2026 932 2099 flatibus
960 2051 1030 2102 non
1062 2041 1228 2109 mutatur.

154 2152 266 2222 Unum
280 2175 364 2224 sane
378 2175 423 2224 an
437 2151 537 2234 scias,
560 2173 603 2221 an
625 2150 767 2241 cogites
787 2171 832 2220 an
851 2151 990 2242 ignores
1011 2154 1152 2238 nesci0;
1175 2155 1229 2226 tit

154 2283 247 2347 teras
281 2285 358 2346 tuas
385 2296 466 2368 quae
491 2274 593 2345 istinc
625 2273 671 2346 ad
700 2294 763 2345 nos
797 2273 942 2345 veniunt
974 2297 1042 2347 non
1075 2276 1230 2350 aestimes

153 2399 318 2493 apndeos
333 2398 461 2492 quibus
482 2397 700 2467 destinantur
718 2417 939 2488 permanere,
962 2397 1026 2469 sed
1046 2400 1229 2495 confestim

153 2521 198 2590 ab
217 2521 378 2593 omnibns
394 2532 487 2592 tanta
502 2517 683 2593 sedulitate
702 2517 899 2602 transcribi,
921 2528 1086 2613 tantoque
1113 2522 1229 2597 studio

151 2666 214 2737 per
234 2646 333 2715 aulas
349 2643 552 2716 Pontificum
570 2642 801 2724 circumferri,
821 2642 923 2734 quasi
940 2664 1009 2712 non
1027 2641 1072 2714 ab
1089 2644 1229 2719 homine

152 2767 259 2836 nostri
295 2767 451 2856 generis
487 2765 549 2838 sed
575 2789 595 2838 a
622 2765 760 2858 superis
781 2765 837 2834 vel
857 2764 1080 2858 antipodibus
1107 2768 1228 2841 missae

132 2888 239 2967 sint,
267 2887 312 2958 ad
342 2909 490 2979 quarum
516 2889 708 2958 litterarum
732 2897 869 2957 tuarum
891 2884 1124 2977 suspicionem
1153 2891 1230 2965 vul-

119 3015 121 3019 ’
153 3029 221 3100 gos
241 3029 343 3078 omne
365 3006 660 3079 circumfunditur.
682 3007 867 3097 Nunquam
887 3004 1042 3099 Delphici
1062 3005 1229 3099 Apollinis

152 3133 331 3204 oraculum
352 3129 385 3199 in
407 3140 458 3202 tot
479 3128 670 3201 sententias
692 3137 840 3200 tractum
867 3126 940 3212 luit,
965 3127 1001 3197 in
1021 3139 1106 3221 quot
1128 3129 1229 3203 intel·

152 3256 262 3324 lectus
303 3249 412 3323 verba
450 3230 634 3322 trabuntur
677 3262 745 3320 tua.
788 3249 1084 3342 Circumspectum
1123 3251 1229 3342 igitur

152 3385 268 3446 actum
297 3373 413 3458 laudo,
436 3373 537 3467 qnod
569 3385 649 3446 tam
671 3371 1026 3465 irreprehensibiliter
1058 3373 1229 3453 hactenus

152 3498 267 3568 stilum
298 3505 414 3568 tunm*
429 3509 622 3590 temperare
651 3490 837 3569 studuisti:
864 3503 972 3588 utque
993 3495 1027 3569 in
1048 3503 1226 3588 posterum

151 3619 269 3712 magis,
284 3620 466 3712 magisque
486 3618 642 3702 studeas,
664 3619 784 3690 hortor
803 3639 844 3694 ac
864 3617 1042 3711 deprecor.
1062 3618 1118 3689 Sic
1134 3617 1225 3688 enim

149 3745 183 3813 in
219 3741 336 3814 verbis
364 3740 432 3813 tuis
465 3751 500 3813 et
530 3743 797 3835 magnanimitas
831 3739 1029 3824 scribentis,
1052 3750 1088 3812 et
1109 3740 1226 3836 Populi

149 3866 295 3939 llornani
315 3864 480 3938 maiestas
504 3864 685 3950 elucescit,
709 3873 747 3936 nt
767 3886 832 3935 nec
859 3863 1055 3936 reverentia
1082 3863 1227 3963 Romani
1286 3886 1292 3899 ·

147 3989 337 4074 Pontificis,
359 4011 424 4061 nec
444 3989 553 4061 honor
570 3988 709 4060 debitus
730 3987 948 4062 obscuretur.
969 3987 1041 4059 Hoc
1061 3988 1228 4079 eloquen-

151 4111 242 4200 tiam,
270 4115 337 4186 hoc
363 4111 565 4207 sapientiam
600 4123 695 4186 tuam
720 4113 820 4187 decet
852 4112 1041 4206 possesio
1073 4122 1226 4205 eaquae

273 4245 309 4286 ιιι.
1039 4231 1071 4283 26
