2738 4680
228 339 321 389 moun
344 341 508 392 rrcnsruns
532 343 756 395 succubus-
770 345 923 396 narsronn
944 347 996 396 ru.
1086 334 1144 396 tlt

68 506 180 555 meum
202 492 291 566 erat,
313 493 348 555 et
368 483 478 556 verbo
498 485 620 558 millies
646 498 680 557 et
705 509 797 559 nunc
821 489 958 582 scriptis
980 490 1146 584 implesse

67 609 207 691 vide0r3
229 627 335 698 quam
361 607 406 678 ad
426 617 623 679 extremum
643 609 834 693 efficaciter,
855 611 980 682 iterum
1002 611 1087 696 dico,
1108 621 1146 684 tu

67 729 209 802 videris.
223 729 392 823 Deinceps
409 730 501 802 enim
519 741 635 802 tacere
651 731 758 823 eligo,
776 743 810 803 et
828 732 876 802 rei
895 733 1027 805 exitum
1047 738 1081 804 in
1100 735 1148 805 si-

68 853 173 924 lentio
194 853 360 946 opperiri,
384 833 430 925 ita
448 865 485 925 ut
506 853 536 923 si
557 854 714 926 evaseris
729 854 832 926 saluti
848 862 928 940 tuae,
952 855 981 925 si
1002 856 1146 950 perieris

70 975 148 1050 fidei
171 997 264 1047 meae
289 978 460 1067 gratuler,
487 997 582 1069 quae,
610 985 848 1049 contumacem
874 977 953 1048 licet
977 987 1013 1048 et
1032 976 1148 1070 ingra-

71 1108 153 1183 tum,
182 1097 318 1190 magnis
345 1108 460 1170 tamen
489 1119 585 1192 saepe
616 1099 827 1172 clamoribus
854 1111 957 1193 atque
982 1101 1016 1172 iu
1042 1099 1148 1172 finem

71 1222 182 1296 tacitis
202 1221 307 1307 notiS,
330 1242 442 1315 usque
463 1221 508 1293 ad
528 1224 700 1294 tumulum
725 1233 909 1317 prosecuta
935 1224 995 1308 sit,
1017 1235 1057 1296 ut
1082 1222 1149 1295 nisi

74 1350 171 1422 valde
193 1370 250 1418 me
275 1346 359 1420 fallit
377 1346 509 1439 opinio,
535 1368 601 1419 nec
630 1368 708 1420 mea
728 1349 840 1419 solum
862 1347 1148 1454 sed'multorum,

73 1474 176 1544 immo
193 1471 357 1553 omnium,
383 1467 556 1542 nisi-forte
576 1471 780 1565 complicum
803 1480 1150 1561 tuorum,‹nunquam

74 1597 114 1669 de
134 1619 193 1667 me
217 1595 306 1666 iuste
331 1592 462 1686 aliquid
486 1593 592 1666 vivus
619 1605 679 1665 ant
704 1604 862 1667 mortuus
889 1593 1001 1686 quaeri
1026 1591 1147 1689 possit.

75 1719 246 1789 Caeterum
273 1716 355 1810 quia
379 1727 414 1788 te
437 1716 572 1789 reditus
598 1716 739 1788 avidum
768 1728 804 1787 ut
829 1717 957 1801 sentio,
985 1735 1054 1786 non
1080 1714 1150 1787 mei

75 1862 169 1912 amor
189 1846 251 1909 aut
275 1838 432 1922 virtutis,
460 1838 521 1910 sed
546 1839 642 1910 exilii
669 1842 718 1912 tui
743 1842 860 1913 lorsan
887 1839 1152 1914 incommoditas

76 1963 165 2046 lacit,
185 1982 397 2054 quamquam
416 1959 477 2031 tibi
496 1961 700 2055 perproprie
717 1960 784 2033 dici
803 1969 922 2055 posset
937 1952 1154 2055 qnod'Tibe-

76 2087 123 2158 rio
142 2082 321 2177 respondit
341 2081 525 2175 Augustus
546 2107 566 2155 e
588 2083 731 2157 secessu
752 2085 786 2154 in
808 2083 888 2156 odio
914 2084 960 2156 ad
998 2082 1157 2154 revisen-

78 2207 138 2278 das
171 2205 451 2278 necessitudines
478 2207 626 2279 reditum
649 2206 833 2299 flagitanti,
857 2217 894 2278 ut
923 2205 1156 2279 «dimitteres

78 2329 232 2401 omniurn
251 2338 387 2400 tuorum
408 2351 526 2400 curam
548 2352 638 2422 qnos
661 2342 728 2402 tam
750 2331 876 2425 cupide
897 2329 1116 2422 reliquisses
1138 2353 1154 2391 o

80 2450 298 2545 respondebo
318 2459 433 2522 tamen
450 2452 559 2522 aliter.
574 2454 663 2525 Dum
681 2462 714 2525 te
732 2475 857 2527 sanum
870 2464 905 2524 et
917 2453 1055 2545 qualem
1076 2470 1158 2521 esse

80 2574 178 2646 iubeo
198 2593 270 2644 non
291 2583 361 2645 tam
382 2572 592 2666 opinaberis,
621 2597 726 2668 quarn
752 2577 853 2661 scies,
877 2577 982 2669 inque
1006 2573 1073 2645 bac
1100 2594 1160 2667 pa-

85 2703 161 2793 gina
182 2701 284 2794 qnasi
306 2702 340 2771 in
362 2703 502 2796 speculo
522 2699 697 2773 detersam
718 2700 822 2773 animi
844 2700 893 2772 tui
919 2700 1040 2773 laciem
1061 2697 1162 2769 vide·

83 2823 149 2911 bis,
174 2833 249 2895 tum
266 2823 423 2908 demum,
444 2846 507 2895 nec
525 2825 665 2896 volente
683 2846 738 2894 me
755 2824 868 2919 prius
883 2825 1018 2894 vultum
1033 2841 1158 2904 meum,

83 2971 185 3042 quem
207 2970 370 3020 serenum
393 2946 453 3018 tibi
475 2969 516 3019 ac
536 2946 668 3019 facilem
688 2946 941 3042 contempsisti,
960 2964 1029 3017 non
1047 2952 1086 3015 ut
1105 2962 1162 3014 so-

84 3075 138 3157 leo,
163 3070 228 3145 sed
252 3084 288 3145 ut
310 3069 369 3142 tibi
387 3070 539 3167 expedit,
561 3081 598 3141 ιιι
614 3093 670 3141 me
688 3070 798 3155 decet,
816 3080 849 3141 te
867 3069 1027 3141 visurum
1046 3087 1160 3160 spera.

85 3196 158 3267 Scio
177 3194 271 3266 enim
291 3193 387 3287 quod
409 3205 441 3264 te
459 3190 612 3286 perdidit
627 3191 773 3264 facilitas
794 3213 883 3263 mea.
907 3187 1043 3261 Curabo
1060 3190 1108 3258 'ne
1128 3196 1163 3257 te

86 3320 231 3412 amplius
252 3318 378 3412 pietate
398 3315 543 3411 impium
559 3317 698 3400 fecisse,
717 3317 772 3387 vel
797 3313 947 3386 amando
968 3309 1164 3405 perdidisse

87 3442 217 3516 videar.
240 3442 312 3513 Hoc
335 3439 393 3512 tibi
415 3462 483 3512 non
504 3463 551 3511 ex
567 3442 707 3511 oraculo
728 3438 896 3534 Apollinis
916 3433 1046 3531 Pythii,
1066 3431 1165 3503 ntait

89 3564 219 3651 Cicera,
243 3565 306 3638 sed
326 3563 453 3635 Christi
473 3584 534 3637 ore
554 3561 684 3636 dictum
706 3575 801 3658 puta:
824 3561 909 3633 nibil
927 3558 1065 3642 certius,
1080 3554 1164 3626 nibil

89 3698 139 3759 est
160 3688 291 3761 verius.
657 3670 658 3674 ¹

226 3844 388 3916 Mediolani,
405 3845 444 3900 llI
461 3845 599 3901 Kalendas
614 3843 794 3917 Septembris.
