<?xml version="1.0" encoding="UTF-8"?>
<!DOCTYPE html PUBLIC "-//W3C//DTD XHTML 1.0 Transitional//EN"
    "http://www.w3.org/TR/xhtml1/DTD/xhtml1-transitional.dtd">
<html xmlns="http://www.w3.org/1999/xhtml" xml:lang="en" lang="en">
 <head>
  <title>
</title>
<meta http-equiv="Content-Type" content="text/html;charset=utf-8" />
  <meta name='ocr-system' content='tesseract 3.04.00' />
  <meta name='ocr-capabilities' content='ocr_page ocr_carea ocr_par ocr_line ocrx_word'/>
</head>
<body>
  <div class='ocr_page' id='page_1' title='image "./franciscipetrar00fracgoog_0504.png"; bbox 0 0 2940 4650; ppageno 0'>
   <div class='ocr_carea' id='block_1_1' title="bbox 422 728 1004 811">
    <p class='ocr_par' dir='ltr' id='par_1_1' title="bbox 422 728 1004 848">
     <span class='ocr_line' id='line_1_1' title="bbox 422 728 1004 811; baseline -0.005 -3"><span class='ocrx_word' id='word_1_1' title='bbox 422 728 657 810; x_wconf 81' lang='lat' dir='ltr'>lrrmurx</span> <span class='ocrx_word' id='word_1_2' title='bbox 692 729 1004 811; x_wconf 82' lang='lat' dir='ltr'>urrunluun.</span> 
     </span>
    </p>
   </div>
   <div class='ocr_carea' id='block_1_2' title="bbox 677 1074 745 1094">
    <p class='ocr_par' dir='ltr' id='par_1_2' title="bbox 677 1074 745 1094">
     <span class='ocr_line' id='line_1_2' title="bbox 677 1074 745 1094; baseline 0 -5"><span class='ocrx_word' id='word_1_3' title='bbox 677 1074 745 1094; x_wconf 57' lang='grc' dir='ltr'>-φ-</span> 
     </span>
    </p>
   </div>
   <div class='ocr_carea' id='block_1_3' title="bbox 162 1656 1313 2980">
    <p class='ocr_par' dir='ltr' id='par_1_3' title="bbox 162 1656 1313 2980">
     <span class='ocr_line' id='line_1_3' title="bbox 229 1656 1244 1740; baseline -0.002 -10"><span class='ocrx_word' id='word_1_4' title='bbox 229 1702 230 1707; x_wconf 61' lang='lat'><em>=</em></span> <span class='ocrx_word' id='word_1_5' title='bbox 265 1658 392 1740; x_wconf 71' lang='lat' dir='ltr'>Habes</span> <span class='ocrx_word' id='word_1_6' title='bbox 429 1658 538 1728; x_wconf 86' lang='lat' dir='ltr'>amice</span> <span class='ocrx_word' id='word_1_7' title='bbox 572 1661 692 1739; x_wconf 87' lang='lat' dir='ltr'>lector,</span> <span class='ocrx_word' id='word_1_8' title='bbox 724 1666 801 1727; x_wconf 91' lang='lat' dir='ltr'>octo</span> <span class='ocrx_word' id='word_1_9' title='bbox 831 1656 945 1727; x_wconf 88' lang='lat' dir='ltr'>adhuc</span> <span class='ocrx_word' id='word_1_10' title='bbox 974 1657 1147 1728; x_wconf 89' lang='lat' dir='ltr'>Francisci</span> <span class='ocrx_word' id='word_1_11' title='bbox 1180 1657 1244 1729; x_wconf 91' lang='lat' dir='ltr'>Pe-</span> 
     </span>
     <span class='ocr_line' id='line_1_4' title="bbox 169 1779 1244 1875; baseline -0.001 -20"><span class='ocrx_word' id='word_1_12' title='bbox 169 1795 290 1855; x_wconf 85' lang='lat' dir='ltr'>trarcae</span> <span class='ocrx_word' id='word_1_13' title='bbox 319 1781 497 1875; x_wconf 77' lang='lat' dir='ltr'>epistolas:</span> <span class='ocrx_word' id='word_1_14' title='bbox 525 1802 672 1873; x_wconf 91' lang='lat' dir='ltr'>quarum</span> <span class='ocrx_word' id='word_1_15' title='bbox 706 1779 1018 1872; x_wconf 81' lang='lat' dir='ltr'>postremasduas</span> <span class='ocrx_word' id='word_1_16' title='bbox 1047 1781 1200 1852; x_wconf 91' lang='lat' dir='ltr'>nondum</span> <span class='ocrx_word' id='word_1_17' title='bbox 1223 1805 1244 1854; x_wconf 90' lang='grc'>3</span> 
     </span>
     <span class='ocr_line' id='line_1_5' title="bbox 167 1901 1243 2000; baseline -0.004 -22"><span class='ocrx_word' id='word_1_18' title='bbox 167 1905 327 2000; x_wconf 89' lang='lat' dir='ltr'>quopiam</span> <span class='ocrx_word' id='word_1_19' title='bbox 341 1904 376 1974; x_wconf 95' lang='lat' dir='ltr'>in</span> <span class='ocrx_word' id='word_1_20' title='bbox 397 1908 525 1997; x_wconf 78' lang='lat' dir='ltr'>vulgus</span> <span class='ocrx_word' id='word_1_21' title='bbox 546 1903 670 1986; x_wconf 82' lang='lat' dir='ltr'>editas,</span> <span class='ocrx_word' id='word_1_22' title='bbox 691 1905 811 1974; x_wconf 83' lang='lat' dir='ltr'>Romae</span> <span class='ocrx_word' id='word_1_23' title='bbox 831 1903 865 1971; x_wconf 96' lang='lat' dir='ltr'>in</span> <span class='ocrx_word' id='word_1_24' title='bbox 886 1901 1092 1974; x_wconf 78' lang='lat' dir='ltr'>bibliotheca</span> <span class='ocrx_word' id='word_1_25' title='bbox 1113 1903 1243 1974; x_wconf 89' lang='lat' dir='ltr'>Barbe-</span> 
     </span>
     <span class='ocr_line' id='line_1_6' title="bbox 165 2025 1313 2117; baseline -0.003 -17"><span class='ocrx_word' id='word_1_26' title='bbox 165 2029 299 2100; x_wconf 84' lang='lat' dir='ltr'>iiniana</span> <span class='ocrx_word' id='word_1_27' title='bbox 336 2028 579 2099; x_wconf 78' lang='lat' dir='ltr'>delitescentes</span> <span class='ocrx_word' id='word_1_28' title='bbox 620 2026 733 2098; x_wconf 91' lang='lat' dir='ltr'>serius</span> <span class='ocrx_word' id='word_1_29' title='bbox 766 2025 893 2096; x_wconf 88' lang='lat' dir='ltr'>inveni.</span> <span class='ocrx_word' id='word_1_30' title='bbox 936 2025 994 2095; x_wconf 94' lang='grc'>1113</span> <span class='ocrx_word' id='word_1_31' title='bbox 1026 2046 1105 2117; x_wconf 88' lang='lat' dir='ltr'>quae</span> <span class='ocrx_word' id='word_1_32' title='bbox 1138 2027 1242 2098; x_wconf 86' lang='lat' dir='ltr'>Lucae</span> <span class='ocrx_word' id='word_1_33' title='bbox 1312 2093 1313 2096; x_wconf 74' lang='grc'>,</span> 
     </span>
     <span class='ocr_line' id='line_1_7' title="bbox 166 2147 1250 2232; baseline -0.004 -9"><span class='ocrx_word' id='word_1_34' title='bbox 166 2153 360 2224; x_wconf 87' lang='lat' dir='ltr'>Christiano</span> <span class='ocrx_word' id='word_1_35' title='bbox 381 2150 589 2232; x_wconf 82' lang='lat' dir='ltr'>inscribitur,</span> <span class='ocrx_word' id='word_1_36' title='bbox 605 2171 652 2219; x_wconf 84' lang='lat' dir='ltr'>ex</span> <span class='ocrx_word' id='word_1_37' title='bbox 668 2147 847 2221; x_wconf 89' lang='lat' dir='ltr'>codicibus</span> <span class='ocrx_word' id='word_1_38' title='bbox 860 2147 1034 2220; x_wconf 79' lang='lat' dir='ltr'>Vaticanis</span> <span class='ocrx_word' id='word_1_39' title='bbox 1054 2161 1089 2219; x_wconf 91' lang='lat' dir='ltr'>et</span> <span class='ocrx_word' id='word_1_40' title='bbox 1109 2148 1250 2220; x_wconf 79' lang='lat' dir='ltr'>Barbe-·</span> 
     </span>
     <span class='ocr_line' id='line_1_8' title="bbox 165 2270 1241 2364; baseline -0.002 -21"><span class='ocrx_word' id='word_1_41' title='bbox 165 2274 307 2344; x_wconf 90' lang='lat' dir='ltr'>rinianis</span> <span class='ocrx_word' id='word_1_42' title='bbox 336 2282 450 2355; x_wconf 89' lang='lat' dir='ltr'>eruta,</span> <span class='ocrx_word' id='word_1_43' title='bbox 473 2294 594 2364; x_wconf 91' lang='lat' dir='ltr'>parum</span> <span class='ocrx_word' id='word_1_44' title='bbox 617 2271 731 2343; x_wconf 87' lang='lat' dir='ltr'>differt</span> <span class='ocrx_word' id='word_1_45' title='bbox 762 2270 807 2342; x_wconf 90' lang='lat' dir='ltr'>ab</span> <span class='ocrx_word' id='word_1_46' title='bbox 832 2271 874 2341; x_wconf 90' lang='lat' dir='ltr'>iis</span> <span class='ocrx_word' id='word_1_47' title='bbox 895 2291 976 2364; x_wconf 90' lang='lat' dir='ltr'>quae</span> <span class='ocrx_word' id='word_1_48' title='bbox 998 2271 1065 2342; x_wconf 93' lang='lat' dir='ltr'>sub</span> <span class='ocrx_word' id='word_1_49' title='bbox 1085 2271 1241 2342; x_wconf 91' lang='lat' dir='ltr'>numeris</span> 
     </span>
     <span class='ocr_line' id='line_1_9' title="bbox 165 2392 1242 2481; baseline -0.004 -12"><span class='ocrx_word' id='word_1_50' title='bbox 165 2400 199 2480; x_wconf 79' lang='lat'>2,</span> <span class='ocrx_word' id='word_1_51' title='bbox 224 2400 259 2481; x_wconf 89' lang='lat'>3,</span> <span class='ocrx_word' id='word_1_52' title='bbox 285 2396 305 2466; x_wconf 85' lang='grc'>1</span> <span class='ocrx_word' id='word_1_53' title='bbox 323 2407 358 2467; x_wconf 93' lang='lat' dir='ltr'>et</span> <span class='ocrx_word' id='word_1_54' title='bbox 380 2399 536 2467; x_wconf 81' lang='lat' dir='ltr'>bcxtant</span> <span class='ocrx_word' id='word_1_55' title='bbox 562 2395 596 2463; x_wconf 95' lang='lat' dir='ltr'>in</span> <span class='ocrx_word' id='word_1_56' title='bbox 622 2394 727 2466; x_wconf 88' lang='lat' dir='ltr'>Libro</span> <span class='ocrx_word' id='word_1_57' title='bbox 747 2394 834 2464; x_wconf 90' lang='lat' dir='ltr'>Vlll.</span> <span class='ocrx_word' id='word_1_58' title='bbox 856 2393 901 2465; x_wconf 93' lang='lat' dir='ltr'>de</span> <span class='ocrx_word' id='word_1_59' title='bbox 918 2392 1036 2465; x_wconf 89' lang='lat' dir='ltr'>Rebus</span> <span class='ocrx_word' id='word_1_60' title='bbox 1051 2393 1242 2465; x_wconf 86' lang='lat' dir='ltr'>Familiari-</span> 
     </span>
     <span class='ocr_line' id='line_1_10' title="bbox 164 2515 1241 2611; baseline -0.003 -21"><span class='ocrx_word' id='word_1_61' title='bbox 164 2519 241 2591; x_wconf 94' lang='lat' dir='ltr'>bus.</span> <span class='ocrx_word' id='word_1_62' title='bbox 263 2521 347 2591; x_wconf 90' lang='lat' dir='ltr'>Cum</span> <span class='ocrx_word' id='word_1_63' title='bbox 369 2530 485 2590; x_wconf 88' lang='lat' dir='ltr'>tamen</span> <span class='ocrx_word' id='word_1_64' title='bbox 506 2539 562 2590; x_wconf 90' lang='lat' dir='ltr'>rcs</span> <span class='ocrx_word' id='word_1_65' title='bbox 580 2518 713 2611; x_wconf 91' lang='lat' dir='ltr'>aliquas</span> <span class='ocrx_word' id='word_1_66' title='bbox 733 2516 820 2588; x_wconf 88' lang='lat' dir='ltr'>scitu</span> <span class='ocrx_word' id='word_1_67' title='bbox 841 2515 1067 2607; x_wconf 82' lang='lat' dir='ltr'>dignissimas</span> <span class='ocrx_word' id='word_1_68' title='bbox 1084 2518 1143 2588; x_wconf 89' lang='lat' dir='ltr'>illa</span> <span class='ocrx_word' id='word_1_69' title='bbox 1159 2539 1241 2589; x_wconf 90' lang='lat' dir='ltr'>cun-</span> 
     </span>
     <span class='ocr_line' id='line_1_11' title="bbox 165 2640 1240 2738; baseline -0.001 -25"><span class='ocrx_word' id='word_1_70' title='bbox 165 2643 280 2728; x_wconf 88' lang='lat' dir='ltr'>tineat,</span> <span class='ocrx_word' id='word_1_71' title='bbox 314 2645 613 2738; x_wconf 88' lang='lat' dir='ltr'>operaepretium</span> <span class='ocrx_word' id='word_1_72' title='bbox 645 2642 813 2714; x_wconf 79' lang='lat' dir='ltr'>duximus</span> <span class='ocrx_word' id='word_1_73' title='bbox 845 2663 920 2712; x_wconf 92' lang='lat' dir='ltr'>eam</span> <span class='ocrx_word' id='word_1_74' title='bbox 942 2661 1082 2733; x_wconf 89' lang='lat' dir='ltr'>quoque</span> <span class='ocrx_word' id='word_1_75' title='bbox 1109 2641 1144 2711; x_wconf 92' lang='lat' dir='ltr'>in</span> <span class='ocrx_word' id='word_1_76' title='bbox 1175 2640 1240 2712; x_wconf 89' lang='lat' dir='ltr'>bac</span> 
     </span>
     <span class='ocr_line' id='line_1_12' title="bbox 162 2763 1238 2861; baseline -0.003 -25"><span class='ocrx_word' id='word_1_77' title='bbox 162 2768 351 2861; x_wconf 88' lang='lat' dir='ltr'>appendice</span> <span class='ocrx_word' id='word_1_78' title='bbox 364 2763 798 2861; x_wconf 80' lang='lat' dir='ltr'>exhibereTypisiamdiu</span> <span class='ocrx_word' id='word_1_79' title='bbox 811 2766 1111 2857; x_wconf 90' lang='lat' dir='ltr'>impressaparum</span> <span class='ocrx_word' id='word_1_80' title='bbox 1124 2774 1238 2835; x_wconf 90' lang='lat' dir='ltr'>tamen</span> 
     </span>
     <span class='ocr_line' id='line_1_13' title="bbox 162 2885 1238 2980; baseline -0.002 -23"><span class='ocrx_word' id='word_1_81' title='bbox 162 2901 251 2973; x_wconf 88' lang='lat' dir='ltr'>nota,</span> <span class='ocrx_word' id='word_1_82' title='bbox 269 2900 304 2958; x_wconf 91' lang='lat' dir='ltr'>et</span> <span class='ocrx_word' id='word_1_83' title='bbox 323 2910 499 2978; x_wconf 91' lang='lat' dir='ltr'>nunquam</span> <span class='ocrx_word' id='word_1_84' title='bbox 521 2889 610 2957; x_wconf 91' lang='lat' dir='ltr'>inter</span> <span class='ocrx_word' id='word_1_85' title='bbox 631 2908 733 2980; x_wconf 88' lang='lat' dir='ltr'>opera</span> <span class='ocrx_word' id='word_1_86' title='bbox 756 2885 810 2953; x_wconf 85' lang='lat' dir='ltr'>Fr.</span> <span class='ocrx_word' id='word_1_87' title='bbox 825 2886 997 2955; x_wconf 86' lang='lat' dir='ltr'>Petrarcae</span> <span class='ocrx_word' id='word_1_88' title='bbox 1011 2887 1047 2956; x_wconf 93' lang='lat' dir='ltr'>in</span> <span class='ocrx_word' id='word_1_89' title='bbox 1061 2885 1238 2957; x_wconf 86' lang='lat' dir='ltr'>veteribus</span> 
     </span>
    </p>
   </div>
   <div class='ocr_carea' id='block_1_4' title="bbox 159 3005 1239 4210">
    <p class='ocr_par' dir='ltr' id='par_1_4' title="bbox 159 3005 1239 3938">
     <span class='ocr_line' id='line_1_14' title="bbox 162 3005 1239 3102; baseline -0.002 -22"><span class='ocrx_word' id='word_1_90' title='bbox 162 3008 372 3082; x_wconf 88' lang='lat' dir='ltr'>editionibus</span> <span class='ocrx_word' id='word_1_91' title='bbox 392 3009 643 3102; x_wconf 89' lang='lat' dir='ltr'>comprehensa</span> <span class='ocrx_word' id='word_1_92' title='bbox 674 3008 731 3076; x_wconf 89' lang='lat' dir='ltr'>illa</span> <span class='ocrx_word' id='word_1_93' title='bbox 751 3016 806 3076; x_wconf 88' lang='lat' dir='ltr'>est</span> <span class='ocrx_word' id='word_1_94' title='bbox 837 3005 893 3076; x_wconf 92' lang='lat' dir='ltr'>cui</span> <span class='ocrx_word' id='word_1_95' title='bbox 915 3007 1048 3078; x_wconf 86' lang='lat' dir='ltr'>initium</span> <span class='ocrx_word' id='word_1_96' title='bbox 1074 3037 1090 3074; x_wconf 80' lang='grc'>1</span> <span class='ocrx_word' id='word_1_97' title='bbox 1115 3013 1239 3079; x_wconf 83' lang='lat' dir='ltr'>Fervet</span> 
     </span>
     <span class='ocr_line' id='line_1_15' title="bbox 161 3127 1237 3223; baseline 0.003 -23"><span class='ocrx_word' id='word_1_98' title='bbox 161 3132 291 3201; x_wconf 83' lang='lat' dir='ltr'>unimus</span> <span class='ocrx_word' id='word_1_99' title='bbox 309 3159 336 3214; x_wconf 77' lang='lat' dir='ltr'>n,</span> <span class='ocrx_word' id='word_1_100' title='bbox 347 3129 478 3201; x_wconf 91' lang='lat' dir='ltr'>ludicra</span> <span class='ocrx_word' id='word_1_101' title='bbox 490 3129 629 3223; x_wconf 88' lang='lat' dir='ltr'>quidem</span> <span class='ocrx_word' id='word_1_102' title='bbox 646 3150 709 3199; x_wconf 89' lang='lat' dir='ltr'>nec</span> <span class='ocrx_word' id='word_1_103' title='bbox 722 3127 894 3213; x_wconf 88' lang='lat' dir='ltr'>absoluta,</span> <span class='ocrx_word' id='word_1_104' title='bbox 911 3130 975 3201; x_wconf 94' lang='lat' dir='ltr'>sed</span> <span class='ocrx_word' id='word_1_105' title='bbox 990 3140 1105 3202; x_wconf 89' lang='lat' dir='ltr'>tamen</span> <span class='ocrx_word' id='word_1_106' title='bbox 1118 3143 1237 3203; x_wconf 88' lang='lat' dir='ltr'>aucto·</span> 
     </span>
     <span class='ocr_line' id='line_1_16' title="bbox 163 3251 1237 3345; baseline 0 -23"><span class='ocrx_word' id='word_1_107' title='bbox 163 3253 210 3323; x_wconf 94' lang='lat' dir='ltr'>ris</span> <span class='ocrx_word' id='word_1_108' title='bbox 231 3253 343 3345; x_wconf 79' lang='lat' dir='ltr'>gratia</span> <span class='ocrx_word' id='word_1_109' title='bbox 360 3253 501 3323; x_wconf 91' lang='lat' dir='ltr'>minime</span> <span class='ocrx_word' id='word_1_110' title='bbox 525 3251 744 3343; x_wconf 79' lang='lat' dir='ltr'>negligenda.</span> <span class='ocrx_word' id='word_1_111' title='bbox 772 3251 917 3323; x_wconf 87' lang='lat' dir='ltr'>Caeterae</span> <span class='ocrx_word' id='word_1_112' title='bbox 944 3264 1093 3345; x_wconf 86' lang='lat' dir='ltr'>quatuor</span> <span class='ocrx_word' id='word_1_113' title='bbox 1114 3255 1158 3326; x_wconf 92' lang='lat' dir='ltr'>ad</span> <span class='ocrx_word' id='word_1_114' title='bbox 1180 3255 1237 3327; x_wconf 91' lang='lat' dir='ltr'>Ni-</span> 
     </span>
     <span class='ocr_line' id='line_1_17' title="bbox 161 3373 1233 3468; baseline 0 -23"><span class='ocrx_word' id='word_1_115' title='bbox 161 3376 295 3446; x_wconf 88' lang='lat' dir='ltr'>colaum</span> <span class='ocrx_word' id='word_1_116' title='bbox 303 3373 495 3446; x_wconf 86' lang='lat' dir='ltr'>Tribunum</span> <span class='ocrx_word' id='word_1_117' title='bbox 505 3375 623 3468; x_wconf 82' lang='lat' dir='ltr'>Populi</span> <span class='ocrx_word' id='word_1_118' title='bbox 633 3375 788 3458; x_wconf 87' lang='lat' dir='ltr'>Romani,</span> <span class='ocrx_word' id='word_1_119' title='bbox 797 3396 905 3466; x_wconf 88' lang='lat' dir='ltr'>quum</span> <span class='ocrx_word' id='word_1_120' title='bbox 919 3375 1233 3445; x_wconf 83' lang='lat' dir='ltr'>necFamiliaribus</span> 
     </span>
     <span class='ocr_line' id='line_1_18' title="bbox 161 3495 1233 3589; baseline 0 -23"><span class='ocrx_word' id='word_1_121' title='bbox 161 3519 225 3568; x_wconf 90' lang='lat' dir='ltr'>nec</span> <span class='ocrx_word' id='word_1_122' title='bbox 250 3496 361 3568; x_wconf 88' lang='lat' dir='ltr'>Variis</span> <span class='ocrx_word' id='word_1_123' title='bbox 395 3509 538 3589; x_wconf 88' lang='lat' dir='ltr'>possent</span> <span class='ocrx_word' id='word_1_124' title='bbox 571 3496 762 3582; x_wconf 85' lang='lat' dir='ltr'>accenseri,</span> <span class='ocrx_word' id='word_1_125' title='bbox 794 3518 854 3567; x_wconf 89' lang='lat' dir='ltr'>eas</span> <span class='ocrx_word' id='word_1_126' title='bbox 888 3495 981 3566; x_wconf 89' lang='lat' dir='ltr'>enim</span> <span class='ocrx_word' id='word_1_127' title='bbox 1011 3505 1131 3567; x_wconf 89' lang='lat' dir='ltr'>auctor</span> <span class='ocrx_word' id='word_1_128' title='bbox 1159 3498 1233 3589; x_wconf 89' lang='lat' dir='ltr'>ipse</span> 
     </span>
     <span class='ocr_line' id='line_1_19' title="bbox 162 3615 1233 3711; baseline -0.003 -19"><span class='ocrx_word' id='word_1_129' title='bbox 162 3619 306 3692; x_wconf 88' lang='lat' dir='ltr'>seorsim</span> <span class='ocrx_word' id='word_1_130' title='bbox 327 3615 517 3690; x_wconf 84' lang='lat' dir='ltr'>servandas</span> <span class='ocrx_word' id='word_1_131' title='bbox 545 3619 658 3704; x_wconf 85' lang='lat' dir='ltr'>duxit,</span> <span class='ocrx_word' id='word_1_132' title='bbox 687 3620 802 3711; x_wconf 84' lang='lat' dir='ltr'>dignae</span> <span class='ocrx_word' id='word_1_133' title='bbox 820 3619 920 3691; x_wconf 90' lang='lat' dir='ltr'>nobis</span> <span class='ocrx_word' id='word_1_134' title='bbox 942 3619 1031 3688; x_wconf 88' lang='lat' dir='ltr'>visae</span> <span class='ocrx_word' id='word_1_135' title='bbox 1053 3631 1134 3692; x_wconf 87' lang='lat' dir='ltr'>sunt</span> <span class='ocrx_word' id='word_1_136' title='bbox 1153 3639 1233 3711; x_wconf 88' lang='lat' dir='ltr'>quae</span> 
     </span>
     <span class='ocr_line' id='line_1_20' title="bbox 159 3741 1232 3835; baseline 0.004 -23"><span class='ocrx_word' id='word_1_137' title='bbox 159 3745 272 3813; x_wconf 90' lang='lat' dir='ltr'>locum</span> <span class='ocrx_word' id='word_1_138' title='bbox 294 3741 370 3813; x_wconf 89' lang='lat' dir='ltr'>bcic</span> <span class='ocrx_word' id='word_1_139' title='bbox 390 3741 599 3829; x_wconf 85' lang='lat' dir='ltr'>invenirent,</span> <span class='ocrx_word' id='word_1_140' title='bbox 619 3765 688 3835; x_wconf 91' lang='lat' dir='ltr'>quo</span> <span class='ocrx_word' id='word_1_141' title='bbox 710 3742 895 3834; x_wconf 82' lang='lat' dir='ltr'>singularis</span> <span class='ocrx_word' id='word_1_142' title='bbox 917 3742 1007 3813; x_wconf 91' lang='lat' dir='ltr'>illius</span> <span class='ocrx_word' id='word_1_143' title='bbox 1026 3743 1100 3813; x_wconf 51' lang='lat' dir='ltr'>¹viri</span> <span class='ocrx_word' id='word_1_144' title='bbox 1125 3745 1232 3817; x_wconf 90' lang='lat' dir='ltr'>bisto-</span> 
     </span>
     <span class='ocr_line' id='line_1_21' title="bbox 159 3865 970 3938; baseline -0.004 -1"><span class='ocrx_word' id='word_1_145' title='bbox 159 3868 210 3937; x_wconf 92' lang='lat' dir='ltr'>ria</span> <span class='ocrx_word' id='word_1_146' title='bbox 230 3866 430 3937; x_wconf 89' lang='lat' dir='ltr'>huiusmodi</span> <span class='ocrx_word' id='word_1_147' title='bbox 450 3865 667 3938; x_wconf 87' lang='lat' dir='ltr'>documentis</span> <span class='ocrx_word' id='word_1_148' title='bbox 690 3866 846 3937; x_wconf 88' lang='lat' dir='ltr'>testatior</span> <span class='ocrx_word' id='word_1_149' title='bbox 864 3875 970 3935; x_wconf 89' lang='lat' dir='ltr'>esset.</span> 
     </span>
    </p>

    <p class='ocr_par' dir='ltr' id='par_1_5' title="bbox 160 3984 1231 4210">
     <span class='ocr_line' id='line_1_22' title="bbox 230 3984 1231 4082; baseline 0.004 -23"><span class='ocrx_word' id='word_1_150' title='bbox 230 3984 231 3989; x_wconf 68' lang='grc'>’</span> <span class='ocrx_word' id='word_1_151' title='bbox 257 3988 356 4062; x_wconf 92' lang='lat' dir='ltr'>Haud</span> <span class='ocrx_word' id='word_1_152' title='bbox 376 3989 527 4082; x_wconf 90' lang='lat' dir='ltr'>denique</span> <span class='ocrx_word' id='word_1_153' title='bbox 540 3991 696 4062; x_wconf 91' lang='lat' dir='ltr'>ociosum</span> <span class='ocrx_word' id='word_1_154' title='bbox 708 3988 874 4062; x_wconf 88' lang='lat' dir='ltr'>duximus</span> <span class='ocrx_word' id='word_1_155' title='bbox 896 3987 930 4057; x_wconf 92' lang='lat' dir='ltr'>iu</span> <span class='ocrx_word' id='word_1_156' title='bbox 949 3999 1106 4061; x_wconf 85' lang='lat' dir='ltr'>extrema</span> <span class='ocrx_word' id='word_1_157' title='bbox 1128 3990 1231 4063; x_wconf 90' lang='lat' dir='ltr'>buius</span> 
     </span>
     <span class='ocr_line' id='line_1_23' title="bbox 160 4111 1231 4210; baseline 0.007 -30"><span class='ocrx_word' id='word_1_158' title='bbox 160 4111 368 4206; x_wconf 81' lang='lat' dir='ltr'>Appendicis</span> <span class='ocrx_word' id='word_1_159' title='bbox 398 4122 494 4206; x_wconf 89' lang='lat' dir='ltr'>parte</span> <span class='ocrx_word' id='word_1_160' title='bbox 528 4113 699 4185; x_wconf 89' lang='lat' dir='ltr'>Francisci</span> <span class='ocrx_word' id='word_1_161' title='bbox 735 4113 841 4184; x_wconf 88' lang='lat' dir='ltr'>nostri</span> <span class='ocrx_word' id='word_1_162' title='bbox 876 4119 1118 4186; x_wconf 91' lang='lat' dir='ltr'>testamentum</span> <span class='ocrx_word' id='word_1_163' title='bbox 1151 4138 1231 4210; x_wconf 93' lang='lat' dir='ltr'>pro-</span> 
     </span>
    </p>
   </div>
   <div class='ocr_carea' id='block_1_5' title="bbox 0 0 1474 4650">
    <p class='ocr_par' dir='ltr' id='par_1_6' title="bbox 0 0 1474 4650">
     <span class='ocr_line' id='line_1_24' title="bbox 0 0 1474 4650; baseline 0 6"><span class='ocrx_word' id='word_1_164' title='bbox 0 0 1474 4650; x_wconf 95' lang='lat' dir='ltr'> </span> 
     </span>
    </p>
   </div>
  </div>
 </body>
</html>
