2940 4650
225 266 283 329 sta
445 279 612 329 rnrucrscr
633 279 809 330 rnrauncm
833 277 1085 328 rusrnunnrun.

96 503 100 511 ¹
225 417 458 492 Lombardus.
497 421 582 493 ltem
626 422 703 512 lego
744 419 859 492 eidem
899 418 1101 492 lombardo
1144 419 1320 515 scyphum

226 562 340 612 meum
363 563 512 636 parvum
534 542 721 615 rotundum
741 551 947 634 argenteum
967 550 1003 612 et
1023 551 1212 625 auratum,
1242 561 1318 610 cum

225 686 297 758 quo
316 663 414 736 hibat
432 682 699 757 aquam,‘quam
718 665 865 736 libenter
884 662 1124 748 hibit,'multo
1146 662 1318 734 libentius

227 812 333 883 quam
352 788 487 860 vinum.

324 910 535 1007 Presbytero
555 921 671 982 autem
692 909 835 982 iohanni
860 932 881 980 a
905 909 1059 980 Bocheta
1084 906 1231 979 custodi
1262 929 1315 979 ec-

227 1033 346 1104 elesiae
366 1044 496 1105 nostrae
520 1031 734 1105 breviarium
769 1054 882 1106 meum
917 1052 1085 1121 magnum
1112 1031 1214 1122 quod
1247 1031 1314 1100 Ve

227 1156 329 1228 netiis
362 1157 430 1228 erni
463 1157 575 1250 pretio
601 1157 637 1226 C.
659 1155 838 1228 librarum.
859 1154 910 1225 Ea
931 1162 1045 1226 tamen
1066 1155 1148 1244 lege
1170 1153 1259 1224 illud
1283 1152 1314 1224 ei

141 1360 143 1371 Ι
226 1277 362 1350 dimitto
379 1289 416 1351 ut
434 1289 514 1374 post
530 1280 606 1350 eius
624 1278 756 1351 obitum
777 1285 955 1349 remaneat
968 1274 1003 1345 in
1018 1275 1183 1346 sacristia
1201 1276 1314 1346 eccle·

228 1402 292 1473 siae
314 1400 445 1473 Paduae
470 1403 514 1474 ad
537 1401 745 1495 obsequium
770 1408 976 1494 perpetuum
1004 1397 1311 1492 presbyterorum,

228 1533 267 1592 ut
286 1523 362 1616 ipse
383 1522 567 1618 presbyter
584 1525 754 1595 lohannes
774 1521 886 1594 etalii
906 1529 1015 1602 orent,
1039 1519 1069 1590 si
1090 1520 1143 1589 eis
1167 1521 1312 1613 placeat,

229 1644 404 1716 Christum
426 1655 462 1717 et
481 1645 625 1717 Beatam
645 1644 825 1736 Virginem
846 1643 988 1714 Mariam
1011 1663 1074 1732 pro
1095 1640 1167 1711 me.'

326 1767 472 1839 Iohanni
492 1767 536 1841 de
556 1767 717 1840 Certaldo
737 1789 800 1839 seu
820 1765 995 1849 Bocoatio,
1022 1762 1228 1835 verecunde
1255 1762 1315 1834 ad·

228 1889 369 1961 modurn
404 1900 500 1962 tanto
525 1890 699 1962 virolam
725 1888 913 1973 modicum,
948 1889 1027 1978 lego
1059 1885 1316 1978 quinquaginta

230 2010 383 2084 florenos
417 2012 492 2084 auri
525 2011 571 2083 de
602 2012 775 2084 Florentia
802 2034 864 2106 pro
890 2031 958 2081 una
981 2018 1083 2079 veste
1097 2007 1247 2080 hiemali
1272 2007 1316 2078 ad

230 2132 386 2206 studium
407 2131 735 2226 lucubrationesque
755 2146 955 2205 nocturnas.
1045 2161 1059 2176 ·

328 2255 496 2346 Magistro
536 2256 679 2326 Thomae
717 2252 904 2326 Bambasio
946 2250 990 2323 de
1030 2250 1194 2322 Ferraria
1238 2252 1316 2341 lego

229 2377 389 2450 leuthum
410 2399 527 2450 meum
547 2375 694 2462 bonum,
716 2386 755 2448 ut
774 2399 853 2447 eum
876 2383 977 2447 sonet
993 2396 1060 2445 non
1077 2396 1143 2468 pro
1159 2374 1316 2479 vanitate

231 2499 349 2571 saeculi
371 2500 521 2589 fugacis
544 2497 607 2569 sed
627 2498 672 2569 ad
693 2497 830 2570 laudem
851 2497 915 2570 Dei
935 2495 1068 2569 aeterni.

328 2619 489 2690 Praedicti
509 2630 625 2691 autern
643 2617 711 2690 mci
729 2619 830 2690 amici
853 2620 898 2691 de
919 2618 1090 2712 parvitate
1111 2610 1317 2689 huiusmodi

230 2745 424 2834 legatorum
460 2762 527 2811 non
558 2763 615 2811 me
646 2753 814 2814 accusent
846 2742 910 2814 sed
942 2742 1148 2824 Fortunam,
1176 2737 1318 2830 siquid

230 2876 285 2937 est
317 2861 479 2937 Fortuna.
515 2865 658 2958 Propter
683 2864 776 2936 hunc
804 2874 1002 2958 respectum
1029 2860 1148 2934 distuli
1170 2860 1216 2934 ad
1239 2863 1319 2933 ulti-

231 2996 326 3058 mum
348 3009 452 3079 quem
473 2989 623 3080 primurn
645 3008 726 3058 esse
745 2986 875 3069 decuit,
898 2985 1102 3077 Magistrum
1123 2983 1317 3055 Iohannem

229 3106 274 3178 de
294 3109 480 3199 Horologio
500 3109 699 3203 physicum,
722 3109 778 3181 cui
799 3110 878 3198 lego
895 3105 1147 3200 quinquaginta
1165 3105 1319 3178 ducatos

230 3230 307 3303 auri
340 3254 403 3324 pro
432 3233 582 3304 emendo
615 3231 681 3302 sihi
718 3254 825 3302 unum
857 3251 1006 3322 parvum
1032 3230 1176 3298 anulum
1206 3227 1321 3318 digito

230 3357 439 3446 gestandum
461 3354 496 3426 in
518 3355 720 3426 memoriam
742 3352 820 3427 mei.
1173 3366 1175 3369 ·

328 3480 379 3549 De
399 3478 626 3550 familiaribus
647 3487 763 3548 autem
784 3473 985 3548 domesticis
1008 3472 1058 3544 sic
1074 3471 1211 3544 ordin0.
1230 3473 1324 3543 Bar-

232 3600 417 3672 tholomaeo
430 3602 475 3674 de
488 3601 599 3687 Senis,
613 3600 674 3693 qui
686 3599 812 3671 dicitur
831 3597 1036 3679 Pancaldus,
1050 3593 1125 3664 XX
1143 3592 1321 3683 ducatoS,

231 3745 319 3814 quos
341 3746 411 3795 non
432 3723 539 3795 ludat.
1154 3736 1155 3739 ’

328 3845 411 3917 Zilio
432 3846 477 3916 de
496 3845 682 3931 Florentia,
703 3843 887 3917 domicello
911 3858 998 3927 meo,
1015 3859 1122 3930 supra
1143 3841 1325 3915 salarium

170 3992 172 3998 ·
231 3983 348 4050 suurn,
368 3966 398 4038 si
414 3964 500 4060 quid
511 3966 583 4037 sihi
601 3965 762 4050 debetur,
780 3965 846 4035 XX
863 3965 1023 4046 ducatos,
1041 3969 1076 4031 et
1093 3959 1123 4029 si
1141 3959 1325 4036 haberem

232 4086 318 4160 alios
331 4100 392 4163 aut
405 4090 523 4183 plures
541 4090 771 4183 paucioresve
787 4085 1001 4168 domicellos,
1021 4103 1129 4174 supra
1147 4085 1328 4161 salarium
