2804 4656
312 321 404 369 nmna
426 315 740 371 vmnsruusmnrrus.
756 320 959 369 -nrrsronn
982 323 1034 370 xu.
1156 308 1212 369 221

130 439 359 551 tranquilliet
379 455 503 549 placidi
527 466 562 528 et
586 455 751 548 intrepidi
777 456 978 542 veniamus,
1006 460 1124 550 utqui
1152 478 1216 531 nos

40 583 42 589 ’
129 605 209 655 sero
226 582 362 664 viderit,
382 583 444 652 vix
457 583 534 654 illos
549 592 644 673 putet
658 582 718 674 qui
735 580 805 652 sub
816 581 962 654 meridie
975 580 1215 653 currebamus.

129 705 270 798 Siquid
291 704 507 775 nuncetiam
534 704 602 775 sub
628 715 828 776 extremum
853 705 934 776 duri
959 717 1026 789 est,
1054 704 1133 776 dico
1153 705 1217 776 ite-

129 850 220 917 rum,
242 825 478 897 difficultatem
502 824 654 896 brevitas
681 827 892 897 consoletur.
920 827 1002 897 Haec
1019 835 1062 897 ‚te
1088 826 1134 896 ita
1156 848 1217 920 per

130 950 298 1044 teipsum
320 951 434 1021 iacere
456 946 610 1040 gaudeo,
633 959 672 1019 ut
696 949 761 1018 vix
782 949 897 1020 laetius
918 949 1034 1020 animo
1056 969 1134 1021 meo
1155 950 1214 1035 sit,

131 1073 161 1145 si
180 1072 264 1165 quid
280 1092 347 1164 ego
363 1071 499 1143 fortiter
520 1071 653 1162 egerim
674 1093 778 1165 quam
799 1082 853 1142 tu:
872 1082 908 1142 et
929 1071 1013 1142 iilud
1030 1071 1076 1143 ad
1096 1093 1219 1143 cumu-

133 1198 204 1269 lum
227 1195 345 1287 gandii
366 1194 435 1265 mei
461 1203 526 1277 est,
542 1191 637 1286 quod
650 1194 717 1265 hac
730 1193 763 1263 in
779 1216 816 1265 re
829 1194 949 1266 utilem
968 1191 1028 1263 tibi
1043 1192 1217 1286 profiteris

131 1319 312 1413 epistolam
333 1339 449 1401 unam,
472 1338 578 1410 quam
600 1325 680 1388 ante
698 1326 748 1386 tot
764 1337 875 1388 annos
893 1316 1058 1408 religioso
1076 1315 1121 1386 iili
1140 1321 1218 1390 seni

132 1442 355 1535 scripseram,
374 1441 434 1533 qui
449 1460 611 1533 pressum
636 1460 675 1510 se
693 1438 864 1531 podagra,
887 1448 1100 1532 paupertate,
1121 1440 1218 1512 senio
1246 1466 1251 1470 ’

131 1576 167 1637 et
179 1561 410 1657 superomnia
424 1561 490 1633 mei
504 1582 656 1653 quoque,
670 1561 729 1653 qui
745 1563 847 1653 longe
861 1559 1012 1646 aberam,
1028 1561 1214 1648 desiderio

131 1687 165 1756 in
178 1686 302 1756 litteris
319 1694 467 1777 questus
485 1694 575 1765 erat3
593 1703 741 1776 quorum
757 1694 805 1766 tn,
825 1684 964 1756 duobus
985 1693 1128 1769 tantum,
1145 1685 1218 1778 pri-

132 1830 189 1880 mo
206 1808 375 1901 premeris
394 1816 499 1898 atque
518 1805 651 1887 ultimo,
667 1806 761 1898 quod
779 1827 846 1898 ego
864 1809 967 1898 plane
982 1808 1044 1878 tihi
1062 1810 1218 1880 auferam

131 1953 215 2003 mox
236 1942 274 2001 ut
292 1928 370 2000 belii
388 1931 506 2019 fragor
520 1925 693 1998 bonafide
709 1928 891 2021 quieverit.
914 1930 1066 2002 Primum
1086 1931 1217 2003 utinam

132 2053 183 2125 sic
203 2055 340 2125 auterre
361 2072 518 2144 possem:
541 2051 611 2143 pati
636 2050 728 2120 enim
756 2058 789 2122 te
816 2051 947 2123 diutius
969 2075 1037 2125 non
1058 2063 1215 2144 paterer:

133 2177 216 2248 satis
239 2198 318 2246 nam
340 2183 409 2246 tuae
435 2173 574 2244 virtutis
601 2173 880 2266 experimentum
909 2175 1029 2256 habes.
1052 2176 1096 2246 Et
1121 2177 1215 2258 licet,

132 2309 174 2372 ut
190 2297 359 2392 incipiens
384 2297 557 2380 timebam,
585 2295 736 2391 optanda
762 2296 939 2389 patientia,
968 2307 1096 2381 tamen,
1123 2297 1218 2390 quod

131 2420 334 2513 rigidissimi
348 2421 478 2514 quique
491 2420 777 2514 pbilosophorum
792 2419 1000 2505 fatebuntur,
1013 2441 1081 2493 non
1096 2432 1218 2516 optan-

130 2544 198 2616 dus
216 2544 279 2615 sed
299 2554 355 2616 est
375 2545 540 2617 serendus
557 2543 667 2616 dolor.
690 2544 729 2612 ln
750 2543 819 2615 hoo
836 2563 922 2615 vero
949 2553 983 2614 te
1005 2544 1119 2629 laudo,
1148 2545 1218 2617 huc

130 2678 326 2740 currentem
350 2689 476 2760 urgeo,
495 2667 635 2761 quando
653 2666 749 2738 alind
766 2688 836 2738 non
853 2688 1013 2762 possum,
1032 2677 1069 2739 et
1087 2668 1218 2760 episto

131 2793 197 2863 lam
222 2792 283 2863 tibi
310 2793 401 2862 illam
429 2791 601 2884 profuisse
627 2791 775 2881 glorior:
801 2811 882 2881 quae
908 2813 952 2861 an
973 2790 1020 2860 ilii
1038 2792 1215 2883 profuerit,

130 2915 174 2987 ad
196 2936 301 3006 quem
325 2913 453 3005 scripta
473 2923 537 2995 est,
561 2914 635 3005 ipse
657 2920 739 2982 tunc
765 2914 925 2983 senserit.
950 2913 1026 3005 Ego
1042 2915 1133 2986 enim
1156 2936 1218 3007 po-

131 3049 207 3108 stea
231 3034 299 3104 nisi
327 3037 434 3107 semel
455 3036 630 3106 hominem
656 3055 726 3105 non
752 3034 839 3117 vidi,
868 3035 973 3127 idque
998 3038 1217 3133 perbreviter

129 3158 343 3229 Praenestina
365 3158 431 3229 sub
451 3180 547 3243 aree,
570 3157 710 3230 etmihi
730 3156 832 3228 solito
849 3158 961 3241 laetior
977 3169 1081 3254 atque
1096 3183 1217 3254 aequa-

130 3280 254 3351 nimior
266 3282 367 3354 visus
382 3294 458 3355 erat
472 3303 552 3352 cum
566 3278 795 3352 incommodis
810 3280 884 3354 suis
902 3282 1065 3355 omnibus
1083 3294 1119 3355 et
1135 3305 1215 3354 cum

131 3414 307 3475 senectute
326 3406 459 3476 luctari.
482 3404 565 3476 Mihi
583 3413 700 3476 autem
720 3405 771 3476 sic
787 3405 918 3495 gratias
935 3406 1016 3496 egit,
1034 3415 1071 3475 ut
1083 3404 1216 3476 diceret

107 3547 244 3598 meum
266 3547 347 3598 esse
372 3528 467 3620 quod
493 3527 569 3598 sine
590 3527 749 3600 lamentis
771 3529 807 3598 in
827 3550 913 3624 pace
940 3538 1156 3612 senesceret,
1179 3539 1215 3599 et

131 3647 317 3720 terribilem
351 3650 447 3720 ilium
481 3650 573 3722 diem
607 3652 785 3722 interritus
818 3661 1034 3746 expectaret:
1070 3672 1135 3721 nec
1167 3651 1214 3723 ita

131 3773 239 3842 multo
264 3784 343 3864 post
367 3770 460 3844 obiit.
488 3775 706 3867 Quamquam
733 3774 819 3847 ittud
844 3797 985 3868 quoque
1013 3772 1215 3864 vulgatissi-

130 3914 224 3964 mum
246 3894 291 3964 sit
315 3905 352 3966 ut
377 3895 435 3966 alii
460 3907 580 3988 parata
606 3897 738 3990 prosint
764 3897 850 3968 aliis.
878 3897 1012 3981 Quaerit
1037 3916 1121 3989 opes
1144 3893 1213 3966 fitin
1259 3933 1262 3943 ·

129 4023 243 4107 pater:
264 4015 406 4101 alienus¹
423 4030 458 4090 et
477 4019 573 4113 quod
592 4019 725 4103 durius,
748 4017 860 4089 hostis
882 4027 980 4111 parto
993 4019 1129 4103 fruitur.
1142 4017 1214 4088 Nec

130 4135 164 4206 in
185 4137 228 4208 iis
249 4140 360 4210 sotum
382 4161 461 4232 quae
481 4144 628 4223 fortunae
649 4143 822 4226 serviunt,
846 4143 910 4216 sed
930 4145 966 4215 in
986 4141 1114 4236 quibus
1137 4142 1212 4212 nnl-
