2738 4680
251 322 344 371 irruo
365 321 529 371 vrossruus
551 322 939 374 susumus—smmum
961 325 991 373 u.
1105 311 1162 374 llo

86 501 141 550 neo
160 499 243 550 oum
267 476 445 548 Lucretio:

237 641 315 704 Avia
331 642 488 705 Pieridum
505 656 633 720 peragro
651 642 714 704 loco
732 641 845 704 nullius
862 649 931 704 aute

241 741 323 804 Trita
340 741 419 804 solo:
532 798 536 813 ,

85 903 147 973 Neo
167 925 249 974 oum
271 902 438 993 Virgilio:

242 1114 369 1128 .....
391 1066 477 1128 Iuvat
495 1064 540 1128 ire
558 1065 638 1144 iugis
656 1083 715 1145 qua
732 1066 812 1130 nulla
828 1069 971 1148 priorum

240 1164 399 1227 Castaliam
416 1165 499 1227 molli
516 1165 682 1227 divertitur
699 1166 797 1229 orbita
814 1165 903 1228 olivo.

85 1324 169 1409 Quid
187 1325 299 1414 ergo‘l
317 1323 399 1392 Sum
418 1344 523 1414 quem
542 1321 694 1415 priorum
714 1323 885 1408 semitam,
905 1322 1053 1394 sednon
1073 1328 1185 1404 som-l

85 1471 140 1541 per
154 1448 270 1519 aliena
283 1447 434 1537 vestigia
449 1446 548 1537 sequi
564 1446 669 1516 iuvet.
690 1447 773 1515 Sum
787 1446 847 1539 qui
861 1448 1005 1517 aliorum
1026 1446 1165 1539 scriptis

85 1593 146 1642 non
163 1569 285 1641 furtim
305 1568 366 1639 sed
384 1568 542 1661 precario
560 1569 609 1639 uti
627 1568 732 1639 velim
750 1570 785 1638 in
804 1580 969 1663 tempore,
995 1570 1058 1640 sed
1081 1570 1166 1641 dum

85 1694 191 1777 liceat,
214 1693 304 1763 meis
325 1693 451 1762 malim.
476 1694 559 1762 Sum
581 1713 686 1784 quem
705 1692 895 1764 similitudo
913 1691 1076 1778 delectet,
1096 1716 1165 1766 non

86 1817 263 1900 identitaS,
285 1827 321 1886 et
341 1815 529 1887 similitudo
550 1815 625 1910 ipsa
646 1838 787 1908 quoquo
808 1838 877 1887 non
897 1816 1019 1901 nimia,
1042 1816 1077 1886 in
1097 1840 1166 1910 qua

40 2009 45 2014 .
87 1941 246 2033 sequacis
267 1942 331 2009 lux
351 1937 479 2030 ingenii
496 1939 656 2020 emineat,
675 1960 743 2008 non
764 1938 905 2010 ooeoitas
928 1960 995 2008 non
1017 1961 1167 2031 pauper-

89 2071 148 2135 tas.
168 2065 255 2163 Sum
277 2063 338 2155 qui
359 2062 466 2133 satius
489 2084 568 2133 rear
587 2063 677 2133 duee
696 2061 864 2145 caruisse,
883 2084 986 2153 quam
1008 2062 1085 2152 oogi
1105 2084 1168 2154 per

87 2189 199 2258 omnia
227 2186 353 2258 ducem
381 2187 491 2278 sequi.
519 2185 606 2256 Nolo
631 2185 755 2255 duoem
781 2184 840 2277 qui
866 2205 923 2254 me
948 2184 1079 2255 vinciat
1104 2184 1168 2254 sed

87 2310 281 2402 praecedat:
304 2310 373 2380 sint
394 2332 473 2380 eum
493 2308 583 2379 duee
603 2308 710 2393 oculi,
734 2307 777 2378 sit
798 2306 976 2389 iudicium,
1000 2308 1045 2378 sit
1066 2304 1169 2377 liber-

89 2441 158 2515 las;
184 2453 254 2502 non
275 2429 460 2524 prohibeor
481 2429 540 2500 ubi
560 2432 664 2501 velim
691 2430 814 2523 pedem
832 2450 962 2523 ponere
988 2437 1024 2499 et
1043 2436 1169 2524 praete-

90 2554 152 2626 rire
174 2556 302 2646 aliqua,
325 2562 360 2624 et
381 2553 562 2625 inaccessa
583 2563 727 2637 tentare,
749 2563 784 2622 et
803 2552 1010 2638 breuiorem,
1030 2551 1105 2623 sive
1122 2549 1169 2622 ita

89 2677 147 2748 lert
182 2679 330 2762 animur,
354 2677 544 2772 planiorem
570 2678 690 2746 callem
717 2673 830 2768 sequi,
862 2685 897 2747 et
921 2696 1109 2768 properare
1134 2681 1171 2744 et

90 2799 279 2871 subsistere
299 2812 334 2871 et
358 2799 533 2872 divertere
561 2798 672 2883 liceat,
701 2808 736 2869 et
762 2799 901 2870 reverti.
929 2799 1000 2869 Sed
1024 2798 1168 2867 nimium

89 2946 204 3016 vagor,
233 2924 377 2995 nimium
400 2922 576 2994 distrahor
600 2921 707 2994 abeo
732 2922 828 3014 quod
848 2921 1057 2993 hodiernum
1082 2929 1168 2991 erat.

90 3047 145 3120 list
166 3048 300 3120 decima
322 3047 467 3142 pastorii
487 3045 649 3117 carminis
670 3047 819 3137 Egloge,
842 3045 942 3116 euius
964 3043 1115 3136 quadam
1135 3042 1171 3113 in

91 3184 182 3262 parte
203 3173 256 3243 ita
274 3171 505 3264 scripseram:
526 3171 606 3239 sollo
622 3169 771 3238 sublimis
787 3190 906 3238 acerno
921 3194 930 3236 :
948 3165 1170 3261 postmodum

92 3316 170 3368 vero
197 3295 282 3367 dum
304 3295 517 3385 relegeretur
543 3291 675 3363 attendi
696 3292 809 3363 simile
828 3290 931 3362 nimis
957 3311 1037 3363 esse
1057 3288 1171 3380 Virgi-

93 3417 175 3490 liano
197 3415 352 3488 carmini.
375 3415 433 3486 Ille
455 3415 546 3486 enim
568 3416 616 3486 ait
635 3416 669 3484 in
693 3412 839 3509 septimo
859 3413 970 3486 divini
984 3413 1128 3506 .operis;

409 3599 552 3678 Solioque
570 3600 678 3662 inritat
695 3614 813 3661 acerne.

96 3786 239 3860 Mutabis
261 3810 357 3880 ergo,
384 3799 419 3858 et
440 3789 515 3859 loeo
541 3787 632 3858 illius
654 3805 762 3879 pones
783 3784 851 3856 ita:
879 3782 985 3853 erede
1010 3781 1171 3854 verendus

97 3933 235 3983 acerna:
262 3911 402 3983 omnino
423 3913 516 3982 enim
543 3933 704 3983 acernam
731 3930 809 3982 esse
835 3907 955 3979 sedem
981 3906 1078 3977 volui
1105 3906 1170 3978 llo·

100 4036 179 4106 mani
201 4033 356 4129 imperii,
384 4056 463 4105 oum
484 4055 596 4126 equus
623 4033 759 4105 Troiani
785 4031 913 4105 excidii
938 4029 1032 4123 apud
1056 4029 1169 4122 ipsum

99 4154 271 4249 Virgilium
308 4158 354 4229 sit
378 4179 549 4243 acernus;
576 4168 614 4229 ut
640 4157 729 4230 siout
753 4156 786 4226 in
812 4153 1014 4246 theologicis
1038 4152 1171 4246 lignum
