2730 4680
120 356 122 359 ,
221 294 258 352 l8
561 273 724 351 nonanus
747 301 968 350 rnurnnurnus
1053 297 1055 306 ·

219 463 300 518 curn
319 440 383 511 lroc
404 439 543 511 nominc
565 434 702 519 lucrant
723 441 779 510 rel
795 441 925 512 virtute
941 441 1056 521 anion,
1072 442 1127 521 vel
1146 445 1304 532 augurio,

220 567 274 637 vel
298 560 471 653 pontificio
494 563 587 634 clari.
611 563 683 633 Sub
705 562 770 634 hoc
791 583 878 634 sane
905 562 1097 634 novissimo
1122 569 1305 659 protessus

220 687 517 779 estPapinianuS‚
545 709 663 779 quern,
693 688 722 757 si
744 687 808 756 rite
835 688 964 771 recole,
992 670 1068 758 iura
1089 690 1165 780 ipsa
1190 688 1306 761 civilia

220 811 410 886 acutissimi
437 811 564 901 ingenii
586 812 700 881 virum
718 810 853 894 dicunt,
878 809 988 881 AElius
1009 821 1126 883 antem
1152 813 1307 904 Spartia-

218 958 285 1007 nus
312 935 500 1011 historicus
527 934 613 1017 iuris
634 934 786 1026 asylum,
813 930 982 1002 doctrinae
1007 935 1135 1023 regalis
1164 934 1307 1005 thesau-

217 1083 294 1131 rum
317 1061 477 1151 appellat.
505 1057 660 1138 Quorum
689 1056 798 1147 primi
817 1065 888 1126 tres
916 1055 1088 1127 subdivo
1115 1058 1303 1140 Hadriano,

216 1185 370 1274 quinque
392 1181 541 1274 proximi
563 1177 632 1248 sub
652 1177 827 1249 Antonino
853 1180 924 1261 Pio,
955 1201 1068 1250 nouus
1094 1179 1163 1271 snb
1189 1181 1306 1264 Marco

216 1305 390 1379 Antonino
416 1301 623 1396 philosopho
651 1300 927 1394 prudentissimo
951 1301 1107 1393 principe
1132 1305 1304 1385 claruisse

215 1439 421 1503 noscuntur:
449 1425 606 1502 decimus
626 1447 712 1497 vero
739 1425 806 1496 sub
826 1424 1004 1498 Antonino
1028 1426 1197 1498 Bassiano
1224 1449 1305 1498 crn-

215 1550 398 1628 delissima
415 1548 547 1631 bellua,
570 1571 590 1617 a
611 1570 681 1639 quo
706 1542 861 1631 tandem,
885 1546 967 1640 qnia
988 1548 1209 1640 parricidium
1227 1552 1305 1623 eius

214 1696 386 1749 excusare
406 1675 576 1756 noluerat,
601 1672 801 1756 interiectus
815 1683 879 1742 est.
894 1673 977 1743 Post
998 1671 1064 1742 lios
1086 1672 1193 1742 lulius
1214 1674 1304 1745 Pan-

215 1801 269 1869 lns
290 1810 325 1868 et
344 1796 516 1867 Domitius
542 1796 709 1887 Ulpianus
732 1793 1045 1885 iurisperitissimis
1063 1803 1099 1864 et
1118 1795 1178 1886 qni
1203 1797 1304 1887 Papi-

212 1921 307 1997 niani
321 1939 522 1991 assessores
534 1921 680 2001 fuerant,
699 1917 1136 2008 sublmperatoreAnrelio
1149 1917 1304 1993 Alexan-

212 2044 278 2114 dro
299 2045 408 2115 multo
426 2043 610 2112 inhonore
630 2039 810 2121 vixerunt,
833 2048 998 2131 tantaque
1020 2063 1099 2124 curn
1121 2040 1225 2110 lande
1251 2053 1304 2111 at-

214 2189 284 2259 que
297 2166 459 2259 opinione
476 2164 642 2245 omnium,
663 2172 701 2232 nt
713 2164 770 2233 ille
783 2162 1067 2254 quidem-summi
1080 2163 1302 2253 Imperatoris

213 2313 340 2366 nomen
369 2288 528 2358 hahuerit
548 2286 594 2356 ol)
620 2286 654 2355 id
676 2284 842 2367 manime,
870 2284 965 2376 quod
993 2283 1119 2354 talibus
1147 2285 1301 2354 consiliis

214 2411 474 2503 Rempnhlicam
518 2408 738 2498 gubernaret.
774 2407 865 2478 Sileo
903 2407 1079 2498 reliquos;
1112 2407 1300 2479 illustriora

214 2532 400 2623 pertigisse
426 2533 511 2602 satis
534 2533 588 2601 sit.
624 2532 726 2613 Quod
753 2531 831 2603 ideo
865 2539 961 2602 certo
986 2531 1189 2622 diligentius
1217 2533 1298 2613 feci„

213 2657 293 2746 qnia
316 2677 396 2747 pars
416 2677 541 2745 magna
563 2656 766 2745 legistarnm
786 2654 896 2749 nostri
914 2654 1080 2746 temporis
1101 2655 1147 2727 de
1167 2655 1300 2746 origine

213 2778 299 2848 iuris
325 2788 361 2850 et
380 2776 617 2850 conditoribus
639 2779 754 2869 legum
776 2777 862 2848 nihil
883 2790 942 2849 aut
963 2800 1085 2871 parurn
1107 2789 1220 2862 corat,
1247 2779 1300 2849 di-

213 2882 342 2975 dicisse
363 2912 522 2974 contenta
544 2901 628 2994 quid
649 2903 693 2972 de
714 2901 948 2975 contractibus
969 2901 1084 2993 doque
1106 2901 1299 2973 indiciisao

214 3026 431 3104 testamentis
454 3027 528 3096 iure
550 3027 595 3096 sit
614 3036 764 3110 cautum,
789 3035 896 3119 utque
918 3025 1021 3111 studii
1046 3026 1100 3096 sni
1120 3025 1225 3096 finem
1248 3028 1298 3095 ln-

211 3171 310 3218 crum
332 3147 462 3232 lecerit,
485 3170 563 3218 cum
589 3161 701 3218 tamen
722 3148 847 3218 artium
870 3147 1055 3238 primordia
1081 3157 1116 3228 et
1135 3158 1298 3219 auctores

213 3293 331 3355 nosse,
354 3283 389 3341 et
408 3269 636 3343 delectatione
662 3271 766 3344 animi
788 3293 857 3342 non
878 3283 991 3355 vacet,
1015 3270 1116 3341 etad
1140 3271 1238 3354 eine,
1254 3273 1297 3342 de

213 3417 284 3488 qno
304 3396 433 3486 agitur,
454 3394 609 3466 notitiam
636 3395 823 3464 intellectui
850 3418 950 3488 opem
974 3398 1080 3466 serat:
1107 3415 1185 3463 cum
1208 3414 1298 3486 prae·

214 3532 308 3591 terna
336 3518 392 3587 ille
419 3518 696 3588 mechanicarum
724 3519 900 3610 propriuS,
929 3517 1121 3589 liberalium
1150 3539 1236 3589 vero
1262 3526 1296 3585 et

213 3643 438 3714 honestarum
466 3642 591 3712 artium
617 3641 791 3713 liberalior
815 3642 956 3734 quidam
987 3655 1022 3715 et
1048 3643 1226 3723 honestior
1253 3644 1297 3711 sit

213 3765 303 3852 finis.
325 3769 394 3838 lam
417 3766 490 3851 tibi,
514 3767 542 3836 si
564 3767 759 3860 praemissis
782 3766 935 3836 animum
957 3765 1167 3860 applicuisti,
1191 3763 1295 3837 studii

214 3889 262 3958 tni
278 3889 472 3962 descensus
495 3892 581 3961 alter
602 3890 806 3973 ostenditur,
827 3890 891 3960 sed
912 3891 1020 3970 maior
1041 3891 1161 3973 multo,
1190 3913 1293 3982 quam

215 4012 356 4102 primus.
387 4013 509 4105 Neque
533 4013 716 4099 miraberis
744 4013 773 4083 si
804 4014 858 4084 hic
889 4034 1030 4106 quoque
1056 4012 1223 4104 respicias
1250 4012 1294 4082 ad

213 4143 372 4207 ruitrnarn
399 4157 514 4207 rernm
538 4139 608 4206 iere
635 4149 853 4222 cunctarum,
881 4157 961 4230 quae
986 4159 1065 4207 cum
1087 4139 1192 4211 senrel
1226 4136 1292 4208 labi
