2992 4664
247 305 305 365 300
586 317 626 364 33
648 317 748 364 33333
770 314 992 363 3333331333

246 461 333 529 Ν333
353 460 380 528 si
400 459 445 530 ad
462 479 522 529 eos
543 478 633 550 ques
648 460 820 529 iuveniles
838 456 941 530 ludos
958 466 1101 541 vocant,
1117 458 1249 550 primos
1265 461 1334 529 sci-

247 578 326 652 licet
339 580 584 652 adolescentiae
600 601 675 651 suae
689 579 825 650 libellos
837 582 974 651 oculum
985 579 1152 660 deflectis,
1162 580 1334 672 seriptum

248 703 293 772 ibi
315 715 412 774 tuum
433 724 560 771 nomon
578 703 750 773 invenies.
774 703 957 793 Reliquum
978 713 1033 772 est
1055 711 1092 772 ut
1119 723 1242 794 sparsa
1269 725 1335 794 per

247 835 355 896 totum
378 824 537 915 epistolae
557 836 626 895 tuae
650 846 779 916 corpus
811 825 1030 915 querelarum
1066 832 1203 894 tuarum
1237 826 1334 914 frag-

250 955 362 1017 menta
386 945 630 1037 perstringam.
652 945 873 1039 Discerptum
895 956 928 1016 te
949 946 994 1017 ab
1014 945 1246 1017 imitatoribus
1262 947 1333 1016 tuis

247 1070 355 1141 doles.
378 1070 434 1138 Sic
452 1069 612 1160 oportuit.
634 1070 740 1139 Nemo
760 1069 795 1137 in
814 1077 923 1139 totum
946 1069 1033 1139 tanti
1060 1069 1190 1160 ingenii
1216 1092 1334 1162 capax

248 1204 333 1264 erat.
355 1191 552 1281 Indignaris
574 1191 651 1261 illos
674 1191 742 1261 tuis
764 1191 903 1262 indutos
924 1191 1043 1281 spoliis
1066 1191 1245 1261 insultare.
1275 1193 1334 1262 Sic

248 1326 303 1386 est
321 1336 424 1386 usus:
447 1336 514 1383 non
530 1322 644 1405 potest
657 1312 760 1383 valde
778 1313 935 1403 ingratus
952 1334 1033 1384 esse
1048 1312 1113 1383 nisi
1128 1314 1189 1406 qui
1204 1335 1334 1404 magno

251 1435 417 1507 beneficio
439 1445 640 1527 praeventus
659 1443 724 1504 est.
746 1435 864 1524 Luges
886 1456 1012 1505 nomen
1031 1447 1128 1505 tuum
1150 1435 1244 1526 apud
1263 1435 1333 1527 pri-

250 1580 328 1628 scos
350 1558 615 1629 iurisconsultus
638 1576 679 1627 ac
696 1557 852 1626 medicos
880 1557 1089 1648 gloriosum,
1118 1558 1336 1627 successori-

250 1679 316 1750 bus
337 1701 417 1750 esse
433 1681 657 1772 contemptui,
676 1699 741 1748 nec
761 1679 916 1750 advertis
937 1689 1105 1771 quantum
1127 1677 1161 1746 hi
1189 1677 1332 1770 quidem

249 1822 371 1872 omnes
391 1801 613 1871 dissimillimi
632 1812 713 1872 sunt
734 1803 885 1873 illorum:
908 1802 1031 1871 namsi
1048 1801 1177 1870 similes
1195 1812 1331 1884 essent,

251 1924 375 1995 similia
388 1925 542 1994 colerent
555 1937 659 2016 atque
678 1936 845 1995 amarent.
862 1925 983 1995 Cesset
995 1921 1196 2013 indignatio,
1216 1935 1335 1995 cesset

226 2047 362 2143 gdolor,
386 2045 515 2139 optima
534 2067 616 2138 spes
637 2057 810 2136 assurgat.
831 2046 1105 2138 Sunt'primitiae
1131 2045 1273 2115 virtutis
1299 2058 1335 2116 et

224 2158 228 2207 ³
251 2168 381 2258 ingenii
398 2167 621 2261 displicuisse
638 2152 739 2237 malis
761 2179 795 2238 et
821 2168 979 2238 indoctis.
1008 2170 1091 2236 Tam
1118 2171 1211 2238 clara
1237 2173 1334 2238 lrons

223 2273 225 2281 ’
251 2292 379 2383 ingenii
402 2293 449 2362 tui
467 2303 523 2362 est
542 2302 578 2361 ut
597 2314 674 2361 eam
695 2292 799 2385 lippae
825 2292 919 2362 acies
953 2293 1044 2361 ferre
1077 2313 1146 2361 non
1179 2293 1331 2363 valeant.

251 2414 416 2504 Idemque
435 2411 497 2480 tibi
519 2413 643 2482 accidit
660 2412 754 2504 quod
776 2413 861 2494 Soli,
880 2412 983 2483 cuius
1010 2434 1076 2482 uon
1104 2413 1243 2484 infamia
1271 2412 1334 2484 sed

251 2537 429 2604 excellens
452 2535 528 2603 laus
549 2543 604 2603 est
624 2534 719 2625 quod
733 2532 860 2603 infirmi
872 2536 974 2618 oculi,
990 2544 1025 2604 et
1039 2547 1220 2606 nocturnae
1235 2535 1333 2605 illum

251 2654 389 2743 fugiunt
409 2676 505 2724 aves,
529 2655 632 2746 Apud
657 2657 819 2747 antiquos
844 2656 984 2747 quidem
1012 2666 1047 2727 et
1072 2657 1274 2740 modernos,
1304 2659 1333 2726 si

251 2774 310 2865 qui
334 2785 415 2844 suut
435 2776 615 2868 inquibus
637 2777 782 2848 scintilla
814 2779 869 2848 vel
902 2779 1014 2848 tenuis
1045 2777 1173 2872 priscae
1206 2776 1333 2848 indolis

196 2872 366 2993 adhuei
387 2898 498 2982 vivat,
522 2923 591 2970 non
613 2899 716 2971 modo
736 2900 966 2994 philosophus
985 2923 1131 2970 saceru
1136 2901 1242 2991 tipse
1270 2900 1331 2983 ais,

230 3068 232 3071 -
230 3019 323 3102 sed,
348 3032 386 3089 ut
406 3022 480 3090 dixi
485 3023 713 3116 philosopho
726 3026 956 3115 maturatque
975 3021 1156 3093 sublimior
1169 3021 1332 3091 babens

229 3231 231 3244 ὗ
254 3145 371 3233 utqui
393 3145 659 3234 pulcherrimam
686 3146 940 3241 philosophiam
967 3146 1190 3218 ornatissimo
1216 3168 1257 3218 ao
1286 3156 1335 3218 le-

253 3264 423 3334 nuissimo
446 3274 544 3353 tegas
566 3268 654 3336 velo.
674 3267 842 3349 Quisnam
869 3269 960 3360 apud
986 3271 1063 3340 haec
1090 3280 1249 3363 portenta
1273 3271 1334 3341 ho-

253 3387 383 3457 minum
406 3384 558 3456 habeare
579 3396 639 3457 tua
659 3408 728 3456 non
750 3390 913 3461 interest:
937 3391 1005 3462 imo
1028 3413 1110 3461 vero
1130 3412 1233 3483 quam
1257 3393 1335 3482 plu-

253 3509 378 3578 rimum
400 3507 588 3601 optandum
609 3531 651 3579 ne
673 3511 824 3602 placeas
847 3511 975 3604 quibus
996 3512 1182 3605 displicere
1200 3514 1333 3605 primus

252 3629 295 3700 ad
317 3631 463 3718 gloriam
485 3630 617 3720 gradus
651 3643 719 3713 est,
752 3633 934 3724 proximus
956 3656 1024 3704 non
1048 3635 1201 3724 agnosci.
1225 3636 1331 3719 Pone,

253 3750 320 3820 iam
352 3774 484 3843 precor,
507 3752 764 3823 solicitudinem
785 3776 1047 3839 acmocrorem,
1070 3755 1170 3825 etad
1192 3777 1334 3846 campos

253 3873 390 3966 Elysios
411 3874 589 3965 pristinam
616 3875 707 3944 illam
736 3886 830 3946 tuam
865 3877 996 3968 tibique
1026 3876 1179 3948 debitam
1211 3877 1352 3967 sedem,

255 3991 341 4074 redi,
366 3993 457 4064 unde
477 3995 656 4066 letalibus
677 3997 816 4089 ineptiis
837 4001 976 4090 pulsum
1004 3999 1101 4069 dicis.
1130 3999 1205 4069 Non
1231 3997 1334 4070 dccet

253 4116 406 4186 animum
421 4118 586 4211 sapientis
602 4123 785 4192 stultorum
801 4121 1022 4193 contumeliis
1032 4125 1159 4213 frangi:
1178 4122 1330 4214 alioquin
