2804 4656
294 319 387 368 crura
408 317 936 369 vrcnsruusrunrrus.-urrsrour
958 320 986 367 v.
1124 303 1179 367 201

100 473 217 560 captat
238 465 393 555 ignavia,
416 483 497 556 quae
523 463 666 538 vivendi
692 461 796 534 avida
821 461 959 533 vixisse
978 462 1182 534 contemnit:

100 591 317 682 ingratorum
339 608 456 688 more,
476 588 538 679 qui
564 586 658 680 quod
679 588 872 679 importune
893 582 1064 668 ambiunt,
1087 582 1184 657 lasti·

101 713 202 783 diunt
218 709 404 782 consecuti.
425 709 480 781 Sic
500 719 571 780 est:
599 708 779 800 longitudo
805 707 889 778 vitae
914 707 1181 801 concupiscitur,

101 844 169 915 etsi
188 841 272 912 nihil
293 843 328 912 in
348 841 414 912 bac
431 839 603 913 brevitate
622 843 764 931 longum
792 840 847 909 sit.
869 839 960 908 Estow
974 846 1107 908 autem:
1133 843 1186 908 ut-

101 977 252 1056 cumque
264 963 448 1053 contlgerit
461 971 626 1056 exoptata
638 961 824 1045 vivacitas,
839 969 1022 1052 postquam
1034 965 1185 1051 punctus

103 1088 160 1158 ille
174 1085 389 1158 novissimus
407 1083 550 1175 ingruit,
565 1092 600 1155 et
618 1085 775 1154 solutura
790 1085 990 1173 longaevum
1008 1081 1185 1153 vinculum
1276 1108 1279 1114 ·

102 1228 227 1279 manus
248 1206 384 1290 mortis,
408 1226 528 1299 quaero
549 1204 635 1297 quid
662 1204 766 1277 babet
792 1204 941 1296 amplius
966 1204 1027 1296 qui
1048 1213 1186 1276 eentum

102 1329 192 1399 vixit
216 1349 341 1411 annue,
364 1350 470 1421 quam
495 1330 557 1420 qui
580 1327 626 1399 ab
653 1327 760 1399 ubere
790 1328 836 1398 ad
857 1328 1061 1419 'sepulcrum
1096 1325 1187 1417 rapi-

104 1461 174 1524 tur:
188 1449 520 1544 quandoquidemet
533 1450 672 1544 utrique
685 1450 764 1521 finis
777 1452 886 1535 adest,
901 1461 1039 1542 tempus
1054 1457 1188 1520 utrum·

103 1597 171 1668 que
191 1574 380 1669 praeteriit?
399 1572 610 1646 Audivimus
633 1594 727 1666 saepe
747 1575 934 1645 morientes
950 1593 1053 1644 senes
1071 1572 1188 1643 dicere

103 1697 214 1770 videri
236 1696 301 1767 sibi
322 1695 386 1766 vix
407 1719 513 1766 unum
540 1696 634 1766 diem
660 1694 834 1786 integrum
860 1696 1010 1768 vixisse:
1033 1698 1187 1788 proiecto

105 1822 193 1893 inter
210 1819 456 1892 brevissimum
473 1818 662 1889 bibernum
680 1818 790 1903 diem,
806 1841 847 1890 ac
861 1818 1102 1909 longissimum
1119 1818 1187 1888 Ne·

106 1953 232 2015 storeae
248 1941 333 2013 vitae
353 1949 490 2034 tempus
509 1950 621 2013 tractu
644 1941 788 2034 aliquid,
811 1940 911 2011 exilu
931 1939 1015 2010 nihil
1038 1938 1186 2023 intersit,

106 2067 166 2138 ubi
186 2066 230 2137 ad
252 2076 382 2138 metam
411 2074 447 2135 et
467 2065 669 2157 utriusque,
689 2074 726 2135 ut
747 2063 798 2134 sic
823 2061 952 2143 dicam,
987 2060 1033 2134 ad
1063 2080 1187 2153 vespe-

106 2201 180 2262 ram
200 2199 344 2260 ventum
365 2197 429 2259 est.
451 2185 558 2279 Atqui
578 2187 625 2257 ita
647 2206 727 2258 esse
744 2195 783 2256 ut
798 2184 885 2268 dixi,
905 2184 1056 2275 vileque
1074 2204 1185 2274 spem,

106 2334 209 2405 quam
231 2333 304 2381 rem
325 2310 438 2403 ipsam
458 2308 568 2405 pluris
594 2307 682 2392 lieri,
707 2307 804 2379 facile
823 2308 868 2380 de
889 2309 1078 2377 stultorum
1096 2305 1187 2377 votis

107 2436 333 2525 lamentisque
351 2432 535 2525 colligitur,
550 2432 858 2526 Sapientiumvero
874 2452 937 2502 neo
951 2429 1090 2500 iniustae
1103 2449 1189 2520 que-

108 2555 264 2626 rimoniae
291 2576 356 2625 neo
381 2556 498 2626 inania
526 2565 608 2625 vote
638 2564 733 2640 sunt,
763 2564 799 2625 ut
826 2553 963 2646 quibus.
981 2572 1188 2645 persuasum

109 2678 154 2749 sit
172 2680 305 2749 felicem
326 2675 401 2749 fieri
420 2700 490 2749 non
511 2678 595 2748 vitae
617 2676 729 2772 spatio
750 2677 814 2748 sed
834 2677 972 2760 merito,
990 2697 1060 2746 non
1079 2677 1189 2746 tortu-

108 2823 163 2874 nae
183 2799 349 2895 praesidio
364 2800 426 2870 sed
444 2800 593 2871 virtutis.
609 2800 696 2882 Quae
713 2823 791 2871 cum
806 2800 853 2872 ita
872 2801 941 2870 sint
957 2800 1002 2870 ad
1016 2819 1188 2870 summam

109 2922 159 2993 sic
180 2922 321 3002 habeto,
343 2920 391 2990 nil
412 2944 468 2991 me
487 2922 601 2991 laetius
623 2921 824 2993 auditurum
844 2936 948 3013 quam
971 2921 1062 2992 hunc
1086 2925 1187 2993 talem

108 3042 216 3114 animi
228 3040 276 3111 tui
292 3051 431 3112 statum.
446 3042 536 3124 Quid
554 3043 692 3113 enimsi
709 3041 834 3136 opibus
852 3044 1031 3115 immensis
1048 3056 1189 3118 auctum

109 3187 153 3236 an
173 3163 360 3235 obsessum
380 3174 415 3234 et
435 3186 641 3259 oppressum
660 3165 797 3265 dicam?
813 3167 905 3250 Quid
926 3166 955 3237 si
976 3171 1102 3240 lactum
1124 3170 1191 3240 lta-

109 3287 166 3358 liae
183 3287 315 3376 Regem
338 3287 487 3357 scirem?
507 3286 740 3371 Quambreve
761 3290 943 3380 gaudium,
965 3314 1069 3386 quam
1084 3293 1190 3364 cadu-

110 3412 213 3480 cum?
232 3411 362 3500 Regna,
382 3429 482 3505 epae,
506 3421 541 3482 et
560 3411 732 3504 quidquid
744 3397 883 3485 omnino
897 3416 1033 3485 fortuna
1054 3413 1188 3498 tribuit,

114 3533 212 3604 novit
232 3535 378 3625 eripere.
400 3533 716 3625 Fingaturlorluna
734 3535 916 3619 liberalior,
935 3536 1100 3629 quodque
1114 3557 1192 3627 per·

112 3678 230 3727 rarum
251 3666 313 3739 est,
330 3677 443 3748 usque
463 3655 508 3728 ad
521 3656 654 3728 exitum
671 3658 796 3730 amica:
819 3658 947 3752 ligatur
964 3670 1039 3731 rota
1058 3659 1114 3729 illa
1128 3678 1190 3729 vo·

111 3777 238 3850 lubilis.
261 3779 461 3871 Cuiuspiam
482 3780 627 3852 inauditi
647 3780 776 3852 favoris
796 3781 968 3867 obicibus,
990 3791 1101 3853 morte
1122 3783 1191 3852 sul-

110 3899 198 3986 tam,
221 3902 321 3973 cuius
341 3905 436 3972 nulla
456 3902 532 3973 talis
548 3903 738 3975 liberalitas
756 3902 838 3995 fingi
857 3912 984 3996 potest,
1003 3904 1191 3996 linquenda

113 4023 269 4115 imperia,
291 4024 507 4118 deponendae
525 4024 671 4110 divitiae,
694 4035 729 4096 et
753 4025 857 4097 nudis
879 4024 969 4097 unde
990 4026 1072 4098 nudi
1094 4027 1192 4098 veni-

33 4210 38 4221 ,
112 4165 191 4218 mus
212 4147 439 4220 redeundum.
462 4147 501 4218 ln
518 4148 612 4221 buno
629 4169 713 4222 vero
726 4158 823 4220 tuum
838 4147 989 4220 animum
1007 4149 1090 4220 nibil
1104 4150 1190 4221 iuris
