2738 4680
192 329 250 390 tol
530 346 571 391 nu
593 345 693 393 nunus
714 344 936 391 rrlurunnrnus

191 490 277 581 vigil
299 490 488 573 industria,
508 495 544 559 et
561 489 650 558 iuter
664 487 883 558 difficultates
898 509 1016 558 rerum
1031 507 1110 558 sose
1136 491 1272 560 animus

193 614 347 705 erigens,
364 612 499 706 patiens
514 611 688 695 laborum,
705 612 825 702 gloriae
845 623 1024 705 appetens,
1040 620 1275 706 contemplor·
1310 694 1319 709 .

194 761 264 831 que
286 736 476 819 libidinum,
492 758 540 828 qu
554 734 612 806 ubi
636 758 675 806 se
696 735 837 818 vicerit,
862 736 962 806 facile
984 736 1140 806 omnium
1162 737 1275 808 victor

195 861 365 932 efficitur?
386 859 481 930 Idem
502 861 578 952 ipse
599 860 794 930 lentescens
817 859 1008 950 veriusque
1028 859 1170 931 destitui
1191 859 1275 929 inci-

196 984 295 1079 piens
317 1006 399 1054 mox
420 982 616 1054 vincendus
638 981 683 1053 ab
701 981 864 1053 omnibus
877 981 912 1051 in
925 984 1048 1052 luxum
1063 981 1275 1054 socordiam-

195 1130 264 1203 que
285 1107 487 1192 resolvitur,
521 1106 615 1200 quod
637 1106 671 1174 iu
692 1105 746 1175 his
770 1104 880 1177 tribus
901 1127 989 1198 quas
1008 1105 1169 1199 proxime
1203 1129 1275 1177 me-

196 1232 351 1313 moravi,
365 1231 471 1322 inquc
486 1229 553 1297 illis
568 1238 726 1320 quatuor,
742 1250 890 1320 quorum
906 1229 1017 1322 primo
1031 1229 1273 1311 memineram,

197 1354 345 1445 aliisque
366 1375 470 1445 quam
498 1352 657 1444 plurimis
684 1352 804 1442 regnis
828 1372 870 1420 ac
892 1352 1055 1442 gentibus
1077 1362 1275 1447 promptum

198 1487 296 1549 esset
315 1476 518 1559 ostendere,
544 1476 611 1545 nisi
631 1475 713 1567 quia
737 1485 772 1545 et
797 1478 939 1565 longum
966 1486 1002 1546 et
1034 1487 1154 1547 notum
1189 1476 1277 1547 adeo

198 1610 264 1686 est,
288 1613 326 1673 ut
347 1601 395 1670 nil
416 1600 506 1670 inter
530 1599 688 1678 homines
717 1599 762 1668 sit
787 1600 914 1669 notius.
941 1601 986 1668 Et
1011 1599 1089 1670 haec
1114 1600 1278 1688 nimirum

198 1726 255 1796 illa
273 1735 328 1795 est
348 1746 369 1793 a
390 1723 505 1793 minus
528 1720 620 1791 bono
653 1722 698 1792 ad
731 1724 898 1816 optimum
934 1745 1110 1815 quemque
1144 1724 1277 1814 imperii

107 1892 108 1895 =
199 1844 688 1940 quamdicebamSallustiana
703 1846 891 1928 transierim
902 1847 1118 1935 fortunaeque
1132 1845 1277 1916 mutatio

199 1992 277 2041 cum
300 1967 465 2040 moribus.
486 1968 601 2038 Prima
622 1968 765 2059 quidem
788 1968 912 2039 victrix
935 1969 1155 2040 exercituum
1173 1981 1278 2062 alque

199 2094 403 2166 enervatrix
427 2094 553 2163 virium
581 2094 759 2185 voluptas,
787 2102 1039 2185 contraquam
1066 2094 1138 2163 sola
1165 2093 1278 2164 virtus

200 2213 328 2289 invicta
348 2228 412 2288 est.
435 2215 501 2298 Qui
522 2216 587 2287 hac
605 2225 759 2286 armatus
776 2215 822 2284 illi
850 2214 986 2296 restitit,
1013 2214 1097 2283 nulli
1126 2214 1278 2285 hostiurn

200 2361 367 2412 cessurus
389 2341 602 2410 immortales
624 2339 741 2409 titulos
762 2339 857 2408 celso
879 2335 995 2408 fixerit
1018 2336 1185 2428 trophaeo.
1205 2336 1279 2406 Scis

200 2463 286 2556 quid
313 2463 426 2556 Scipio
458 2462 553 2554 apud
580 2463 802 2532 Numantiam
833 2461 965 2532 edixit:
989 2470 1025 2531 et
1047 2459 1280 2531 clarissimum

201 2588 352 2657 enimet
377 2585 596 2656 notissimum
622 2595 677 2656 est
702 2585 869 2671 edictum,
898 2609 968 2679 quo
1002 2595 1115 2656 scorta
1150 2584 1282 2655 scilicet

201 2712 449 2802 institoresque
475 2720 510 2780 et
536 2711 618 2780 lixae
643 2708 768 2781 castris
794 2710 911 2794 eiecti,
941 2710 1030 2794 sive,
1062 2719 1100 2778 ut
1128 2705 1281 2778 breviter

202 2831 296 2923 quod
317 2842 372 2902 est
396 2832 521 2916 dicam,
550 2831 656 2901 inissa
683 2833 845 2924 voluptas
872 2832 906 2900 in
933 2831 1075 2902 exilium
1102 2830 1281 2921 accitaque

203 2955 317 3024 virtus
338 2955 372 3023 in
394 2954 578 3039 auxilium,
602 2977 642 3026 ac
665 2955 802 3026 virtutis
825 2977 942 3027 comes
956 2956 1124 3027 accersita
1138 2953 1282 3025 victoria

201 3089 268 3148 est.
291 3077 402 3160 Quem
422 3079 577 3149 imitatus
603 3079 637 3149 in
663 3080 824 3151 Numidia
850 3081 1010 3151 Metellus
1032 3082 1104 3172 pari
1126 3079 1280 3160 consilio,

155 3262 157 3265 ,
204 3200 278 3292 pari
300 3199 382 3285 fine,
404 3202 582 3294 voluptate
603 3201 720 3271 itidem
743 3205 911 3294 relegata,
934 3203 1125 3294 nervisque
1152 3200 1282 3271 militiae

204 3324 388 3409 restitutis
411 3323 455 3394 ad
479 3325 633 3395 Romana
660 3326 761 3416 signa
781 3326 954 3396 insuetam
973 3322 1106 3396 'tamdiu
1128 3320 1283 3394 exulanti

205 3449 361 3521 victoriae
381 3449 474 3518 viam
500 3448 589 3517 lecit.
618 3448 753 3519 Nostrae
786 3461 902 3520 autem
936 3449 1067 3518 militiae
1100 3446 1284 3540 disciplina

206 3593 366 3664 quaenam
388 3571 434 3641 sit
454 3591 523 3639 non
543 3578 709 3662 expectas
731 3579 769 3639 ut
790 3573 932 3662 loquar:
954 3570 1014 3662 qui
1043 3591 1174 3652 mores
1205 3552 1285 3661 qure

207 3706 402 3767 castrorum
417 3694 565 3787 species,
576 3693 793 3784 quaeducum
809 3694 1048 3788 providentia,
1065 3695 1124 3785 qni
1142 3693 1285 3763 militurn

207 3819 324 3908 vigor,
346 3838 428 3910 quae
449 3816 628 3888 modestia.
648 3816 723 3886 Non
741 3817 896 3888 virorum
911 3827 1025 3887 castra
1038 3827 1141 3909 putes
1156 3812 1285 3907 ingredi

209 3943 270 4014 sed
293 3943 472 4035 lupanaria
499 3939 738 4023 meretricum,
763 3941 995 4033 tabernasqne
1023 3943 1288 4032 ganeonumac

209 4065 375 4155 popinas:
398 4087 510 4157 neque
533 4066 647 4135 hercle
667 4063 767 4135 aliter
786 4076 855 4148 est,
879 4087 994 4158 neque
1021 4087 1107 4136 vero
1133 4063 1288 4157 aequani-

210 4188 313 4258 miter
333 4189 414 4259 vino
436 4189 590 4281 quolibet
610 4186 789 4260 barbarica
810 4189 928 4260 marlot
948 4188 1109 4260 ebrietas.
1132 4187 1204 4261 Nisi
1226 4209 1284 4279 pe.-
