2730 4680
280 327 374 377 LIBER
395 324 684 377 wensinusaflnrus.
697 346 736 360 -
746 327 900 378 EPISTOLA
922 328 953 376 11.
1118 320 1162 399 61Ι

88 467 164 558 cipe,
184 461 281 558 quod
299 461 359 566 tibi
376 465 442 534 fert
462 463 518 534 ille
536 462 592 533 vir
609 463 761 556 optimus
774 463 934 537 militaris
955 466 1159 542 Saceramor
1219 501 1221 506 ·

85 598 200 660 noster
222 597 359 659 tuarum
380 609 496 660 rerum
517 607 632 680 praeoo
648 588 780 678 ingens,
800 609 1027 682 mearumque
1046 613 1160 664 secre-

86 708 215 782 tissime
240 711 428 781 conscius:
453 719 488 781 et
512 730 745 802 quaecumque
768 708 824 780 his
849 709 1008 784 litterulis
1033 713 1161 786 desunt

87 831 335 904 iucundissimo
353 833 578 927 suppleturus
595 831 743 923 eloquio.
762 832 850 904 Vive
867 834 1011 907 feliciter
1024 847 1059 907 et
1070 837 1158 908 vale.

222 976 382 1048 Mediolani,
399 977 448 1032 111.
466 975 605 1032 Kalendas
620 975 714 1031 Maias.

497 1410 674 1476 EPISTOLA
694 1410 738 1475 ΠΙ.

159 1581 357 1634 FRANGISCUS
379 1579 548 1630 Parnason
570 1579 694 1631 CHECCO
715 1579 937 1631 rononlvncnsr
957 1579 984 1629 S.
1005 1580 1034 1629 Ρ.
1055 1581 1086 1629 D.

100 1730 107 1746 “
129 1741 250 1817 Excusat
266 1756 295 1795 se
310 1739 384 1812 quod
399 1739 513 1812 poeticae
528 1739 587 1794 eius
602 1739 724 1811 epistolae
738 1740 843 1810 poetice
857 1756 913 1794 non
929 1740 1111 1812 respondeat,

286 1829 417 1902 quodque
429 1829 549 1901 expetito
562 1829 652 1900 impar
666 1828 701 1884 sit
715 1828 830 1884 ferendo
842 1830 952 1885 auxilio.
986 1883 988 1889 .

179 2064 328 2136 Carmen
353 2066 552 2158 egregium,
582 2088 648 2137 nec
677 2067 903 2161 responsione
937 2077 1069 2138 tantum
1100 2065 1163 2137 sed

90 2188 202 2281 petitae
224 2186 301 2284 opis
327 2187 543 2261 exhibitione
563 2189 821 2282 dignissimum,
849 2191 954 2280 longo
971 2201 1051 2282 post
1077 2197 1163 2260 tem-

89 2330 165 2402 pore
180 2333 286 2402 quam
302 2311 338 2382 id
350 2310 546 2384 excuderas
558 2311 636 2404 legi.
654 2311 721 2383 Sed
734 2333 847 2404 neque
860 2306 942 2381 mihi
958 2311 1003 2383 ad
1020 2334 1164 2406 respou-

73 2430 237 2506 dendum
261 2443 315 2506 sat
340 2433 400 2505 otii
420 2447 492 2520 est,
520 2457 633 2526 neque
654 2446 692 2506 ut
712 2436 770 2520 sit,
797 2435 958 2507 iuvenilis
979 2437 1082 2508 ardor
1106 2435 1164 2504 ille

90 2555 219 2628 Pierius
245 2556 355 2629 solitis
376 2556 509 2629 facibus
531 2558 707 2650 ingenium
725 2558 894 2644 accendit,
917 2561 975 2630 oui
991 2559 1058 2631 iam
1080 2555 1165 2630 satis

89 2689 137 2752 est
168 2692 336 2771 congesta
361 2679 538 2770 digerere,
562 2679 665 2771 inque
692 2678 727 2750 id
753 2677 868 2772 ipsum
892 2680 1004 2751 factus
1029 2688 1085 2750 est
1110 2700 1165 2751 se-

89 2806 207 2894 gnior:
234 2825 348 2896 neque
373 2801 458 2873 mihi
485 2799 576 2873 meis'
595 2800 731 2873 viribus
751 2803 904 2874 ferendae
928 2803 1004 2896 opis
1029 2802 1165 2874 occasio

89 2928 153 3000 ulla
178 2934 245 2998 est.
272 2927 439 2999 Misereor
464 2935 580 2997 tamen
605 2925 700 2996 haud
724 2927 866 2998 nescius
892 2927 1059 3019 scriptum
1084 2947 1165 2998 esse

89 3069 142 3120 cur
160 3049 352 3120 miserearis
365 3050 477 3142 potius
498 3071 597 3139 quom
615 3071 706 3142 opem
726 3052 814 3139 seros
829 3075 836 3117 :
854 3059 889 3121 at
909 3049 1006 3135 iliud,
1025 3060 1062 3121 ut
1079 3050 1163 3134 dixi,

90 3194 307 3267 nequaquam
329 3170 462 3243 arbitrii
482 3171 552 3242 mei
571 3183 633 3242 est.
657 3172 759 3256 Quod
781 3173 811 3244 si
831 3183 926 3244 esset
947 3183 1006 3245 aut
1024 3172 1163 3257 fuisset,

89 3296 247 3389 quamvis
277 3297 432 3368 omnium
465 3318 554 3390 quas
585 3296 754 3367 audierim
786 3306 846 3369 aut
874 3298 1030 3391 legerim,
1064 3301 1165 3390 iunge

89 3419 313 3503 iustissimas,
344 3441 467 3514 preces
501 3432 580 3492 tuas
613 3419 783 3492 hactenus
814 3415 1062 3516 expectaturus
1095 3442 1165 3492 nou

89 3542 243 3615 fuissem.
267 3542 324 3613 Sic
343 3566 398 3614 me
420 3554 541 3616 vester
561 3566 667 3630 amor,
688 3543 739 3616 sic
755 3545 866 3639 pietas
886 3546 998 3630 insita,
1021 3544 1072 3617 sio
1089 3545 1165 3637 ipsa

90 3685 202 3737 rerum
224 3663 416 3758 indignitas
433 3655 582 3759 urgebat
601 3668 669 3738 iam
688 3667 769 3740 inde
789 3677 986 3740 vestrorum
1003 3667 1048 3739 ab
1067 3665 1165 3738 initio

91 3786 261 3870 taborum,
289 3799 328 3859 ut
354 3789 420 3860 hac
446 3790 480 3859 in
505 3799 603 3882 parte
629 3792 740 3860 fraeno
766 3789 850 3860 mihi
875 3811 944 3861 non
970 3785 1163 3859 calcaribus

92 3929 172 4002 opus
189 3921 300 3983 esset.
319 3913 374 3983 Me
394 3913 536 4006 quidem
553 3935 638 3984 vera
658 3914 753 4006 loqui
773 3915 884 3984 Deum
905 3911 1021 3983 omnia
1039 3911 1163 3982 viden-

92 4040 150 4104 tem
170 4036 489 4130 conscientiamque
515 4058 627 4107 meam
648 4047 683 4107 et
703 4035 806 4108 huius
828 4032 988 4106 fidissimi
1012 4033 1162 4107 hominis

93 4158 286 4232 memoriam
314 4169 430 4231 testor.
465 4159 611 4244 Quando
636 4182 721 4251 ergo
753 4158 845 4251 quod
872 4160 972 4251 cupio
997 4168 1160 4252 negatum
1239 4245 1240 4248 Ἴ
