2940 4650
561 539 753 607 ‚suisium
774 539 807 601 V.

341 738 536 790 rnanurscus
555 736 724 787 rnrnancr
744 735 882 783 uaniora
904 735 929 781 s,
952 735 981 782 u.
1002 734 1032 781 n.
1114 699 1118 705 ’

232 908 394 980 Respondet
407 906 517 967 cuidam
532 903 688 973 obiurganti
702 903 777 977 quod
790 902 938 957 Mediolani
953 898 1140 956 constitisset.¹

245 1148 380 1220 Malicia
409 1146 578 1219 salutabis
610 1146 755 1216 Ganum.
783 1144 868 1215 Eius
907 1145 1053 1235 vulgare
1085 1136 1224 1213 carmen

45 1280 47 1284 “
148 1290 317 1364 responso
337 1292 405 1351 uon
425 1291 530 1365 egere
548 1267 640 1339 idem
661 1268 736 1358 ipso
757 1266 816 1360 qui
839 1266 977 1360 scripsit
994 1267 1171 1349 fateretur,
1195 1265 1225 1335 si
1307 1319 1309 1323 .

146 1391 268 1465 videre
300 1391 416 1463 omnia
445 1390 583 1485 penitus
609 1400 739 1482 posset.
768 1389 836 1460 Sed
862 1411 960 1460 error
993 1389 1073 1460 lacti
1098 1410 1225 1480 magna

143 1533 239 1608 saepe
257 1512 342 1584 fallit
358 1512 507 1607 ingenia.
526 1511 625 1583 Multi
643 1510 766 1582 similia
787 1511 1013 1605 scripserunt,
1039 1511 1102 1584 sed
1122 1534 1225 1584 nemo

143 1634 209 1706 fuit
228 1635 298 1726 qui,
322 1656 360 1704 re
380 1645 578 1726 comperta,
601 1634 807 1705 seutentiam
834 1653 904 1702 nou
931 1643 1091 1706 mutaret.
1113 1634 1225 1715 Metus
1313 1689 1315 1695 .

145 1766 180 1826 ct
193 1755 357 1851 suspicio,-
375 1755 566 1827 amantium
583 1754 744 1838 comites,
764 1775 827 1847 per
843 1752 1036 1827 absentiam
1052 1767 1224 1828 crescunt.

143 1877 251 1951 Multa
284 1875 330 1949 de
362 1878 552 1969 longinquo
579 1876 742 1946 timemus
768 1896 849 1969 quae
870 1875 945 1951 sub
969 1874 1079 1948 oculis
1112 1877 1226 1969 positu

146 1998 291 2072 ridenda
323 1999 579 2091 cognoscimus.
612 1998 721 2069 Ponat
753 2018 839 2088 ergo
871 2008 1001 2069 molum
1034 2007 1069 2069 ct
1098 1997 1224 2071 bonam

142 2143 243 2217 spem
269 2120 441 2215 concipiat
470 2118 515 2190 de
540 2119 664 2201 amico,
686 2119 743 2194 cui
764 2141 834 2190 nou
856 2119 959 2191 modo
980 2118 1226 2191 florentissima

145 2243 252 2314 ltaliae
272 2262 367 2337 pars,
392 2240 455 2312 sed
476 2241 507 2311 si
526 2250 697 2335 oporteat,
731 2240 849 2333 quivis
883 2239 1048 2312 ludorum
1073 2234 1224 2330 angulus

143 2375 206 2437 aui
218 2375 377 2438 extrema
390 2361 595 2455 Taprobane
611 2363 723 2457 patria
741 2371 805 2459 est.
826 2362 938 2459 Super
956 2362 1011 2432 his
1030 2360 1224 2436 secuudum

143 2496 241 2561 tuam
261 2485 353 2560 illam
375 2484 608 2581 praerapidam
628 2483 862 2578 eloquentiam
882 2483 1081 2583 disputabis
1108 2492 1145 2556 ut
1165 2482 1224 2555 tibi

144 2609 285 2682 videtur
305 2605 387 2680 viva
408 2627 508 2703 voce,
531 2605 596 2680 scd
616 2630 685 2679 nou
706 2626 833 2700 aspera
854 2617 892 2678 ut
905 2607 1032 2678 solitus
1051 2627 1117 2679 es:
1142 2629 1224 2678 sua-

144 2732 247 2814 viter,
281 2739 421 2814 orote,
448 2730 525 2801 sine
557 2731 706 2800 clamore
709 2780 780 2800 ......
795 2722 819 2812 ,’
853 2740 888 2801 ct
920 2729 996 2800 sinc
1024 2730 1225 2808 accentibus

45 2852 55 2872 “
146 2849 336 2933 horrificis,
358 2849 509 2941 denique
528 2870 597 2918 nou
617 2845 814 2929 barbarice,
833 2869 975 2940 quaeso,
998 2850 1063 2920 sed
1083 2851 1206 2930 italice.

238 3012 246 3041 ¹
261 3011 326 3064 Huic
338 3012 465 3074 epistolae,
480 3025 555 3075 quom
567 3023 580 3060 c
593 3011 674 3062 codice
686 3009 847 3068 bibliothecae
856 3014 1061 3079 deprompsimus,
1075 3017 1138 3073 vlaco
1150 3031 1225 3082 proc·

144 3091 221 3143 mimo
240 3091 375 3154 locuntur:
394 3091 501 3152 Quidam
526 3091 648 3155 eloquens
672 3091 757 3143 Ganos
781 3093 814 3144 dc
837 3094 906 3145 Collo
934 3096 1003 3147 misit
1034 3097 1163 3160 vulgarem
1183 3112 1224 3150 so-

144 3180 242 3225 nettum
253 3173 295 3224 Fr.
304 3171 426 3223 Petrarcae
439 3185 483 3236 pcr
496 3171 606 3235 linguam
620 3171 749 3223 cuiusdam
763 3173 856 3226 lusoris
868 3176 969 3228 nornine
982 3176 1079 3228 Malloia
1092 3181 1224 3231 commode

143 3254 255 3318 vulgaria
269 3253 407 3314 recitantis,
422 3252 448 3302 iu
465 3265 516 3316 quo
533 3251 662 3316 praelatum
679 3253 808 3304 dominum
828 3247 989 3309 franciscum
1010 3258 1171 3316 commundat
1187 3260 1225 3317 di-

143 3345 204 3384 cens
213 3333 296 3395 ipsum
312 3343 370 3382 csse
381 3330 469 3387 mundi
483 3329 584 3381 unicum
597 3330 678 3381 solam
691 3336 717 3381 ct
731 3331 857 3392 singulare
870 3334 963 3396 lumen,
974 3334 1079 3384 hortans
1088 3349 1146 3386 eum
1156 3337 1224 3400 quod

144 3413 283 3464 discedaia
301 3412 433 3476 tyrannide
448 3412 606 3463 dominorum
623 3409 655 3461 dc
671 3411 819 3471 Mediolano,
838 3420 863 3463 et
880 3413 984 3464 accedat
999 3415 1032 3465 ad
1048 3414 1172 3466 libertatis
1188 3416 1225 3467 lo-

99 3539 108 3550 .
141 3507 209 3564 oum,
223 3494 316 3558 etipse
328 3494 445 3544 dominus
457 3491 604 3543 Franciscus
615 3493 747 3556 alloquens
759 3493 906 3556 portitorem
918 3496 1010 3548 souetti
1027 3497 1071 3561 qui
1086 3498 1225 3562 proclama·

144 3572 242 3624 cionem
254 3572 307 3634 iric)
319 3572 427 3622 babebat
439 3571 623 3636 quodammodo
634 3584 749 3636 asperam
763 3580 788 3623 et
801 3581 909 3634 acutam,
922 3574 1116 3637 sicresponoet.

236 3650 245 3680 ¹
260 3652 321 3704 licic
332 3652 358 3700 in
370 3653 457 3703 codicc
468 3658 529 3701 suut
541 3652 591 3703 duo
604 3652 692 3712 rerba,
705 3665 813 3715 quorum
830 3652 938 3715 primum
955 3654 1025 3704 nullo
1038 3655 1113 3705 modo
1130 3651 1223 3704 intelll-

142 3732 326 3796 gersandum
336 3731 443 3785 orationi
453 3733 632 3799 convenienter
640 3739 728 3807 aptare
739 3734 963 3805 mtuiinpossiuile
974 3735 1054 3790 risum
1060 3740 1100 3786 esi
1109 3749 1116 3796 3
1125 3734 1223 3786 scilicet

142 3811 315 3875 corclufinpo.
