2804 4656
338 311 431 358 LIBER
453 309 763 360 vlessllltlsulsurlus.
777 329 814 339 ···
828 311 981 360 EPISTULA
1003 311 1056 359 ΧΠ.
1176 295 1233 358 217

150 452 290 520 iuturus
310 430 519 539 discipulus
540 469 618 518 cum
643 449 755 519 voles:
777 445 940 540 equidem
961 444 1006 516 de
1033 468 1071 517 re
1098 447 1233 538 loquor,

151 592 234 664 quae
254 590 346 640 nunc
367 571 519 642 maxime
536 570 571 639 in
593 570 754 642 manibus
771 580 839 652 est;
860 570 946 639 nihil
965 568 1043 641 dieo
1058 569 1152 662 qnod
1165 589 1235 639 non

151 692 310 786 probem:
329 691 461 764 certius
479 713 618 784 quoque
637 714 744 784 quam
760 694 888 763 vellem
902 694 1025 783 loquor
1042 690 1087 762 de
1103 691 1234 776 dolore,

150 837 255 907 quem
286 814 492 887 acerrimum
524 815 637 885 sentio
665 813 749 886 dum
779 816 917 906 loquor,
947 834 1058 905 usque
1086 812 1175 884 adeo
1199 824 1236 885 ut

151 957 248 1029 saepe
269 960 330 1030 per
351 937 415 1008 hos
435 936 511 1008 dies
532 935 708 1008 Posidonii
730 959 875 1021 memor,
898 937 943 1008 de
965 937 1041 1008 eins
1075 933 1236 1028 opinione

151 1069 285 1130 lantum
307 1058 544 1133 haesitaverim
562 1060 660 1130 varie
681 1069 780 1132 aetus
801 1059 870 1131 huo
886 1060 977 1132 illue.
996 1059 1083 1131 Nam
1102 1059 1131 1129 si
1148 1080 1235 1131 vera

150 1164 345 1275 complexio
356 1194 540 1276 est,quam
555 1184 715 1275 superius
727 1183 870 1267 audisti,
889 1206 953 1255 our
970 1205 1040 1254 non
1058 1183 1143 1268 naec,
1157 1205 1232 1266 oro,

151 1305 271 1377 itidem
293 1326 378 1376 vera
399 1305 491 1376 sint?
517 1307 545 1376 si
566 1305 766 1391 delectatio,
789 1305 987 1388 sisennas,
1011 1304 1041 1375 si
1063 1305 1236 1377 membro-

151 1450 228 1500 rum
249 1427 432 1518 integritas
446 1427 538 1500 bona
552 1440 648 1512 sunt,
663 1437 699 1500 et
712 1450 944 1521 quaeoumque
957 1427 1058 1500 bonis
1077 1428 1236 1520 opposita

151 1553 241 1622 mela
259 1549 328 1620 sint
345 1561 495 1643 oportet,
511 1552 630 1645 utique
649 1554 844 1626 molestiam
857 1555 1012 1645 eorporis
1025 1563 1061 1624 et
1073 1552 1234 1623 morbum

149 1683 185 1745 et
204 1674 359 1745 dolorem
381 1677 473 1746 mala
492 1696 573 1746 esse
594 1696 816 1768 consequens
841 1688 906 1747 est.
929 1677 1023 1747 lnter
1048 1676 1124 1747 haec
1149 1697 1235 1767 ergo

150 1798 217 1868 viri
237 1797 466 1869 constantiam
492 1798 583 1870 illius
604 1821 673 1870 uon
696 1809 765 1870 tam
792 1799 890 1871 laoile
915 1821 1099 1891 assequor,
1129 1823 1233 1892 quam

151 1920 267 1992 miror.
294 1922 340 1991 Et
364 1921 409 1991 ad
435 1943 606 1993 summam
635 1921 685 1993 sic
714 1944 770 1993 me
794 1922 948 2007 invenio,
973 1932 1011 1992 ut
1031 1944 1127 2016 saepe
1147 1925 1235 1994 ratio

151 2043 278 2127 Stoica,
302 2064 429 2115 sensus
447 2044 531 2114 mihi
551 2044 800 2146 Peripateticus
823 2066 961 2137 semper
982 2045 1038 2116 sit.
1056 2044 1102 2115 At
1119 2068 1234 2117 nesu-

150 2188 212 2260 per
224 2188 435 2260 corporeum
455 2167 608 2239 dolorem
635 2167 859 2260 inquisitione
885 2189 1103 2262 supervacua
1129 2170 1232 2241 etiam

150 2291 284 2362 animos
310 2291 523 2382 affligamus,
545 2289 807 2362 difficultatibus
830 2290 1028 2363 scholarum
1055 2293 1089 2361 in
1115 2291 1232 2363 limine

153 2412 308 2497 abiectio,
330 2423 435 2513 atque
458 2413 622 2505 sepositis
648 2411 683 2481 in
703 2423 842 2504 tempus
859 2412 952 2484 aliud
972 2414 1121 2483 sortasse
1141 2424 1233 2483 tran·

150 2534 308 2626 quilius
327 2535 412 2606 illud
429 2535 596 2607 eximium
616 2536 706 2607 inter
724 2546 802 2606 tuos
824 2555 991 2628 meosque
1012 2558 1104 2608 nunc
1124 2557 1232 2627 ango·

151 2677 207 2727 res
221 2656 386 2748 gaudium
401 2659 487 2752 oepi,
506 2659 602 2751 quod
621 2658 657 2728 in
671 2658 794 2762 litteris
808 2659 876 2729 tuis
891 2680 959 2730 non
974 2660 1085 2730 solum
1100 2659 1231 2753 patien-

151 2779 208 2851 tiae
228 2782 397 2873 seriptum
418 2804 558 2865 nomen,
581 2805 688 2875 quam
705 2783 903 2873 exculptam
925 2803 1009 2851 vere
1030 2781 1230 2873 patientiam

38 2973 47 2991 ,
148 2901 366 2995 ipsamvidi.
392 2903 632 2995 Quaecumque
657 2903 750 2974 enim
777 2903 822 2973 sit
842 2902 919 2972 haee
944 2903 1230 2997 philosophorum

148 3025 283 3095 nullum
304 3021 408 3094 finem
429 3023 590 3097 habitura
610 3024 800 3106 discordia,
819 3025 853 3094 in
868 3023 934 3095 hoc
953 3047 1057 3095 unum
1072 3035 1107 3095 et
1121 3027 1232 3118 philo-

150 3147 251 3241 sophi
265 3167 398 3231 omnes‚
413 3158 450 3219 et
462 3147 689 3241 experientia,
706 3158 741 3220 et
753 3147 892 3239 veritas
903 3148 978 3241 ipsa
992 3149 1230 3220 consentiunt:

148 3268 184 3337 in
206 3266 310 3340 rebus
331 3271 479 3361 asperis,
500 3291 561 3342 seu
584 3272 673 3343 mala
693 3293 753 3341 sen
776 3270 991 3360 incommoda
1013 3270 1080 3342 diui
1100 3271 1228 3354 mavis,

148 3392 325 3482 patientiae
353 3393 491 3464 unicum
519 3415 599 3465 esse
624 3394 828 3464 remedium.
851 3392 1046 3484 Indignatio
1067 3394 1172 3475 enim,
1194 3400 1230 3462 et

148 3516 311 3605 querelem
333 3524 370 3586 et
394 3516 574 3588 muliebris
599 3517 750 3601 eiulatio,
777 3530 813 3589 et
838 3519 951 3587 luctus
973 3525 1103 3610 preter
1122 3538 1229 3608 quam

147 3636 241 3730 quod
253 3637 348 3709 viros
362 3636 540 3724 dedecent,
559 3641 674 3735 ipsum
688 3663 827 3734 quoque
842 3641 998 3712 dolorem
1010 3662 1080 3710 non
1099 3641 1230 3710 leniunt

148 3758 211 3830 sed
230 3759 406 3832 acerbant.
426 3763 522 3834 Sicut
538 3774 657 3836 eontra
678 3762 854 3858 prosperis
872 3763 907 3833 in
922 3761 1040 3846 rebor,
1061 3782 1126 3833 seu
1138 3760 1229 3832 bona

147 3879 203 3951 illa
216 3902 279 3952 seu
290 3884 476 3955 eommoda
489 3884 557 3956 dici
572 3887 724 3979 placent,
739 3908 846 3956 unum
865 3894 920 3957 est
939 3884 1139 3967 remedium,
1154 3904 1228 3954 mo-

146 4003 265 4087 destia,
286 4007 385 4078 ouius
401 4010 499 4080 freno
518 4008 650 4080 laetitiae
665 4008 845 4100 gestientis
858 4009 1021 4100 impetum
1032 4020 1225 4081 teneamus,

145 4127 199 4197 De
214 4128 344 4222 quibus
361 4129 465 4202 simul
487 4131 652 4203 remediis
680 4129 850 4202 ambobus
876 4151 986 4223 nuper
1006 4137 1122 4204 neseio
1143 4133 1253 4224 quid·
