2992 4664
206 297 264 357 att
545 308 584 355 on
608 307 707 356 nunus
729 307 952 355 subintramus

206 456 389 547 scripseris
410 464 528 525 notum
549 464 615 524 est.
643 454 686 524 Ut
705 464 760 523 εει
780 453 919 522 animus
941 452 1017 522 veri
1043 453 1228 546 impatiens
1249 475 1293 524 eo

204 577 407 647 iniuriosius
429 576 588 667 plectitur
605 596 675 666 quo
695 575 823 644 verius.
843 573 917 644 Nisi
935 575 1054 645 forsan
1070 574 1186 666 opinio
1204 598 1293 648 vera

205 711 260 770 est
284 719 363 791 quae
385 696 634 789 tragoediarum
654 719 724 768 non
750 707 784 767 te
805 697 955 780 illarum,
984 697 1048 767 sed
1067 697 1115 768 tni
1139 698 1292 769 nominis

204 824 352 892 alterum
364 822 440 890 vult
458 828 647 890 auctorem.
665 819 752 888 Nam
771 828 806 889 et
822 820 912 891 duos
926 821 1078 892 Senecas
1092 820 1291 892 Cordubam

187 940 372 1013 'babuisse
394 942 537 1034 Hispani
561 951 668 1013 testes
696 952 790 1025 sunt,
818 952 853 1013 et
872 943 1028 1013 Octaviae
1030 995 1136 1012 .........
1164 954 1291 1032 tragae-

205 1064 275 1136 diae
300 1065 346 1134 illi
373 1085 454 1135 esse
480 1086 616 1136 nomen.
647 1065 760 1135 Locus
787 1064 912 1156 aliquis
940 1064 1030 1134 bane
1056 1064 1290 1158 suspicionem

205 1187 342 1281 recipit,
367 1207 472 1279 quarn
494 1186 523 1255 si
545 1189 740 1279 sequimur,
763 1188 859 1279 quod
879 1187 923 1258 ad
947 1197 980 1257 te
1000 1186 1136 1271 attinet,
1158 1210 1289 1281 expers

203 1314 374 1405 tucnlpae
396 1309 513 1380 buius.
542 1310 643 1393 Quod
664 1311 709 1381 ad
735 1310 852 1381 stilum
877 1309 965 1379 nibil
990 1310 1046 1415 ille
1073 1319 1106 1379 te
1131 1309 1288 1393 inferior,

203 1431 364 1524 quisquis
385 1440 449 1515 est,
473 1452 551 1502 aevo
572 1433 652 1502 licet
673 1431 852 1521 secundus
874 1454 915 1502 ac
934 1430 1086 1503 nomine.
1107 1433 1157 1502 lla
1179 1453 1291 1523 quan·

203 1565 277 1623 turn
300 1576 436 1625 morum
459 1553 611 1624 demitur
627 1554 787 1636 infamiae,
808 1555 1025 1626 tantumdem
1042 1553 1173 1644 ingenii
1188 1556 1291 1624 famae

202 1676 409 1746 detrahitur.
432 1677 553 1748 Omnis
571 1677 724 1769 alioquin
741 1677 935 1759 excusatio,
956 1677 1022 1747 nisi
1039 1678 1146 1759 fallor,
1164 1678 1290 1747 famosi

200 1798 367 1899 carminis
381 1801 474 1870 nulla
488 1812 554 1872 est.
570 1800 647 1871 Non
661 1778 756 1892 qnod
770 1821 838 1891 ego
854 1798 919 1870 sim
934 1799 1074 1870 nescius
1088 1800 1222 1870 nnllam
1233 1801 1290 1870 vel

204 1919 334 2010 ingenii
347 1924 403 1992 vel
416 1921 589 1993 sermonis
604 1921 826 1993 acrimoniam
836 1922 994 1992 nefandis
1008 1919 1143 1992 actibus
1154 1924 1289 2014 aeqffiri

201 2064 307 2135 posse
325 2043 521 2115 bominis...
540 2045 643 2129 illinc,
664 2044 692 2115 si
712 2043 817 2114 modo
834 2043 985 2115 bominis
1004 2045 1142 2114 nomine
1159 2043 1289 2134 dignus

201 2176 265 2236 est.
288 2165 376 2238 Vide
397 2175 513 2239 tamen
536 2190 620 2237 num
641 2176 675 2237 te
696 2167 835 2237 deceret
852 2164 889 2236 id
906 2165 1069 2249 scribere,
1085 2163 1128 2235 de
1142 2166 1290 2257 impera-

202 2301 278 2360 tore
312 2289 523 2372 snbieetum,
552 2289 596 2360 de
629 2289 770 2360 domino
798 2287 1020 2373 familiarem,
1047 2285 1092 2357 de
1118 2286 1289 2380 discipulo

201 2420 474 2504 praeceptorem:
498 2419 676 2510 postremo
695 2410 741 2480 de
761 2409 821 2479 illo
841 2409 898 2480 cui
916 2422 985 2480 tam
1006 2410 1116 2479 multa
1140 2407 1288 2478 blandiri

93 2535 101 2545 ’
200 2555 244 2603 ne
264 2533 377 2603 dicam
399 2529 611 2602 blandiendo
629 2533 765 2602 mentiri
786 2533 909 2602 solitus
927 2554 1017 2603 eras.
1036 2531 1165 2623 Belege
1182 2529 1289 2602 libros

202 2674 292 2745 quos
318 2653 365 2723 ad
388 2674 467 2723 eum
495 2654 609 2747 ipsum
637 2654 680 2725 de
706 2655 910 2727 Clementia:
938 2657 1081 2727 revolve
1103 2676 1210 2747 quem
1243 2655 1288 2724 ad

200 2775 388 2870 Polybium
406 2777 451 2848 de
472 2775 712 2848 consolatione
732 2775 894 2850 dictasti:
913 2789 1042 2849 caetera
1058 2776 1213 2868 denique
1231 2787 1290 2847 tua

200 2923 277 2970 rum
298 2899 497 2992 vigiliarum
519 2909 746 2973 monumenta
771 2923 953 2995 percurre,
982 2902 1012 2972 si
1038 2899 1142 2971 modo
1163 2902 1220 2971 vel
1246 2901 1287 2970 li-

200 3019 282 3091 bros
299 3025 357 3092 vel
376 3023 542 3094 librorum
561 3024 766 3096 memoriam
784 3025 917 3097 Letbaei
937 3023 1085 3116 gurgitis
1107 3023 1202 3095 unda
1219 3044 1288 3093 non

199 3144 327 3215 obruit.
345 3146 494 3216 Pudebit
506 3148 613 3220 credo
629 3148 758 3220 laudati
780 3147 951 3242 discipuli.
971 3149 1047 3232 Qua
1063 3147 1158 3219 enim
1174 3150 1287 3218 fronte

198 3267 243 3339 de
261 3266 318 3338 tali
333 3267 414 3338 talia
432 3269 616 3361 scripsisse
629 3272 786 3362 potueris
799 3272 921 3362 ignoro
933 3282 1028 3342 certe
1039 3295 1046 3337 :
1059 3293 1126 3362 ego
1139 3272 1197 3342 illa
1212 3271 1288 3341 sine

199 3389 333 3484 pudore
349 3414 420 3463 non
439 3392 570 3482 relego.
589 3392 658 3462 Sed
679 3392 734 3462 bic
760 3415 884 3464 rursus
911 3413 1089 3476 occurres,
1111 3402 1146 3463 et
1171 3391 1288 3463 adole-

200 3515 366 3586 scentiam
382 3514 564 3608 principis,
584 3524 689 3606 atque
707 3515 858 3588 indolem
875 3518 1023 3586 multum
1041 3515 1117 3608 spei
1134 3516 1286 3587 melioris

198 3640 443 3730 praeferentem
464 3636 647 3720 obiiciens,
667 3660 821 3710 errorern
842 3648 939 3709 tuum
957 3638 1139 3733 repentina
1152 3659 1285 3719 morum

196 3758 274 3829 cius
295 3759 484 3830 mutatione
512 3759 687 3830 tutabere:
708 3761 811 3853 quasi
837 3778 924 3832 vcro
950 3760 1026 3831 baec
1046 3759 1155 3831 nobis
1170 3760 1287 3851 ignota

197 3879 277 3949 sint.
300 3883 429 3952 Verum
448 3881 524 3973 ipse
541 3882 725 3954 considera
741 3906 848 3975 quam
866 3884 911 3956 sit
928 3881 1288 3977 inexcusabile„pnu·

196 4005 275 4073 cula
303 4005 477 4096 personati
508 4005 672 4099 principis
697 4009 876 4098 opuscula,
901 4009 960 4078 vel
991 4006 1164 4077 simulatae
1180 4001 1287 4103 pieta-

199 4129 243 4195 tis
261 4129 413 4213 voculas,
430 4129 629 4222 obliquasse
649 4131 802 4202 animum
816 4153 856 4202 ac
870 4109 1036 4202 iudicium
1053 4128 1114 4207 tibi
1129 4128 1187 4199 tali
1196 4106 1285 4209 uiro,
