2730 4680
524 304 565 352 DE
588 303 688 353 REBUS
709 303 931 357 uuulululuaus

609 556 787 622 EPISTOLA
808 559 850 622 ΠΙ.

214 730 409 781 Futufflscus
431 728 604 780 auruleus
625 728 774 780 Gtuuouo
796 730 937 803 sprituum
959 731 1118 782 GENUENSI
1139 734 1165 782 S.
1187 734 1216 783 P.
1240 735 1271 783 D.

329 870 491 926 Gratulatur
505 884 571 924 eum
585 866 775 922 Genuensium
789 865 949 937 reipublicae
963 866 1147 922 reformandae

592 956 677 1012 luisse
695 955 866 1028 praelectum.

288 1187 389 1271 Nihil,
412 1209 432 1259 o
453 1186 675 1278 magnanime
695 1187 764 1268 vir,
788 1185 872 1255 nihil
892 1185 1035 1278 inquam
1056 1185 1171 1258 laetius
1189 1186 1275 1256 mihi

190 1313 286 1404 fingo
319 1334 426 1404 quam
453 1331 612 1381 serenam
639 1319 675 1382 et
704 1310 849 1402 imperio
874 1307 1092 1404 praedignam
1126 1310 1276 1380 lrontem

192 1434 286 1507 illam
315 1432 375 1504 ubi
401 1433 521 1504 invicti
548 1433 654 1504 animi
681 1435 731 1504 tui
756 1431 891 1504 nobiles
918 1434 1032 1503 lucent
1052 1454 1157 1504 curae.
1184 1433 1277 1504 Nihil

195 1556 341 1628 suavius
372 1563 522 1628 retracto
547 1577 651 1649 quam
678 1555 788 1627 verba
820 1552 1004 1647 magnifica
1030 1556 1147 1627 nescio
1172 1556 1276 1650 quid,

194 1700 263 1750 nou
284 1677 389 1751 modo
409 1678 504 1749 aliud
524 1701 631 1770 quam
651 1677 826 1774 plebeium
846 1688 882 1749 et
901 1679 1063 1769 vulgare,
1088 1659 1278 1771 sed'quam

194 1802 388 1872 humanum
421 1809 456 1872 et
489 1802 637 1872 mortale
667 1801 843 1872 sonantia:
878 1799 962 1870 nihil
992 1800 1130 1872 dulcius
1163 1803 1279 1892 cogito

194 1947 301 2019 quam
321 1947 378 1995 me
399 1925 546 2015 gratiam
568 1946 609 1994 ac
629 1922 910 1995 benevolentiam
931 1925 1016 1995 tanti
1034 1922 1101 1995 viri
1119 1927 1175 1995 vel
1198 1945 1280 1997 sero

194 2049 367 2132 meritum,
387 2070 538 2142 quarum
555 2048 726 2141 primitias
743 2048 938 2119 clarissimo
955 2048 1107 2140 quodam
1120 2049 1155 2118 in
1173 2049 1281 2119 fratre

195 2181 513 2268 praegustaveram.
547 2172 592 2241 Et
624 2170 731 2242 exilio
763 2171 811 2240 illi
845 2180 904 2242 tuo
937 2168 1038 2240 brevi
1063 2171 1220 2262 gratulor
1245 2181 1282 2240 et

196 2298 343 2388 gratiam
361 2294 484 2378 habeo,
504 2293 599 2386 quod
616 2304 649 2364 te
667 2291 711 2365 ad
727 2300 865 2384 tempus
883 2291 919 2361 iu
936 2292 1027 2363 hanc
1043 2291 1167 2363 urbem
1186 2313 1283 2363 com-

195 2418 337 2512 pulit,et
347 2439 403 2487 me
416 2417 534 2488 dilecti
545 2425 732 2508 antequam
742 2415 869 2506 cogniti
886 2415 964 2487 talis
975 2415 1077 2486 amici
1090 2423 1283 2509 conspectu

197 2550 302 2635 atque
325 2550 443 2633 optata
468 2541 659 2633 praesentia
679 2540 891 2631 compotivit.
917 2541 1099 2611 Postremo
1119 2539 1205 2609 nihil
1229 2540 1284 2610 iu-

197 2660 346 2734 cundius
367 2672 516 2754 expecto
533 2682 639 2753 quam
656 2660 920 2755 Rempublicam
933 2671 1042 2746 tuam,
1056 2661 1090 2730 in
1105 2683 1174 2753 qua
1187 2662 1284 2752 prin-

197 2786 309 2876 cipem
331 2792 365 2853 te
389 2785 484 2855 Deus
511 2793 546 2854 et
572 2784 684 2854 virtus
711 2783 939 2854 etmalorum
966 2785 1111 2876 sanguis
1137 2783 1278 2869 faciunt,

199 2907 322 2979 alienis
354 2907 459 2980 modo
492 2889 715 2979 motiunculis
749 2904 938 2999 inquietam
971 2916 1030 2978 tua
1063 2904 1284 2999 providentia

201 3038 306 3122 atquc
332 3032 538 3113 auctoritate
566 3031 713 3102 restitui.
739 3032 839 3101 Nunc
859 3051 945 3121 ergo
970 3029 1065 3131 quod
1092 3048 1186 3120 saepe
1213 3026 1283 3098 iam

201 3152 325 3238 fecisti,
352 3152 432 3244 quis
452 3160 652 3244 quantusve
675 3152 724 3223 sis
746 3153 877 3225 mundo
897 3151 1053 3235 ostende,
1076 3171 1190 3243 eoque
1210 3171 1285 3221 ma-

203 3276 258 3368 gis
283 3296 354 3366 quo
380 3284 413 3346 te
444 3275 521 3367 ipso
547 3275 667 3359 maior,
703 3277 843 3361 clarior,
883 3277 1054 3367 altiorque
1079 3275 1192 3343 lactus
1230 3293 1282 3343 es,

200 3399 294 3470 Vera
315 3398 427 3468 virtus
463 3397 600 3468 senium
626 3417 696 3467 non
721 3400 846 3470 sentit:
872 3397 1076 3470 immortalis
1102 3404 1178 3467 est:
1214 3416 1285 3466 non

203 3543 282 3595 aevo
302 3512 471 3626 minuitur
484 3521 548 3593 sed
569 3521 694 3593 crescit
713 3530 748 3592 et
768 3520 813 3592 ad
828 3543 1003 3594 summum
1024 3507 1188 3604 venit‚et
1203 3539 1286 3613 quae

202 3647 238 3714 in
258 3647 440 3716 iuventute
461 3643 585 3727 floruit,
607 3644 642 3713 in
665 3654 842 3716 senectute
860 3643 1055 3716 fructificat.
1075 3646 1126 3716 Tu
1146 3664 1286 3736 quoque

204 3769 263 3860 qui
289 3791 359 3840 non
382 3770 416 3839 in
443 3768 552 3838 sterili
578 3776 638 3839 aut
663 3767 806 3861 palustri
834 3769 915 3850 solo,
946 3767 1010 3838 sed
1036 3785 1140 3838 secus
1165 3763 1287 3835 latices

205 3889 306 3961 vivos
329 3894 364 3961 in
387 3891 498 3963 solido
525 3890 709 3975 radicasti,
743 3889 848 3962 totius
876 3912 968 3962 nunc
1001 3896 1168 3960 anteactae
1202 3885 1286 3958 vitae

204 4013 338 4085 fructus
356 4014 554 4086 uberrimos
575 4026 611 4086 et
629 4023 802 4087 maturam
825 4014 970 4105 gloriam
991 4010 1112 4104 patriae
1135 4020 1204 4080 tuae
1226 4008 1288 4080 de-

205 4133 279 4206 bes.
296 4136 356 4208 llla
370 4148 404 4208 te
417 4146 531 4221 vocat,
554 4137 588 4207 in
603 4147 636 4210 te
651 4149 780 4231 sperat,
797 4135 964 4208 auxilium
980 4145 1076 4206 tuum
1089 4131 1214 4229 poscit:
1229 4152 1288 4202 ac-
