2738 4680
282 343 376 392 trusa
397 343 906 394 vroassuusuumus.-nrrsroua
928 346 969 393 ru.
1126 334 1165 393 93

91 478 223 549 militas.
246 477 333 550 Veni
354 499 439 569 ergo
467 480 675 571 Pergamum
697 480 741 551 lll
765 479 844 552 idus
864 480 1016 553 octobris
1038 480 1084 550 ad
1104 503 1164 552 ve-

92 625 228 697 speram
256 601 380 675 eodem
402 604 460 673 illo
479 603 547 675 viae
565 604 653 675 duce
673 605 734 697 qui
748 604 903 677 hortator
917 607 1042 689 luerat,
1059 617 1094 677 et
1108 628 1166 677 su-

73 725 189 815 binde
211 726 386 818 trepidulo
407 749 451 797 ne
472 749 526 799 me
552 726 689 797 interim
717 727 852 799 consilii
885 729 1086 822 poeniteret,
1114 740 1165 801 at-

87 872 150 942 que
171 849 254 921 ideo
276 849 387 922 modis
405 850 567 922 omnibus
589 861 770 943 satagente
785 873 846 945 per
861 872 898 923 se
910 875 1043 946 perque
1060 853 1162 939 alios,

88 986 120 1044 ut
151 997 173 1045 a
208 994 317 1045 sensu
349 972 482 1045 itineris
515 973 769 1046 confabulando
801 976 1003 1048 diverterer.
1045 980 1165 1070 ltaque

86 1099 225 1188 planum
246 1097 312 1168 iter
336 1109 372 1169 et
397 1098 504 1170 breue
535 1120 603 1170 non
639 1100 827 1170 sentientes
848 1099 995 1192 egimus.
1017 1101 1165 1184 Quidam

87 1243 164 1292 vero
186 1242 244 1292 me
264 1220 398 1293 nobiles
420 1220 595 1315 prosecuti
615 1232 714 1293 erant
738 1221 784 1293 ob
810 1222 846 1293 id
866 1224 1018 1296 maxime
1036 1235 1073 1296 ut
1094 1233 1163 1296 tam

87 1343 207 1414 lervidi
235 1343 386 1416 bominis
413 1354 549 1417 secreta
574 1357 836 1436 cognoscerent.
859 1348 945 1418 Cum
972 1348 1017 1419 ad
1043 1349 1164 1422 urbem

88 1466 188 1558 igitur
214 1478 360 1538 ventum
386 1479 495 1553 esset,
522 1479 557 1539 et
583 1466 627 1538 ab
653 1461 774 1540 amicis
800 1467 939 1540 obviam
966 1471 1165 1565 progressis

88 1593 191 1660 multo
208 1613 289 1663 oum
310 1591 441 1682 gaudio
461 1591 632 1686 excipior,
650 1602 686 1663 et
702 1613 722 1662 a
736 1592 886 1687 praeside
905 1593 1110 1685 provinciae,
1129 1605 1165 1665 et

88 1735 103 1784 a
126 1713 209 1785 belli
235 1715 341 1800 drroe,
369 1726 404 1786 et
428 1738 449 1786 a
475 1714 686 1809 primoribus
713 1715 831 1810 populi
852 1718 1008 1788 certatim
1036 1739 1098 1810 pro
1125 1738 1164 1788 se

88 1860 223 1932 quoque
242 1837 392 1911 instante
412 1839 447 1908 in
469 1839 634 1934 palatium
656 1838 834 1934 publicum
855 1850 891 1910 et
910 1839 1076 1911 nobilium
1102 1840 1165 1914 do-

88 1983 156 2033 mos
182 1972 307 2033 vocor:
329 1962 386 2034 illo
407 1961 544 2033 interim
567 1962 653 2033 mire
674 1962 780 2034 anxio
805 1975 840 2035 et
865 1964 970 2034 tantis
1001 1965 1163 2057 precibus

88 2096 231 2176 pavente
266 2107 309 2156 ne
341 2084 512 2156 vincerer.
541 2085 618 2156 Feci
651 2095 767 2156 autem
801 2086 896 2178 quod
928 2107 984 2156 me
1017 2085 1161 2177 dignum
1211 2078 1213 2084 ’

88 2208 230 2291 credidi;
259 2208 305 2278 ad
330 2209 523 2281 humilioris
557 2209 659 2280 amici
691 2194 833 2280 domum
863 2231 942 2279 cum
973 2209 1076 2280 sociis
1102 2209 1164 2280 de·

87 2332 212 2404 scendi.
234 2332 287 2403 lbi
303 2353 391 2402 vero
412 2332 537 2424 ingens
563 2342 766 2426 apparatus,
791 2353 890 2405 coena
910 2353 979 2404 non
1006 2330 1160 2427 fabrile,

87 2478 147 2526 uon
169 2455 428 2550 philosophica,
448 2456 512 2528 sed
534 2457 644 2550 regia,
665 2457 839 2528 thalamus
861 2464 1021 2540 auratuS,
1049 2453 1163 2526 cubile

87 2601 311 2671 purpureum,
332 2578 391 2650 ubi
408 2601 473 2651 nec
493 2578 644 2651 iacuisse
664 2602 730 2651 nec
747 2579 932 2652 iaciturum
953 2600 1035 2650 esse
1057 2578 1162 2648 alium

87 2712 264 2788 persancte
285 2702 389 2787 iurat,
403 2700 579 2772 librorum
598 2702 695 2796 eopia
714 2724 782 2772 non
801 2700 989 2773 mechanici
1009 2701 1072 2771 sed
1090 2710 1165 2771 stu-

86 2820 170 2894 diosi
192 2823 345 2895 hominis
366 2834 402 2896 et
422 2826 614 2897 litterarum
636 2823 876 2895 amantissimi.
898 2822 947 2894 lbi
969 2833 1105 2894 noctem
1123 2824 1163 2893 il-

87 2943 150 3014 lam
170 2947 328 3037 egimus:
350 2971 586 3042 necunquam
604 2959 687 3042 puto
706 2946 835 3018 laetiore
851 2946 989 3039 hospite
1007 2948 1076 3018 ulla
1092 2967 1164 3016 nox

87 3080 157 3140 aeta
178 3080 245 3141 est.
264 3071 373 3141 Tanta
393 3073 486 3143 enim
508 3073 627 3143 laetitia
648 3060 835 3164 gestiebat,
856 3080 894 3142 ut
912 3070 1072 3142 timerent
1095 3070 1161 3155 sui,

86 3213 125 3264 ne
157 3195 246 3265 forte
280 3193 314 3264 in
347 3195 508 3266 morbum
541 3205 601 3267 aut
634 3193 820 3266 amentiam
854 3203 1064 3278 verteretur,
1087 3194 1164 3266 sive

86 3315 174 3406 quod
196 3315 315 3387 multis
335 3318 415 3387 olim
443 3317 580 3404 accidit,
600 3319 704 3388 etiam
727 3319 762 3388 iu
784 3328 940 3390 mortem.
969 3319 1053 3390 lnde
1078 3338 1164 3389 vero

87 3435 137 3506 die
157 3438 320 3530 proximo
353 3439 543 3511 bonoribus
572 3449 607 3511 et
640 3460 813 3511 concursu
834 3440 1012 3509 hominum
1038 3440 1161 3532 pulsus

88 3557 163 3645 abii,
182 3560 337 3656 praeside
363 3563 439 3655 ipso
464 3573 568 3656 atque
589 3563 666 3634 aliis
694 3565 801 3634 multo
828 3563 986 3656 pluribus
1006 3562 1163 3650 longius-

89 3703 148 3772 que
169 3706 278 3777 quam
299 3687 423 3756 vellem
446 3685 704 3770 comitantibus,
734 3697 768 3757 et
793 3685 1005 3757 amicissimo
1026 3682 1163 3776 bospite

88 3807 141 3878 vix
158 3823 285 3880 serum
304 3809 403 3881 lateri
423 3812 548 3882 avulso
567 3807 633 3880 sub
651 3822 785 3882 noctem
805 3811 880 3902 ipse
899 3829 958 3878 rus
976 3804 1073 3876 redii.
1095 3806 1165 3878 Ha·

89 3926 155 4016 bea,
178 3934 228 4002 mi
249 3932 345 4016 Neri,
372 3933 467 4025 quod
494 3932 556 4002 tibi
576 3954 644 4003 non
666 3932 880 4024 incognitum
901 3929 1073 4002 volebam.
1101 3927 1164 4000 Hio

89 4066 332 4128 nocturnarum
353 4057 579 4150 epistolarum
599 4059 699 4128 limes
722 4057 776 4129 sit.
812 4058 884 4127 lam
904 4056 997 4127 euim
1016 4055 1093 4126 baec
1111 4053 1165 4127 iu·

90 4176 166 4262 giler
189 4181 234 4251 ad
257 4201 419 4251 auroram
451 4178 635 4251 scribendo
670 4180 744 4249 tulit
777 4177 940 4273 impetus,
962 4182 1164 4277 fessumque
