2738 4680
289 338 382 395 claun
407 345 570 397 vrcusluns
592 347 981 402 sccundus—aruerunt
1004 356 1034 402 x.
1137 341 1195 403 llll

112 513 233 564 amare
254 512 360 585 posse
380 491 517 577 videor,
536 494 640 566 modo
662 516 751 587 quos
773 495 807 565 in
828 496 1029 584 verborum,
1051 520 1140 590 quos
1162 497 1196 569 in

112 634 232 686 rerum
246 612 391 686 consilio
403 617 587 708 praelcrem
602 636 670 686 non
684 615 854 707 ignorem.
865 618 951 689 Nam
965 619 1061 712 quid,
1075 641 1139 691 oro
1153 633 1194 703 te,

111 733 276 829 prohibet
291 721 597 828 diligentispatris
617 735 765 808 familias
788 737 823 808 in
844 759 977 812 morem
998 741 1196 833 supellecti-

112 859 156 930 lis
182 858 286 930 aliam
311 867 447 952 partem
472 857 688 944 necessitati,
717 859 819 931 aliam
845 862 983 933 ornatui
1007 863 1194 958 deputare,

113 1004 370 1075 servorumque
390 983 478 1054 alios
498 982 569 1054 nati
590 983 773 1066 custodiae,
793 983 881 1054 allos
902 984 987 1056 iocis
1013 988 1121 1058 alere:
1145 987 1197 1058 in-

113 1130 220 1200 super
240 1114 276 1178 et
292 1105 430 1198 argenti
447 1105 549 1176 simul
570 1115 605 1176 et
624 1105 699 1176 euri
714 1104 856 1178 divitem
871 1103 956 1193 fieri,
971 1130 1050 1180 curn
1066 1109 1196 1181 utrius-

113 1252 181 1322 que
207 1230 356 1322 prelium
384 1229 434 1299 sic
459 1229 603 1299 noveris
634 1250 677 1299 ne
706 1228 741 1299 in
775 1221 954 1301 alterutro
974 1233 1044 1303 salli
1071 1255 1195 1326 queas

113 1353 310 1444 praesertim
335 1373 416 1425 cum
442 1364 581 1437 veteres
607 1351 652 1423 illl
675 1350 722 1422 nil
748 1352 842 1424 eliud
868 1377 888 1425 a
913 1376 969 1425 me
995 1357 1194 1449 requirant,

113 1475 180 1546 nisi
202 1498 246 1547 ne
265 1467 652 1561 oblivionedeleantur,
674 1484 717 1547 et·
727 1473 885 1570 primitiis
904 1478 1098 1551 studiorum
1116 1502 1198 1553 cou-

114 1598 212 1697 lenti,
232 1621 335 1672 omne
351 1600 418 1671 iam
434 1597 637 1672 melioribus
656 1608 793 1692 tempus
806 1599 957 1671 ¹cedant?
970 1601 1008 1673 ld
1022 1622 1105 1674 sane
1118 1625 1199 1674 curo

114 1701 181 1813 per*
195 1743 252 1792 me
273 1722 389 1815 ipsum
408 1723 457 1794 sic
473 1724 589 1794 lacere
602 1721 855 1807 decrevissem,
872 1732 904 1794 te
916 1734 1059 1797 auctore
1072 1738 1109 1797 et
1125 1729 1199 1798 lau-

112 1845 234 1916 datore
258 1842 422 1918 fidentius
447 1847 582 1944 faciam.
613 1842 669 1915 Ad
694 1845 900 1928 orationem,
930 1847 959 1916 si
987 1868 1043 1918 res
1065 1860 1197 1941 poscat,

113 1980 191 2041 utar
211 1968 352 2040 Marone
371 1971 429 2041 vel
449 1967 576 2061 Tullio,
598 1990 663 2041 uec
679 1965 824 2062 pudebit
844 1989 865 2038 a
885 1968 1019 2042 Graecia
1047 1973 1198 2044 mutuari

114 2090 228 2184 siquid
251 2091 494 2164 Latiodeesse
507 2090 697 2163 videbitur:
715 2089 880 2163 adrium
899 2112 996 2176 vero,
1010 2095 1078 2164 etsi
1090 2097 1199 2193 multu

113 2216 206 2308 apud
227 2215 305 2286 illos
328 2214 423 2287 utilia
438 2214 618 2300 noverim,
642 2224 720 2286 utar
742 2224 857 2287 lamen
877 2215 1199 2288 iiscousultoribus

113 2349 217 2432 alque
237 2337 280 2409 iis
301 2336 450 2431 ducibus
470 2337 515 2410 ad
542 2339 705 2419 salutern,
729 2359 877 2429 quorum
905 2336 986 2410 fidei
1008 2360 1050 2411 ac
1069 2339 1200 2412 doctri-

113 2481 167 2532 nae
190 2462 284 2532 nulla
305 2459 458 2553 suspicio
484 2461 529 2532 sit
553 2459 697 2531 erroris.
724 2460 820 2543 Quos
846 2459 936 2531 inter
961 2460 1088 2532 merito
1113 2460 1200 2532 mihi

115 2583 290 2655 maximus
317 2581 429 2672 David
455 2588 595 2676 semper
619 2583 807 2668 lueriteo
833 2584 1018 2656 formosior
1042 2602 1114 2677 quo
1146 2581 1200 2678 iu-

115 2707 296 2802 comptior,
324 2705 525 2780 eodootior
550 2705 806 2799 discretiorque
831 2727 901 2798 quo
926 2706 1056 2801 purior.
1087 2705 1200 2777 Huius

115 2853 181 2925 ego
196 2830 408 2924 *psalterium
435 2839 471 2900 el
499 2827 658 2922 vigilanti
689 2848 829 2921 semper
858 2828 894 2899 iu
921 2828 1081 2901 manibus
1108 2850 1201 2907 sem-

117 2970 247 3048 perque
264 2953 332 3038 sub
351 2954 477 3038 oculis
500 2962 535 3024 et
554 2945 740 3024 dormienti
761 2953 925 3022 simulac
947 2949 1105 3023 morienti
1133 2949 1201 3021 sub

116 3077 233 3170 capite
245 3076 489 3159 situm-velim
504 3060 597 3148 haud
619 3097 704 3147 saue
720 3075 836 3147 miuus
854 3073 891 3146 id
906 3073 992 3144 mihi
1010 3075 1197 3166 gloriosum

118 3211 259 3294 putauS,
285 3222 392 3293 quam
418 3199 710 3293 philosophorum
731 3195 898 3283 maximo,
921 3197 1111 3293 Sophronis
1137 3197 1202 3269 Mi-

120 3344 205 3396 mos.
228 3324 279 3395 Tu
300 3322 383 3395 vive
403 3323 537 3393 etvale
558 3320 714 3392 feliciter.

156 3478 158 3485 “
262 3467 420 3538 Mediolani,
436 3465 510 3521 XIV.
528 3465 667 3523 lhlendas
684 3466 820 3524 Octobris.
