2730 4680
557 305 599 353 DE
621 304 722 354 REBUS
743 304 965 356 summamus

648 602 826 666 EPISTOLA
846 604 880 666 V.

222 775 418 826 FRANCISCUS
440 775 609 826 PETRARCA
629 776 763 826 tonantur
782 776 935 827 EPISCOPO
957 777 1149 827 OLMUTIENSI
1169 778 1195 827 S.
1218 778 1246 827 P.
1271 778 1300 827 D.

544 936 727 992 Commendat
741 938 766 992 ei
781 938 981 993 Sacramorem.

321 1190 426 1260 Venit
444 1187 489 1259 ad
507 1188 682 1259 Caesarem
698 1189 901 1259 Saceramor
917 1189 973 1259 vir
988 1189 1139 1280 optimus
1155 1197 1192 1260 et
1207 1189 1301 1282 quod

225 1334 322 1408 saepe
341 1312 456 1383 dicere
475 1313 584 1392 soleo,
607 1310 674 1381 uisi
695 1334 752 1383 mo
772 1333 871 1383 amor
889 1311 985 1394 fallit,
1005 1311 1072 1383 hoc
1090 1312 1230 1383 nomine
1250 1322 1302 1383 at-

222 1457 291 1527 que
311 1432 404 1504 omni
425 1453 522 1503 verae
541 1433 702 1504 amicitiae
720 1431 823 1504 laude
843 1430 1081 1522 dignissimus.
1102 1433 1178 1505 Nou
1197 1431 1302 1505 modo

221 1557 314 1627 euim
338 1578 461 1628 amans
478 1558 534 1626 vel
555 1555 697 1640 amicus,
722 1555 794 1637 sed,
818 1567 856 1626 ut
876 1555 970 1648 quod
990 1554 1115 1648 cupide
1133 1556 1222 1626 facio
1243 1567 1302 1627 tuo

221 1678 333 1751 verbo
359 1689 436 1750 utar
461 1679 672 1772 emphatico,
701 1700 799 1751 amor
823 1689 887 1748 est.
915 1679 1022 1749 Totus
1047 1687 1114 1759 est,
1142 1679 1299 1770 inquam,

225 1823 345 1874 amor:
364 1824 478 1894 neque
490 1821 589 1872 amor
600 1801 755 1894 quilibet,
777 1801 838 1872 sed
857 1823 955 1873 sacer
971 1824 1077 1874 amor.
1096 1802 1200 1872 Venit
1215 1823 1301 1893 orgo

222 1926 267 1998 ad
288 1927 475 2008 Caesarem,
497 1940 532 1995 ει
552 1925 596 1996 ad
622 1936 655 1996 te
676 1924 786 2007 venit,
809 1925 910 1995 cuius
936 1946 990 1995 me
1017 1911 1113 1996 amor
1138 1925 1302 2020 compulit

222 2062 261 2122 ut
284 2059 364 2121 uota
384 2061 420 2120 ει
443 2047 577 2121 ardenti
600 2045 728 2120 fidncia
753 2048 811 2120 illa
831 2071 909 2120 mea
928 2048 973 2121 de
998 2049 1064 2120 hoc
1083 2048 1176 2134 viro,
1205 2050 1301 2142 quod

220 2170 306 2241 mihi
323 2170 439 2242 visum
460 2180 515 2241 est
532 2170 661 2240 Caesari
683 2168 882 2242 scriberem.
904 2168 995 2252 Quid
1013 2171 1213 2263 scripserim
1230 2169 1300 2243 no'n

221 2303 340 2386 repeto
359 2315 422 2365 uec
446 2301 593 2384 oportet,
616 2293 710 2384 quod
731 2291 864 2364 iliarum
888 2302 925 2363 tu
952 2294 1047 2365 solus
1068 2293 1240 2387 interpres
1266 2305 1301 2365 ει

221 2415 358 2486 adiutor
385 2415 579 2487 litterarum
608 2417 691 2499 eris,
722 2425 757 2486 ut
790 2417 912 2487 solitus
937 2437 987 2487 es.
1019 2416 1093 2486 Tibi
1119 2437 1206 2489 vero
1235 2416 1300 2489 hoc

221 2560 327 2607 unum
355 2537 489 2608 dixisse
515 2538 599 2607 satis
626 2537 685 2606 sit:
713 2538 743 2606 si
769 2560 925 2631 unquam
950 2543 1007 2611 vel
1036 2540 1213 2612 credidisti
1242 2544 1300 2614 vel

220 2658 416 2730 crediturus
435 2680 489 2744 es,
511 2659 596 2729 mihi
616 2658 720 2732 crede
739 2662 834 2753 quod
855 2663 912 2734 hic
931 2671 1001 2735 tota
1018 2673 1052 2734 te
1074 2674 1205 2749 mente,
1229 2673 1300 2736 tota

222 2780 345 2866 anima,
364 2792 434 2854 toto
454 2792 594 2876 pectore
615 2781 735 2874 diligit,
755 2784 844 2867 coiit,
869 2785 1021 2879 suspicit,
1036 2794 1232 2867 veneratur,
1249 2798 1300 2858 ιε

221 2904 349 2997 quein
380 2907 527 2979 summis
562 2904 687 3001 opibus
727 2914 833 2998 atque
870 2907 1061 2979 honoribus
1091 2908 1165 2979 suis
1190 2910 1297 3002 pouit.

220 3028 290 3098 Aut
311 3050 378 3120 ego
395 3031 504 3114 fallor,
524 3037 585 3100 aut
603 3051 697 3123 saepe
714 3031 789 3101 iure
806 3029 969 3101 amicitiae
985 3032 1019 3100 in
1036 3031 1175 3102 intimas
1193 3031 1299 3101 animi

182 3130 184 3136 ’
218 3151 278 3221 sui
299 3150 449 3221 latebras
471 3151 658 3236 admissus
679 3174 818 3246 semper
838 3152 886 3223 ibi
906 3155 963 3224 vel
985 3155 1143 3249 primum,
1157 3156 1215 3225 vel
1230 3154 1299 3248 pri-

221 3296 278 3345 mo
295 3274 361 3346 hoc
377 3283 431 3345 est
448 3275 580 3346 Caesari
596 3275 806 3369 proximum,
822 3286 856 3347 te
870 3278 999 3349 notavi.
1014 3277 1190 3348 Caeterum
1204 3277 1299 3370 quod

221 3398 377 3471 exterius
392 3407 493 3492 patet,
508 3420 611 3470 nemo
625 3409 720 3470 certe
732 3421 836 3492 quem
851 3401 1019 3484 noverim,
1034 3420 1135 3470 nemo
1148 3422 1298 3492 usquam

222 3524 272 3597 tui
297 3523 446 3595 nominis
471 3533 507 3595 et
533 3535 671 3594 tuarum
698 3544 815 3593 rerum
841 3522 966 3593 clarior
992 3534 1095 3614 atque
1121 3524 1300 3595 sonantior

219 3669 335 3743 praeco
354 3657 419 3719 est.
438 3647 515 3718 Rite
532 3667 617 3738 ergo
640 3654 743 3737 teque
760 3667 834 3717 rem
855 3645 996 3736 diguam
1017 3646 1149 3730 feceris
1171 3647 1200 3716 si
1217 3667 1298 3716 eum

222 3772 395 3867 reciproca
416 3771 560 3844 caritate
577 3771 784 3863 complexus
805 3767 1002 3840 ostenderis
1029 3780 1071 3853 te,
1098 3777 1137 3840 ut
1156 3769 1299 3861 ingenio

221 3904 260 3964 ut
284 3895 422 3988 eloquio
445 3905 482 3965 ut
507 3895 636 3966 virtute
658 3892 773 3978 animi,
790 3893 839 3965 sic
860 3892 1100 3964 benevolentia
1125 3904 1159 3965 et
1179 3914 1300 3964 amore

222 4040 242 4088 a
263 4019 401 4090 nemine
420 4017 514 4089 vinci
534 4039 649 4112 posse.
666 4018 769 4087 Plura
791 4015 942 4088 dicerem
964 4016 993 4085 si
1013 4014 1104 4109 apud
1122 4016 1227 4086 alium
1249 4018 1300 4086 lo·

121 4231 124 4236 ·
222 4159 363 4228 queror:
386 4162 478 4210 nuuc
496 4139 540 4211 ad
557 4137 651 4210 ilium
668 4137 750 4208 mihi
764 4158 878 4209 sermo
892 4147 947 4209 est
963 4137 1022 4230 qui
1040 4159 1104 4222 me,
1128 4147 1166 4209 ut
1183 4158 1296 4230 spem,
