2738 4680
264 311 359 359 LlBEll
382 307 892 358 vrcsffluosrltllltls.-Erlsrotn
915 308 967 355 ΧΗ.
1119 298 1159 357 95

86 452 129 520 ris
156 448 394 519 remotissima
415 446 592 530 videatur,
621 442 715 517 haud
744 444 851 517 dubie
880 447 979 518 iuxta
1012 458 1076 518 est.
1104 449 1158 522 dd

83 573 163 645 hanc
180 574 274 643 imus
295 593 423 664 magno
441 571 586 664 impetu,
602 592 705 642 omne
722 579 936 643 momentum
954 593 1019 643 nos
1038 572 1158 667 impel-

82 697 112 767 lit
131 706 166 767 et
186 695 318 766 invitos
336 717 383 766 ex
401 695 467 766 hoc
484 697 607 788 pelago
626 695 659 764 in
678 703 817 789 portum
830 696 939 767 trudit
951 696 1020 768 viae
1038 719 1157 768 aman-

82 829 141 906 les,
166 829 365 891 metuentes
386 819 540 904 termini,
561 827 798 913 praeposteros
824 820 990 891 viatores.
1012 821 1156 893 Frustra

81 944 369 1036 tergiversamur,
392 942 442 1013 ire
464 953 614 1036 oportet,
638 943 743 1014 immo
763 965 850 1014 vero
871 945 1065 1036 pervenire.
1089 947 1156 1016 lter

80 1090 95 1138 a
128 1078 227 1160 tergo
249 1079 315 1153 est,
347 1065 427 1138 finis
453 1078 534 1138 ante
559 1069 690 1139 oeulos.
713 1067 804 1151 Quid
825 1065 947 1138 faciam
973 1089 1072 1159 ergo,
1097 1088 1156 1140 seu

79 1191 167 1283 qnod
190 1191 285 1263 istud
307 1192 473 1263 laxandae
493 1191 577 1261 vitae
598 1191 814 1284 propositum
836 1195 916 1262 est?
936 1190 1055 1263 Dicam
1083 1192 1155 1263 tibi.

80 1316 110 1385 ln
143 1313 281 1408 primis,
313 1317 424 1386 lateor
459 1313 736 1407 componendum
763 1316 916 1386 animum
947 1314 992 1386 ad
1024 1337 1154 1388 morem

81 1437 162 1509 finis.
184 1438 273 1509 Nam
296 1437 394 1529 quid,
416 1458 554 1531 quaeso,
579 1448 647 1507 tam
670 1438 811 1510 salubre
832 1459 936 1532 quam
959 1439 1157 1511 discerent

80 1562 221 1633 libenter
241 1560 359 1645 facias,
383 1562 477 1655 qnod
500 1564 614 1632 lacere
634 1564 696 1632 vel
712 1571 872 1634 coactum
892 1566 1072 1656 oporteat?
1092 1561 1155 1636 Ubi

81 1687 233 1759 didicerit
258 1685 396 1757 animus
422 1685 538 1756 inania
565 1706 633 1756 nou
660 1686 797 1772 timere,
825 1709 944 1758 amare
969 1689 1154 1774 naturalia,

81 1807 284 1881 inevitabilia
312 1806 416 1878 etiam
450 1817 586 1899 optare,
623 1816 695 1877 tum
729 1829 876 1880 securus
906 1820 1011 1903 atque
1041 1812 1157 1882 alacer

81 1931 286 2027 expectabit,
320 1929 414 2023 quod
447 1941 517 2002 tam
551 1940 691 2016 moeste,
714 1940 783 2002 tam
808 1932 941 2026 trepide
962 1931 1155 2004 humanum

81 2077 186 2144 genus
212 2064 388 2148 expectat.
411 2054 450 2125 ld
470 2075 537 2146 ego
558 2053 641 2125 nulli
663 2057 802 2148 penitus
822 2076 927 2150 posse
954 2058 1156 2147 contingere

82 2179 241 2264 arbitror,
267 2178 331 2249 nisi
349 2178 409 2270 qui
430 2179 605 2272 peregerit
625 2199 728 2250 omne
749 2179 784 2250 id
805 2187 947 2273 propter
960 2180 1062 2272 .quod
1082 2203 1156 2252 ma-

81 2303 166 2373 xime
188 2302 312 2373 vivere
332 2299 531 2391 exoptabat.
550 2302 682 2372 Rarum
702 2312 836 2392 genus,
847 2301 1028 2394 soliusque
1045 2302 1156 2373 virto-

73 2426 118 2496 'tis
137 2425 256 2498 studio
273 2423 447 2507 deditnm;
465 2424 532 2496 hoc
552 2435 607 2497 est
627 2423 720 2495 enim
741 2426 826 2497 illud
844 2427 955 2495 uivere
971 2428 1041 2496 otto
1054 2447 1155 2520 pero-

82 2559 138 2633 cto,
160 2548 263 2619 cuius
280 2546 411 2618 mentio
431 2545 525 2642 apud
546 2547 713 2618 Senecam
733 2556 802 2632 est,
821 2570 892 2640 quo
909 2547 992 2619 vitae
1014 2569 1153 2640 genere,

83 2682 111 2742 ut
129 2673 270 2766 opinor,
292 2670 377 2741 nihil
399 2682 454 2741 est
474 2669 628 2755 dulcius,
651 2671 791 2765 quando
812 2671 895 2741 nihil
918 2680 1046 2758 terret,
1069 2671 1153 2743 nihil

82 2796 235 2882 solicitat,
270 2795 355 2865 nihil
376 2794 489 2886 angit,
514 2794 597 2864 nihil
619 2804 839 2886 expectatur,
863 2795 930 2865 nisi
951 2797 1046 2889 qnod
1067 2796 1154 2867 adeo

81 2928 261 2989 venturum
282 2937 364 2988 esse
385 2926 519 2989 certum
539 2926 606 3000 est,
630 2927 668 2988 ut
688 2918 782 2987 nullo
802 2916 902 2988 obice
924 2916 1042 3008 possit
1056 2939 1154 2990 arce-

80 3043 119 3112 ri:
139 3043 283 3137 quando
297 3061 456 3133 praesens
471 3039 612 3125 bonum,
633 3039 825 3112 recordatio
836 3039 1014 3134 praeteriti,
1030 3051 1157 3112 ventu-

80 3168 170 3261 rique
192 3188 275 3262 spes
297 3168 528 3238 accumulant.
550 3163 605 3236 Ad
622 3163 714 3235 hunc
736 3161 841 3234 finem
860 3185 929 3234 non
945 3164 1156 3258 perveniunt

79 3293 130 3384 qni
163 3303 244 3386 post
277 3291 576 3384 concupiscentias
611 3311 696 3361 suas
728 3300 827 3372 eunt;
861 3312 1041 3384 nunquam
1061 3291 1152 3361 enim

79 3425 245 3508 peragunt
265 3414 325 3509 qui
348 3435 487 3507 semper
508 3412 691 3507 incipiunt,
714 3436 893 3507 nunqnam
919 3414 1081 3507 impletur
1102 3412 1152 3485 lul

80 3540 131 3610 lile
151 3552 212 3612 aut
234 3549 415 3631 pertusum
437 3561 517 3622 vas,
541 3539 657 3610 nullus
675 3537 809 3609 infinito
827 3536 906 3609 finis
923 3549 992 3620 est3
1015 3557 1154 3628 semper

80 3675 186 3734 antem
211 3684 349 3747 recens,
373 3668 513 3757 semper
538 3663 722 3756 incipiens,
747 3683 887 3754 semper
911 3683 1002 3753 vaga
1023 3657 1153 3730 etinh-

81 3785 142 3856 nita
166 3784 342 3879 cupiditas
363 3796 429 3857 est.
451 3786 518 3870 Qui
537 3784 628 3857 hauc
648 3784 754 3878 igitur
775 3795 953 3858 sectantur
979 3780 1151 3852 infinitum

82 3903 136 3977 iter
155 3908 340 4003 arripiunt,
363 3921 468 4003 alque
490 3908 568 3982 ideo
585 3932 650 3981 nec
666 3911 868 4002 quiescunt,
888 3929 952 3979 nec
968 3905 1152 4000 quiescere

82 4033 209 4121 quidem
232 4046 398 4129 possunt,
421 4037 501 4129 quia
535 4036 610 4107 dux
635 4057 757 4107 eorum
777 4033 1058 4126 concupiscentia
1082 4053 1150 4103 non

83 4157 229 4244 quiescit.
254 4161 385 4231 Horum
407 4160 478 4231 vita
500 4180 568 4229 non
590 4156 708 4231 finitur
730 4157 792 4231 sed
811 4155 1040 4250 abrumpitur,
1063 4156 1152 4228 inter
