2934 4650
235 267 293 348 428
695 282 858 332 vnarnnrm

236 423 407 518 stupenda
439 423 605 495 societate
629 409 882 507 couvenerant,
910 425 945 494 in
973 434 1102 518 pontes
1126 434 1168 496 et
1190 422 1332 507 moenia,

236 556 340 639 atque
368 545 559 617 immeritos
586 544 720 636 lapides
747 546 972 617 desaevirent.
994 547 1163 638 Denique
1191 556 1277 639 post
1301 544 1333 613 vi

236 671 292 739 vel
326 668 424 739 senio
439 669 592 760 collapsa
618 669 755 760 palatia,
776 687 858 760 quae
877 667 1054 760 quondam
1078 669 1256 759 ingentes
1285 678 1332 737 te·

237 800 389 861 nuerunt
420 789 502 873 viri,
535 799 615 881 post
646 788 804 880 diruptos
825 809 928 859 arcus
951 789 1206 882 triumphaleS,
1240 787 1330 861 undo

237 912 385 982 maiores
419 911 541 982 horum
576 909 720 981 forsitan
751 918 977 992 corruerunt,
1004 909 1050 980 de
1077 909 1197 1003 ipsius
1227 922 1329 981 vetu-

238 1032 338 1105 statis
371 1055 412 1104 ao
443 1032 592 1127 propriae
625 1031 813 1123 impietatis
841 1024 1071 1124 fragminibus
1096 1034 1206 1103 vilem
1230 1053 1328 1124 quae⁴

238 1166 330 1226 stum
365 1155 456 1248 turpi
489 1154 714 1226 mercimonio
752 1162 892 1246 captare
923 1175 992 1225 non
1030 1152 1168 1246 puduit.
1206 1153 1328 1245 ltaque

237 1298 330 1347 rrunc
351 1276 419 1347 beu
440 1275 556 1347 dolor!
577 1275 645 1346 heu
662 1277 778 1346 scelus
796 1275 997 1366 indignum!
1018 1275 1062 1347 de
1079 1275 1215 1345 vestris
1234 1295 1327 1343 mar-

239 1397 367 1468 mareis
399 1396 586 1479 columnis,
620 1395 666 1467 de
700 1396 876 1468 liminibus
904 1399 1128 1490 templorum,
1163 1397 1211 1469 ad
1243 1416 1325 1490 quae

238 1539 351 1609 nuper
369 1538 417 1587 ex
437 1526 509 1589 toto
528 1516 613 1596 orba
633 1538 827 1590 concursus
852 1518 1103 1591 devotissimus
1128 1516 1250 1602 fiebat,
1280 1519 1326 1590 de

240 1639 450 1732 imaginibus
480 1645 741 1735 sepulcrorum,
770 1642 837 1714 sub
865 1643 993 1736 quibus
1020 1650 1157 1734 patrum
1187 1653 1326 1715 vestro·

239 1784 318 1832 rum
335 1761 546 1834 venerabilis
567 1764 654 1834 cinis
674 1772 763 1847 erat,
785 1775 824 1835 ut
845 1763 976 1855 reliqua
999 1763 1128 1847 sileam,
1144 1763 1327 1835 desidiosa

238 1883 400 1975 Neapolis
418 1886 618 1957 adornatur.
638 1886 693 1957 Sic
711 1887 876 1978 paulatim
894 1887 1007 1957 ruinae
1027 1887 1113 1977 ipsae
1134 1887 1323 1969 deficiunt,

240 2007 365 2097 ingens
397 2007 634 2078 testimonium
662 2008 913 2098 magnitudinis
934 2008 1167 2101 antiquorum.
1189 2011 1239 2081 Et
1258 2032 1327 2083 vos

147 2162 154 2197 ;
244 2138 294 2205 tot
318 2131 425 2201 millia
451 2131 606 2202 virorum
639 2131 779 2202 torrium
810 2150 926 2201 coram
961 2132 1081 2223 paucis
1115 2132 1325 2203 latrunculis

137 2271 139 2276 ’
240 2274 310 2325 nou
324 2256 424 2326 aliter
438 2276 545 2347 quam
563 2255 597 2323 in
615 2262 715 2346 capta
734 2253 819 2324 urbe
832 2253 1081 2336 mussantibus
1097 2274 1162 2323 ceu
1177 2253 1325 2325 totidem

225 2399 309 2447 nou
332 2389 400 2448 tam
423 2376 518 2446 servi
532 2397 635 2466 quam
650 2397 785 2467 pecora,
808 2397 886 2446 cum
907 2375 1056 2469 publicae
1073 2374 1195 2445 matris
1213 2397 1327 2445 mem-

241 2497 303 2569 bra
320 2498 568 2590 discerperent,
588 2496 748 2567 siluistis:
766 2496 927 2567 nimirum
941 2497 1032 2569 euim
1048 2517 1154 2590 super
1167 2517 1234 2567 vos
1250 2518 1327 2569 sor·

243 2629 294 2690 tes
315 2621 479 2698 lecerunt,
502 2616 582 2708 quis
600 2616 691 2700 huic,
714 2618 795 2709 quis
812 2617 858 2686 illi
879 2617 1019 2690 cederet
1039 2619 1074 2688 in
1096 2617 1272 2712 praedam;
1293 2628 1329 2688 et

241 2736 337 2830 quod
362 2735 490 2808 imbelli
520 2736 651 2808 civitati
681 2737 896 2809 Albanarum
918 2737 1087 2810 miramur
1105 2747 1140 2808 et
1162 2737 1329 2830 indigna-

176 2912 184 2924 s
243 2885 323 2933 mur
354 2859 540 2952 obtigisse,
574 2883 653 2932 cum
692 2862 842 2952 legimus
878 2881 955 2931 eam
994 2861 1211 2931 ornamentis
1251 2861 1327 2933 suis

242 2980 403 3053 omnibus
424 2992 460 3054 et
481 2981 668 3055 luminibus
686 2983 843 3053 orbatam
865 2981 911 3054 ad
933 2981 1074 3073 triginta
1095 2990 1326 3076 tyrannorum

243 3100 423 3173 arbitrium
464 3108 683 3196 pervenisse,
717 3104 784 3176 hoc
817 3104 850 3173 in
885 3101 972 3174 urbe
1007 3104 1116 3172 Roma
1144 3100 1328 3174 domitrice

244 3222 380 3295 urbium
416 3244 456 3293 ac
490 3234 659 3296 terrarum
685 3223 835 3307 domina,
865 3223 1025 3296 sublimis
1050 3223 1165 3296 adhuc
1186 3224 1329 3316 Imperii

242 3355 278 3415 et
298 3343 425 3415 summi
447 3343 672 3434 Pontificatus
687 3344 989 3430 titulisillustrata,
1012 3344 1170 3436 potuisse
1191 3345 1330 3414 contin-

245 3491 344 3560 gere,
378 3478 416 3539 ut
449 3488 516 3538 non
545 3469 652 3537 multo
677 3467 844 3558 plurium,
878 3469 968 3537 forte
1002 3466 1107 3538 etiam
1135 3485 1330 3557 paucorum

245 3601 469 3686 tyrannorum
489 3587 689 3659 libidinibus
708 3587 914 3672 subiaceret,
934 3594 1035 3659 nemo
1052 3587 1193 3681 quidem
1213 3607 1331 3680 usque

245 3712 382 3784 adhoc
409 3718 544 3805 tempus
577 3708 637 3800 qui
671 3709 757 3781 satis
792 3708 1033 3800 indignaretur
1063 3710 1227 3780 inventus
1259 3718 1330 3779 est.

246 3831 331 3914 Quis
364 3832 514 3913 illorum,
534 3851 669 3924 precor,
700 3851 852 3921 unquam
882 3853 904 3901 a
931 3831 1034 3903 vobis
1056 3831 1176 3902 servili
1196 3832 1329 3922 aliquo,

246 3953 314 4024 nisi
345 3954 469 4027 eodem
504 3951 647 4025 sordido
678 3963 863 4049 contentus
896 3952 1067 4047 obsequio
1095 3952 1181 4024 luit‘l
1206 3953 1330 4022 Servis

249 4078 349 4166 paulo
379 4077 572 4160 altioribus,
595 4076 752 4169 ipsisque
777 4075 1134 4172 iumentisparoitur,
1156 4074 1222 4144 elsi
1257 4095 1328 4144 non
