2730 4680
381 297 473 348 LIBER
495 298 671 349 trossulus.
683 319 721 330 -
733 300 887 368 uersabat
909 303 940 351 ll.
1165 302 1198 363 11

124 431 208 504 idem
229 431 373 514 scribiS,
396 454 474 505 cum
495 457 566 526 quo
586 437 799 510 familiaritas
820 439 916 510 Laelii
944 450 1046 514 vetus
1067 456 1131 517 est.
1160 450 1201 519 ll-

123 555 178 626 lud
197 555 314 646 potius
336 556 444 626 miror
464 558 559 648 quod
583 559 759 651 prioribus
780 560 901 633 litteris
922 569 1199 657 praetermissum

122 678 170 749 his
195 680 344 763 inserui,
374 680 470 772 quod
495 680 542 753 ita
568 682 664 753 illum
690 683 735 754 ad
760 685 994 756 coronandum
1023 688 1198 766 Caesarem
1244 732 1247 737 .

120 801 175 872 diu
194 813 276 874 ante
297 802 496 893 digressum
517 804 584 877 iste
604 809 833 898 praevenerit,
850 807 917 878 nisi
931 811 1026 901 quia,
1049 824 1088 883 ιιι
1108 814 1199 886 arbi-

120 934 196 1011 tror,
218 936 254 995 et
275 936 315 996 ut
336 929 439 1013 solet,
459 927 554 999 illum
575 933 713 1002 fortuna
731 952 892 1023 segnem,
912 934 1005 1008 bunc
1025 937 1197 1013 solicitum

118 1051 224 1121 virtus
260 1050 349 1121 facit.
378 1051 492 1122 Unum
525 1074 594 1123 non
621 1052 738 1124 mirari
772 1076 931 1148 nequeo:
961 1079 1040 1129 cum
1074 1062 1196 1134 eodem

118 1173 213 1247 ambo
239 1181 441 1269 pergerent,
468 1174 710 1267 Rhodanoque
735 1175 894 1263 dimisso,
923 1178 1071 1253 Tiberim
1101 1197 1197 1277 pete·

116 1308 200 1383 rent,
223 1296 318 1368 unde
345 1298 563 1368 reverentior
584 1297 699 1369 adbuc
725 1300 904 1372 Romanus
930 1301 1093 1396 Princeps
1119 1306 1195 1378 dia-

115 1421 212 1494 dema
235 1440 439 1512 supremum
459 1421 582 1511 poscit,
601 1421 697 1512 quod
712 1423 803 1494 Petri
827 1445 1021 1510 successor,
1045 1427 1193 1502 Caesaris

116 1564 319 1618 successore
341 1542 497 1615 securior
518 1563 586 1612 non
608 1554 721 1631 curat,
743 1547 804 1639 qni
825 1546 899 1619 fieri
919 1552 1031 1645 potuit
1052 1560 1090 1622 ut
1111 1553 1193 1625 Car-

113 1665 234 1737 dinali‘s
256 1665 360 1736 rutilo
386 1663 517 1736 vertice
538 1674 573 1736 et
592 1687 768 1761 purpureo
788 1669 943 1761 fulgidus
964 1674 1093 1746 amictu
1117 1687 1193 1747 tan-

116 1799 216 1882 toque
237 1786 437 1884 spectabilis
459 1789 637 1873 comitatu,
660 1791 768 1862 nostri
789 1788 895 1864 huius
916 1795 1037 1889 lyncea
1062 1796 1191 1871 lumina

114 1913 249 2006 fugerit,
270 1923 306 1983 et
327 1933 406 1983 oum
428 1911 484 1983 hic
504 1911 614 1999 Pisae,
637 1913 694 1985 ille
713 1916 776 1985 vix
796 1915 881 1986 dum
902 1917 1045 1988 lanuam
1066 1940 1192 2011 perve-

111 2038 234 2123 nisset,
262 2037 310 2107 ita
336 2046 375 2108 ut
399 2035 447 2108 illi
472 2035 615 2107 obviam
640 2037 706 2109 iste
731 2038 884 2124 redierit.
911 2038 1076 2131 Auguror
1105 2063 1190 2113 sane

111 2165 255 2233 alterum
278 2168 383 2244 terra,
406 2159 493 2229 mari
513 2162 662 2231 alterum
683 2159 836 2231 venisse.
864 2161 913 2230 De
933 2158 999 2232 hoc
1025 2162 1189 2255 equidem

111 2307 147 2357 ac
167 2286 302 2378 reliquo
324 2292 415 2355 statu
436 2291 558 2355 vestro
578 2284 647 2356 tuis
668 2305 710 2355 ac
730 2283 805 2356 suis
826 2282 950 2355 litteris
967 2282 1094 2356 certior
1114 2283 1187 2357 fieri

110 2409 222 2481 velim.
244 2407 301 2480 Ad
322 2408 462 2500 singula
484 2406 713 2500 respondisse
732 2405 864 2478 videor.
885 2407 972 2478 Nam
994 2406 1039 2479 ad
1059 2408 1188 2501 episto-

108 2533 147 2602 lae
168 2540 238 2602 tuae
263 2527 368 2601 finem
395 2530 439 2602 de
460 2529 689 2601 familiaribus
720 2528 815 2604 curis
839 2529 917 2601 stilo
942 2530 1011 2599 alio
1030 2540 1066 2602 et
1091 2551 1187 2602 seor-

107 2675 181 2726 sum
202 2656 341 2747 loquar,
370 2662 408 2725 ut
433 2656 540 2726 soleo.
567 2651 703 2723 Gratias
730 2664 847 2725 autem
875 2651 948 2739 tibi,
976 2654 1072 2746 qnod
1097 2675 1186 2746 quas

105 2780 176 2874 ipse
190 2781 261 2850 iam
274 2777 438 2851 oblivioni
455 2776 667 2851 tradideram
684 2778 788 2861 adeo,
804 2788 899 2850 utne
920 2779 1105 2872 loquutnm
1124 2779 1186 2851 tibi

104 2903 145 2976 de
165 2904 222 2975 his
247 2902 379 2996 aliquid
399 2890 456 2975 me
481 2912 655 2997 putarem,
681 2912 752 2974 tam
779 2902 980 2975 memoriter
1006 2913 1120 2987 tenes,
1147 2914 1186 2975 ut

104 3026 198 3101 facile
217 3037 342 3121 pateat
361 3048 479 3098 rernm
501 3036 534 3097 te
556 3047 713 3098 mearum
734 3024 958 3098 curiosiorem
979 3046 1185 3118 essequam

103 3176 156 3226 me
183 3155 309 3248 ipsum.
337 3152 464 3223 Mirum
489 3158 525 3222 et
558 3170 647 3243 pene
680 3149 896 3237 incredibile,
929 3151 996 3223 nisi
1028 3151 1183 3222 caritatis

101 3287 167 3348 tuae
192 3274 363 3347 miraculo
383 3271 605 3346 incuriositas
632 3295 710 3346 mea
730 3277 833 3366 longe
854 3277 993 3369 lateque
1013 3287 1096 3350 nota
1120 3278 1183 3350 de-

101 3398 265 3471 traheret.
287 3397 374 3470 Vale
393 3399 539 3471 feliciter
558 3397 668 3471 nostri
689 3419 833 3470 memor.
