2940 4650
216 297 274 357 5ll
557 310 714 358 urrunnu
737 310 955 361 nrrrnntnuu.

116 486 120 493 ·*
215 473 297 523 esse
318 451 502 546 unanimes
515 460 551 523 et
564 450 736 547 pacificas.
751 452 796 523 llt
811 453 977 545 quamvis
1002 454 1096 548 ipsa
1121 476 1257 527 rerum
1274 455 1335 527 du-

217 574 339 645 bitatio
370 574 455 644 satis
489 575 630 668 puerilis
662 585 698 645 et
729 576 846 668 inepta
872 576 931 660 sit,
960 586 1098 649 tamen
1122 577 1335 674 disputandi

219 698 334 769 studio
364 708 551 789 utrumque
583 706 720 789 poterat
751 698 932 782 excusari,
966 700 1046 770 nisi
1069 703 1212 774 multis
1235 724 1337 793 argn-

218 822 343 893 mentis
363 823 454 893 ultro
473 822 631 912 citroque
651 820 801 904 iactatis,
823 822 852 891 is
866 821 926 914 qui
940 823 1120 894 omnium
1143 825 1338 919 sapientis·
1412 882 1413 889 ,

219 945 330 1016 simus
347 941 553 1027 habebatur,
587 964 667 1014 cum
685 945 811 1038 plausu
831 953 867 1015 et
887 945 1012 1015 lavore
1031 946 1237 1030 omnium,
1266 948 1338 1017 nul-

219 1067 356 1137 latenus
373 1065 540 1159 expedire
561 1073 734 1137 venenata
753 1062 954 1137 definitione
979 1062 1202 1140 firmasset.
1239 1066 1337 1152 Quod

220 1199 272 1274 tu,
292 1209 432 1281 quaeso,
454 1188 511 1258 vir
528 1187 828 1280 eloquentissime,
849 1186 1132 1279 cumprimum,
1160 1201 1205 1262 ut
1227 1193 1333 1273 soles,

219 1309 254 1380 in
268 1307 407 1402 publico
420 1306 612 1402 perorabis‚
626 1310 757 1402 Populo
770 1309 927 1381 Romano
939 1309 1033 1380 meis
1047 1311 1332 1396 verbisindica,

219 1441 259 1502 ut
275 1429 445 1521 intelligat
463 1451 544 1522 quae
558 1430 628 1500 sint
641 1430 764 1500 borum
780 1452 963 1524 procerum
983 1429 1033 1501 de
1055 1443 1202 1504 nostra
1222 1436 1331 1505 salute

220 1553 419 1636 sententiae,
442 1575 503 1644 per
522 1573 625 1643 quas,
646 1552 713 1622 etsi
734 1552 821 1623 nibil
841 1562 1002 1636 noceant,
1031 1555 1194 1628 animos
1217 1568 1328 1627 tamen

221 1695 306 1746 suos
324 1684 470 1744 ventosa
492 1675 699 1766 loquacitate
719 1676 904 1767 detegunt,
925 1674 1008 1746 dum
1029 1675 1141 1768 quod
1160 1679 1213 1752 de
1230 1676 1324 1749 nobis

221 1793 364 1889 cupiunt
396 1804 466 1866 tam
499 1796 725 1869 vehementer
745 1797 903 1891 cupiunt,
932 1806 969 1868 ut
987 1796 1238 1871 dissimulare
1260 1820 1320 1869 non
1411 1781 1412 1785 ¹

219 1919 368 2012 possint,
390 1928 427 1989 et
446 1928 568 2005 votum,
594 1917 849 2011 iniquissimum
869 1941 911 1990 ac
932 1918 1061 1990 hostile
1090 1923 1316 2017 propositum

221 2062 323 2114 suum
342 2041 377 2112 in
398 2040 541 2112 rationis
559 2041 671 2111 locum
701 2041 888 2113 transferre
911 2041 1136 2115 contendunt
1158 2044 1316 2116 caecitate

221 2163 433 2256 turpissima.
449 2162 517 2235 Sed
532 2161 599 2257 ipsi
611 2161 753 2255 quidem
767 2164 801 2234 in
817 2163 995 2234 erroribus
1009 2165 1086 2236 suis
1102 2168 1311 2238 morientur.

220 2286 291 2359 Nos
313 2285 348 2356 in
365 2282 528 2356 manibus
549 2285 611 2355 Dei
632 2305 773 2370 sumuS,
800 2287 996 2356 Fortunam.
1013 2305 1089 2360 non.
1111 2309 1227 2378 quum
1249 2286 1312 2380 ipsi

221 2410 355 2492 volunt,
388 2408 451 2480 sed
483 2430 591 2500 quam
625 2409 701 2501 ipse
734 2407 835 2479 nobis
861 2410 1114 2502 pr'aeparaverit
1143 2408 1308 2482 babituri.

221 2529 297 2600 Non
317 2540 432 2600 tamen
456 2528 760 2601 bisdeliramentis
780 2527 1223 2631 interfui.Contristassem
1244 2532 1310 2599 lor-

222 2660 319 2720 tasse
335 2649 487 2740 aliquos;
509 2669 577 2718 non
598 2648 690 2731 enim
711 2659 772 2720 aut
796 2651 980 2722 honesturn
1001 2657 1060 2720 aut
1080 2648 1172 2719 mihi
1195 2650 1309 2743 possi-

221 2771 291 2843 bile
313 2773 346 2843 in
366 2782 434 2842 tam
449 2770 555 2866 impia
568 2771 775 2864 loquacitate
788 2771 962 2845 silentium
976 2770 1108 2843 luisset.
1127 2772 1308 2844 Caeterum

223 2906 262 2969 ut
282 2914 339 2967 ras
357 2895 403 2968 ad
423 2916 480 2966 me
498 2896 631 2988 perlata
651 2906 721 2980 est,
744 2894 944 2986 indignatus
961 2893 1133 2987 graviter:
1164 2907 1204 2966 et
1229 2904 1309 2966 tunc

223 3021 314 3090 inter
334 3027 472 3089 nostros
492 3017 705 3088 contrarium
738 3015 898 3102 definivi,
926 3026 962 3088 et
982 3037 1073 3088 nuuc
1092 3014 1194 3108 apud
1215 3026 1251 3088 te
1270 3015 1309 3087 li-

222 3137 369 3210 bertatis
389 3149 520 3217 nostrae
545 3138 736 3232 principem
761 3139 1078 3231 quantulacumque
1097 3140 1310 3212 anctoritate

224 3258 366 3344 defini03
386 3271 488 3353 teque
509 3271 589 3339 ante
604 3261 711 3346 alios,
733 3271 768 3332 et
792 3262 984 3333 Romanum
1005 3261 1182 3355 Populum
1205 3273 1311 3358 atque

224 3384 426 3457 universam
459 3383 599 3465 ltaliam,
621 3395 657 3456 ut
680 3383 777 3478 quod
808 3405 876 3475 ego
902 3383 1020 3455 verbis
1053 3404 1181 3458 assero
1204 3386 1312 3459 rebus

223 3503 423 3598 approbetis
442 3526 504 3598 per
517 3525 638 3577 omnes
656 3505 829 3577 coelicolas
844 3507 993 3599 supplex
1009 3526 1088 3576 oro:
1107 3514 1146 3578 et
1161 3507 1204 3582 iu
1219 3519 1315 3583 statu

222 3647 391 3718 prospero
408 3626 469 3698 diu
489 3626 590 3699 vivas
617 3637 654 3699 et
683 3627 934 3724 rempublicam
954 3628 1090 3700 fortiter
1124 3628 1316 3708 liberatam

150 3811 154 3817 .
223 3747 367 3820 feliciter
389 3770 492 3840 regas
510 3759 601 3843 opta.

725 3981 803 3990 ῃ...
