2934 4650
200 280 260 340 tto
409 368 411 371 ι
660 290 822 340 1111111111

201 435 259 504 vel
292 444 326 505 te
360 434 513 523 alloquor
538 419 595 502 vel
622 434 820 524 loquentem
848 430 963 503 audio.
985 431 1073 502 Hinc
1093 441 1131 503 et
1154 432 1290 524 episto·
1394 449 1396 451 ’

201 556 314 626 larum
334 563 470 625 tuarum
491 552 557 624 ista
578 554 760 645 cupiditas,
781 562 816 624 et
835 551 1016 644 prolixitas
1037 575 1214 624 mearum.
1235 553 1289 620 ln·
1391 567 1392 576 ¹

202 678 299 748 vitus
319 675 410 749 enim
440 677 593 760 avellor3
627 677 784 768 alloquor
805 673 941 747 ledum
964 674 1089 757 scribo,
1114 675 1227 747 audio
1254 683 1287 746 te

201 799 290 885 dum,
318 800 486 892 epistolas
520 809 596 869 tuas
627 801 721 889 lego;
753 797 936 890 utrobique
965 809 997 869 te
1022 797 1141 882 andiu,
1168 808 1284 869 tecum
1394 848 1395 851 ,

202 941 291 993 sum.
313 920 422 991 Hodie
453 942 539 992 saue
563 920 645 1013 quia
672 919 800 991 serium
828 919 913 989 nihil
935 930 1021 1005 erat,
1044 929 1080 990 et
1099 918 1283 991 intermis-

202 1044 319 1115 siones
344 1045 520 1139 occupatis
548 1043 673 1113 animis
706 1065 775 1114 non
807 1043 924 1112 minus
955 1064 1060 1135 quam
1093 1040 1283 1112 exhaustis

201 1167 295 1258 agris
317 1169 420 1238 utiles
440 1189 521 1237 esse
544 1169 669 1250 solent,
690 1187 794 1236 aures
814 1165 949 1254 magnis
967 1164 1073 1235 rebus
1091 1184 1283 1256 parumper

201 1288 334 1374 ablatas
368 1311 437 1360 non
472 1288 645 1360 inamoeno
666 1289 809 1360 ridiculo
843 1286 1039 1382 praestabis.
1072 1285 1282 1380 Neophytos

201 1412 341 1506 quidem
360 1413 429 1495 ille,
448 1434 551 1505 quem
570 1412 738 1482 hactenus
755 1409 968 1493 nesciebam,
988 1430 1031 1480 eo
1045 1406 1145 1500 quod
1161 1409 1282 1478 literas

202 1543 281 1604 tuas
301 1535 395 1603 illum
418 1534 600 1624 loquentes
622 1532 666 1604 de
687 1529 848 1602 manibus
872 1552 940 1601 non
962 1531 1037 1601 suis
1058 1550 1286 1627 acceperam,

201 1676 244 1726 eo
263 1655 340 1747 ipso
359 1653 417 1724 die
437 1654 521 1749 dum
541 1656 627 1725 sorte
648 1652 752 1724 huius
779 1654 907 1726 sociam
935 1653 1122 1723 scriberem
1149 1651 1197 1722 ad
1224 1673 1284 1722 me

201 1777 313 1862 venit,
345 1799 423 1848 cnm
456 1776 668 1848 vestibulum
701 1777 799 1870 prius
826 1785 930 1866 atque
951 1774 1076 1846 atrium
1100 1765 1282 1866 totamque

201 1898 344 1973 domum
377 1901 496 1972 verbis
529 1899 718 1993 implesset.
755 1897 847 1968 Nihil
882 1895 998 1967 motus
1032 1895 1093 1989 (ab
1125 1894 1282 1967 assuetis

201 2023 295 2094 enim
327 2045 397 2095 non
430 2021 469 2095 fit
500 2021 637 2116 passio)
669 2002 807 2112 excipio
839 2018 1015 2090 hominem
1039 2019 1146 2089 vultu
1174 2039 1281 2109 quam

202 2146 318 2218 animo
337 2145 481 2230 laetiore,
505 2168 574 2217 non
596 2144 690 2238 quod
708 2152 768 2213 aut
785 2163 840 2212 me
857 2141 959 2213 etiam
979 2140 1192 2218 intermissio
1210 2162 1282 2212 uon

201 2263 363 2350 delectet,
387 2276 447 2336 aut
467 2264 640 2358 hospitem
671 2284 740 2334 non
772 2284 898 2346 amem,
927 2261 990 2332 sed
1015 2261 1096 2352 quia
1123 2269 1284 2354 tempore

201 2387 318 2460 minus
349 2388 474 2458 idoneo
505 2385 749 2470 obambulans,
785 2396 820 2455 et
852 2385 972 2456 nescio
1001 2383 1095 2454 unde
1116 2383 1278 2464 redieuS,

202 2509 403 2584 melioribus
421 2508 514 2580 curis
535 2530 601 2578 non
624 2509 709 2579 satis
731 2517 945 2602 opportunus
970 2505 1158 2577 incessisse
1179 2502 1284 2585 vides

202 2642 309 2704 retur.
339 2630 431 2714 Quid
467 2632 604 2701 multa?
633 2630 874 2716 Concedimus.
906 2629 1028 2722 Incipit
1059 2627 1116 2697 ille
1149 2625 1195 2697 de
1226 2626 1284 2695 in-

202 2754 377 2825 exhausto
397 2754 489 2823 tonte
510 2750 714 2835 verborum,
742 2753 849 2823 immo
875 2771 960 2851 vero
988 2748 1180 2833 continuat,
1211 2747 1282 2818 iam

201 2875 292 2945 enim
313 2885 499 2967 autequam
520 2875 625 2945 limen
646 2875 819 2966 attigisset
839 2873 1024 2966 inceperat.

364 3065 495 3129 Demitto
512 3065 663 3128 auriculas
679 3071 713 3127 ut
730 3064 844 3142 iniquae
859 3059 969 3124 mentis
987 3058 1117 3132 asellus,

363 3164 440 3227 Cum
457 3165 581 3242 gravius
599 3164 689 3227 dorso
706 3163 786 3226 subit
804 3177 891 3224 onus.

202 3371 260 3442 llle
288 3391 371 3440 mox
392 3366 553 3458 urgebat,
576 3367 718 3447 instare,
751 3365 881 3465 linguae
915 3363 1067 3433 fustibus
1093 3358 1137 3430 ad
1161 3361 1283 3454 pistri-·

204 3516 284 3564 uum
307 3513 433 3582 agere:
454 3512 520 3581 ego
542 3500 656 3560 autem
679 3487 780 3569 nihil,
804 3487 872 3557 nisi
892 3486 985 3578 quod
1003 3484 1093 3561 ,dum
1114 3484 1170 3553 ille
1193 3484 1282 3560 mihi·

202 3617 356 3706 linguam
384 3633 499 3695 suam,
534 3633 601 3701 ego
635 3608 701 3681 sibi
733 3629 837 3681 aures
869 3628 966 3709 meas
1000 3604 1197 3679 accomodo
1234 3607 1286 3677 lta

202 3737 296 3806 illinc
315 3733 489 3827 loquendo
515 3733 594 3804 hinc
619 3731 768 3803 tacendo
789 3732 912 3825 impari
933 3755 1050 3826 pugna
1071 3729 1282 3803 conseritur.

204 3859 292 3941 Dum
326 3859 361 3927 in
395 3857 459 3927 huc
493 3865 586 3927 statu
620 3876 677 3925 res
706 3867 844 3939 essent,
873 3853 1006 3925 hortari
1033 3853 1130 3924 illum
1156 3851 1289 3942 iucipio'

206 3978 379 4051 subducat
411 4001 555 4072 equum,
585 3998 700 4070 seque
718 3977 878 4049 familiari
902 3976 1064 4070 prandio,
1088 3974 1190 4047 cuius
1216 3971 1288 4048 iem

208 4109 344 4193 tempus
363 4102 518 4186 instaret,
554 4122 694 4194 aequum
721 4100 885 4194 praebeat.
914 4100 972 4172 Ille
997 4110 1111 4173 autem
1137 4095 1183 4169 ad
1211 4095 1292 4166 haec
