2940 4650
182 326 184 329 .
203 297 209 304 ·
236 269 297 331 544
458 281 626 332 Fannctsct
646 282 824 336 PETRARCAE
847 283 1098 335 tsssrtttttttrtttt.

237 424 318 506 mei,
335 432 369 495 ut
385 431 533 494 caetera:
556 425 619 496 sed
640 424 707 497 bac
726 428 803 516 lege
824 426 919 519 quod
938 449 1002 499 nec
1022 449 1088 520 per
1105 449 1158 499 se.
1180 449 1246 500 nec
1267 452 1321 523 per

237 547 341 618 alium
363 544 474 639 possit
493 545 618 617 borum
639 549 769 641 aliquid
791 550 931 622 alienari
953 549 1175 633 venditione,
1191 552 1317 623 autdo

238 668 390 752 natione,
417 677 477 738 aut
502 680 668 761 perpetua
701 671 962 767 emphytheusi,
998 681 1060 742 aut
1093 673 1165 744 alio
1198 673 1317 766 quovis
1410 678 1411 681 ’

238 789 354 871 modo,
370 791 548 862 necetiam
572 791 744 882 pignorari
765 792 938 886 usquead
963 796 1157 886 completos
1178 795 1243 863 XX
1261 815 1317 864 an-

240 933 304 982 nos
324 933 344 982 a
362 912 418 983 die
440 913 504 982 mei
527 911 643 984 obitus
664 914 939 1008 computandos:
956 916 1051 1008 quod
1070 923 1215 1007 propter
1232 912 1316 984 utili-

240 1044 330 1107 tates
361 1036 472 1128 ipsius
493 1035 645 1107 haeredis
666 1036 790 1108 ordino
815 1037 874 1130 qui
899 1059 947 1108 ex
980 1037 1177 1128 ignorantia
1206 1057 1314 1107 rerum
1410 1095 1411 1098 ,

237 1157 309 1256 labi
332 1170 470 1250 posset;
491 1180 582 1252 quas
598 1180 676 1229 cum
699 1161 801 1251 plene
822 1160 957 1231 noverit
977 1168 1061 1251 puto
1082 1182 1154 1230 non
1175 1159 1315 1230 libenter
1410 1136 1411 1140 ¹

240 1276 415 1349 alienabit.

340 1400 375 1470 Si
396 1410 511 1473 autem
532 1405 635 1485 forte,
658 1403 740 1495 quia
760 1424 883 1474 omnes
906 1423 1028 1474 sumus
1050 1405 1233 1485 mortales,
1258 1423 1316 1472 nec

240 1522 381 1594 omnino
409 1525 499 1594 ullus
515 1534 571 1595 cst
591 1525 677 1596 ordo
701 1525 887 1609 moriendi,
909 1504 1025 1597 dictus
1044 1525 1254 1597 Francisous
1277 1523 1315 1594 de

240 1645 396 1715 Brosano
418 1645 524 1739 (quod
544 1659 681 1720 avertat
700 1649 808 1737 Deus)
829 1657 910 1718 ante
930 1659 1218 1734 memoraretur,
1243 1657 1317 1718 tunc

242 1766 359 1840 haeres
385 1791 484 1841 meus
508 1781 583 1841 esto
603 1770 860 1842 Lombardusa
885 1768 1004 1841 Serico
1028 1770 1238 1860 praedictus,
1264 1771 1316 1863 qui

242 1893 344 1983 plene
364 1893 518 1964 animum
539 1916 656 1965 meum
676 1893 786 1972 novit,
813 1913 920 1986 quem
953 1900 992 1961 ut
1022 1891 1059 1962 in
1088 1892 1162 1962 vita
1197 1890 1319 1965 fidelis·

243 2014 370 2086 simum
396 2026 565 2108 expertus
592 2037 679 2100 sum,
708 2038 778 2086 non
807 2015 925 2086 minus
951 2010 1087 2086 fidelem
1117 2035 1225 2106 spero
1249 2022 1320 2107 post

243 2133 387 2207 obitum.

343 2260 427 2330 Haec
447 2249 523 2332 iure
549 2259 764 2344 testamenti,
792 2281 853 2332 seu
880 2257 1022 2332 alterius
1043 2257 1175 2330 ultimae
1203 2260 1321 2329 volun-

240 2379 324 2452 tatis
356 2403 419 2453 seu
449 2404 671 2476 quocumque
696 2384 764 2455 alio
789 2384 893 2454 modo
918 2382 1042 2454 melius
1068 2382 1221 2452 valitura
1247 2402 1321 2453 con·

245 2503 369 2595 scripsi
400 2527 504 2577 manu
532 2507 672 2599 propria
698 2504 825 2577 Paduae
850 2505 884 2574 in
905 2503 1009 2575 domo
1034 2504 1194 2574 ecclesiae
1221 2523 1321 2595 quam

245 2620 363 2695 habito
383 2647 474 2697 anno
494 2627 628 2697 Domini
650 2626 866 2695 MCCCLXX.
887 2625 999 2718 pridie
1014 2624 1132 2695 Nonas
1154 2623 1294 2717 Aprilis.

204 2763 211 2784 ⁸
343 2746 387 2818 Et
406 2747 583 2822 Nicolaum
611 2747 718 2818 lilium
739 2748 916 2840 quondam
939 2770 996 2821 ser
1016 2746 1266 2818 Bartholomaei
1285 2766 1322 2817 ac

244 2867 436 2940 Nicolelum
455 2867 563 2941 filium
577 2885 640 2941 ¹ser
655 2871 748 2943 Petri
766 2871 920 2943 notarios
940 2869 1180 2961 infrascriptos
1202 2867 1323 2961 rogavi

245 3002 348 3083 prout
380 2992 414 3063 iu
446 3007 568 3065 eorum
604 2992 921 3086 subscriptionibus
942 2991 1185 3084 'infrascriptis
1216 2989 1322 3064 conti·
1422 2983 1427 3072 s

246 3124 357 3185 netur.

347 3236 458 3308 Unum
491 3236 594 3319 addo,
622 3239 716 3331 quod
742 3239 859 3311 statim
890 3248 969 3333 post
994 3235 1178 3309 transitum
1208 3253 1321 3305 meum

248 3357 360 3430 haeres
383 3382 483 3432 meus
503 3361 632 3433 scribat
652 3384 758 3456 super
778 3363 843 3435 hoc
864 3384 941 3433 meo
960 3359 1059 3432 fratri
1073 3379 1242 3450 germano
1261 3359 1323 3427 Pe·

246 3485 362 3550 trarco
382 3482 551 3553 monacho
571 3483 810 3556 carthusiensi
831 3484 865 3553 in
887 3480 1134 3554 Conventusde
1154 3478 1323 3550 Materino

247 3621 354 3694 prope
378 3605 589 3676 Massiliam:
623 3615 658 3676 et
689 3606 749 3677 det
778 3605 845 3677 sibi
877 3603 1052 3697 optionem
1085 3613 1202 3673 utrum
1241 3599 1324 3671 velit

247 3734 384 3794 centum
418 3725 569 3798 florenos
602 3726 691 3809 auri,
719 3748 764 3798 an
791 3727 939 3818 singulis
963 3725 1064 3797 annis
1084 3725 1242 3816 quinque
1268 3721 1324 3792 vel

247 3844 368 3918 decem
391 3848 482 3920 sicut
502 3848 568 3920 sibi
581 3851 713 3942 placet:
732 3859 767 3920 et
786 3848 880 3942 quod
896 3849 971 3940 ipse
988 3844 1134 3938 elegerit
1150 3844 1237 3915 illud
1253 3841 1323 3914 liat.

345 3971 421 4062 Ego
433 3971 638 4046 Franciscus
651 3971 836 4044 Petrarcba
850 3971 990 4065 scripsi3
1003 3966 1062 4062 qui
1076 3972 1324 4038 testamentum
1430 3996 1432 4002 ·

158 4126 161 4130 ⁴
248 4089 343 4163 aliud
360 4094 520 4169 fecissem
538 4093 566 4169 si
585 4115 700 4169 essem
715 4093 827 4180 dives,
842 4103 880 4167 ut
892 4095 1020 4186 vulgus
1038 4091 1200 4163 insanum
1214 4094 1324 4188 putat·
