2992 4664
193 300 250 360 :lla
657 308 818 358 mrrmnun

191 462 352 550 linquens
390 455 534 526 ltaliam
556 455 769 547 provinciam
816 451 1007 548 prinoipem
1047 460 1280 547 tyrannorum
1367 475 1373 481 ·

192 578 348 651 faucibus
362 576 598 647 verisimiliter
612 575 841 647 lacerandam.
858 575 902 644 Et
919 584 957 644 ut
970 573 1163 645 secundum
1181 572 1278 667 Apo-

192 703 317 771 stolum
345 708 548 770 reverenter
568 698 751 790 adloquar,
779 699 938 769 luctuose
961 697 1025 768 sed
1041 698 1185 769 forsitan
1203 698 1276 767 sru-

191 833 312 893 ctuose
325 830 418 891 tuam
431 819 577 891 obsecro
597 818 1089 902 sanctitatemPaterUrbaue.
1101 821 1277 890 Memento

169 1021 173 1028 ,
190 964 322 1036 quaeso,
336 941 432 1035 quod
445 942 637 1013 Paraclitus
657 950 690 1011 te
710 940 918 1034 praeposuit,
934 942 1018 1033 quin
1037 943 1106 1013 imo
1126 952 1163 1013 et
1182 962 1275 1037 prae-

190 1067 306 1161 posuit
327 1066 440 1149 Filius
456 1065 515 1158 qni
531 1085 654 1136 rnanus
667 1064 779 1134 Patris
796 1063 940 1148 dicitur,
959 1086 1141 1157 perquem
1157 1064 1274 1135 omnia

191 1191 279 1260 facta
301 1199 391 1269 suot,
414 1197 449 1257 et
471 1208 531 1279 per
552 1188 676 1257 fratres
695 1196 774 1257 tuos
794 1189 851 1257 vel
874 1208 958 1257 suos
979 1186 1206 1277 dignissimos
1223 1185 1276 1256 di-

191 1313 282 1402 gitos
304 1320 338 1380 te
360 1320 561 1380 cunctorum
583 1309 724 1399 scripsit
740 1310 775 1377 in
797 1317 955 1401 patrem;
976 1309 1275 1403 auctorizavitque

124 1507 129 1513 Α
190 1455 330 1526 quoque
354 1434 457 1504 Pater
478 1430 572 1522 quod
602 1430 646 1501 de
676 1442 710 1502 te
739 1431 885 1502 dictavit
904 1430 1022 1514 Filius,
1056 1442 1092 1502 et
1125 1433 1274 1524 Spiritus

189 1557 338 1626 Sanctus
360 1554 517 1647 spiravit.
534 1554 618 1625 Tota
636 1553 795 1638 Trinitas,
815 1555 917 1626 cuius
937 1575 1044 1647 opera
1066 1554 1275 1647 separabilia

141 1725 145 1728 >
191 1689 292 1763 sunt,
311 1685 455 1771 operata
473 1685 535 1746 ost
549 1677 584 1746 in
606 1676 655 1746 tui
676 1676 916 1770 assumptione
937 1678 1153 1748 miraculum.
1175 1675 1275 1760 Quod

191 1777 292 1871 silas
315 1811 410 1872 esset
431 1802 465 1871 in
488 1801 554 1871 boc
579 1799 729 1895 amplius
750 1800 947 1885 immorari,
972 1803 1107 1894 quaein
1126 1811 1160 1871 te
1179 1801 1275 1873 etde

189 1936 223 1995 te
244 1923 416 1995 mirabilia
434 1935 535 2015 gesta
555 1934 650 2009 sunt,
678 1925 806 1995 clarius
822 1924 1044 2016 explicarem.
1068 1925 1136 1996 Sed
1157 1924 1206 1994 illi
1226 1927 1274 1997 lo·

189 2069 278 2139 quor
298 2048 358 2140 qui
380 2048 446 2119 boc
466 2048 565 2118 novit
586 2045 755 2139 apertius,
787 2067 852 2116 nec
880 2069 971 2117 nunc
998 2068 1160 2119 sermone
1185 2068 1274 2140 opus

188 2178 243 2240 est
268 2168 405 2240 blando.
425 2169 662 2261 ingemiscens
690 2178 749 2238 toa
770 2168 883 2261 inquil
902 2170 999 2240 ltalia
1017 2196 1024 2238 :
1052 2198 1068 2234 <r
1090 2170 1204 2252 Quum
1225 2172 1275 2240 ul-

192 2322 207 2355 »
239 2293 380 2364 ceribus
407 2314 522 2363 essem
554 2292 708 2363 sauciata
738 2291 943 2376 mortiteriS,
975 2291 1019 2363 ad
1049 2303 1168 2364 meet
1200 2315 1275 2365 mea

193 2442 208 2477 v
236 2437 360 2486 curare
385 2416 533 2484 vulnera
558 2413 787 2497 descendisti,
826 2423 862 2484 et
890 2437 970 2485 oum
1004 2416 1106 2485 Petro
1130 2413 1273 2486 dixisti:

193 2565 208 2601 l
236 2557 302 2626 ego
317 2557 394 2606 sum
408 2533 597 2627 Apostolus
619 2534 757 2617 Christi,
781 2535 866 2606 nihil
890 2537 923 2606 in
945 2557 1001 2606 me
1022 2535 1092 2607 filia
1112 2557 1191 2619 mea
1212 2559 1274 2607 ve-

192 2686 207 2719 »
237 2677 336 2727 rere:
355 2664 390 2725 et
410 2656 578 2748 incipiens
595 2656 715 2727 vinum
738 2666 773 2727 et
797 2660 912 2729 oleum
937 2657 1134 2741 infundere,
1159 2658 1273 2751 plagis

194 2808 209 2841 n
239 2778 325 2849 meis
346 2778 498 2851 nondum
519 2779 768 2870 circumligatis
785 2791 821 2851 et
842 2780 1071 2851 medicamine
1096 2780 1194 2864 fotis,
1219 2803 1272 2852 re-

193 2929 207 2964 n
236 2899 332 2972 cedis
353 2922 455 2972 ame.
478 2902 633 2973 Tentasti
654 2901 792 2993 putrida
817 2902 971 2974 recidere
993 2904 1096 2985 lerro,
1127 2912 1163 2972 et
1188 2902 1271 2974 dum

137 3039 142 3050 ·
192 3051 206 3086 l
235 3024 319 3096 illud
338 3026 544 3116 profundius
566 3025 823 3118 impressisses,
840 3025 1004 3096 invenisti
1026 3023 1171 3095 forsitan
1190 3043 1272 3115 quae

191 3174 205 3207 n
237 3144 297 3215 tibi
316 3145 520 3217 incurabilia
541 3149 618 3219 visa
637 3158 728 3218 suut.
748 3148 792 3217 Et
812 3146 857 3219 ob
878 3147 944 3220 hoc
964 3149 1114 3219 sortasse
1135 3168 1190 3216 me
1212 3147 1273 3218 de-

191 3297 206 3332 v
237 3268 326 3339 seris
356 3267 574 3360 desperantis
604 3292 700 3341 more
723 3269 865 3354 medici,
888 3270 948 3363 qui
968 3277 1156 3361 expectare
1175 3291 1270 3340 mor·

164 3471 166 3475 ,
191 3419 206 3453 n
235 3402 305 3461 tem
327 3388 505 3460 erubescit
536 3390 670 3481 aegroti.
699 3388 768 3459 Sed
789 3390 869 3483 quis
891 3391 956 3461 scit
977 3392 1007 3459 si
1029 3402 1142 3460 tecum
1166 3409 1272 3481 super

190 3541 205 3577 >r
235 3536 290 3585 me
308 3523 458 3607 apponet
476 3512 655 3584 suamille
677 3534 834 3597 manum,
856 3513 915 3604 qui
942 3512 987 3582 ab
1013 3512 1176 3583 omnibus
1197 3514 1272 3582 lan-

190 3663 205 3698 v
234 3635 402 3726 guoribus
423 3633 569 3706 curabat
589 3632 772 3705 infirmos?
797 3635 883 3717 Quis
907 3634 1005 3706 novit
1026 3633 1138 3706 siille
1157 3643 1270 3706 tecum

178 3785 205 3820 v
234 3759 314 3842 erit,
336 3757 436 3828 ouius
461 3755 609 3828 verbum
629 3756 785 3828 membra
814 3757 960 3830 sanabat
986 3760 1157 3850 aegrotis?
1177 3756 1271 3827 lllius
1337 3764 1338 3767 ’

188 3907 203 3942 u
233 3880 347 3951 vicem
365 3880 475 3972 germ,
499 3881 599 3952 istius
626 3900 809 3950 successor
838 3880 985 3963 existis;
1013 3884 1132 3951 claves
1159 3878 1270 3950 habes

189 4030 204 4063 v
234 4004 331 4094 regni
350 4004 527 4075 coelorum.
549 4003 622 4074 Sub
643 4013 676 4074 te
697 4012 752 4074 est
772 4014 960 4097 utrumque
981 4003 1175 4096 imperium:
1198 4010 1269 4073 ter-

189 4152 203 4189 »
233 4146 394 4196 ranorum
407 4124 590 4218 utriusque
611 4127 825 4219 principatus
853 4127 896 4198 ad
919 4136 951 4199 te
972 4126 1134 4220 pervenit
1146 4126 1181 4197 in
1203 4145 1268 4206 me,
