2992 4664
347 300 439 347 trnnn
462 298 834 355 vicasruusoulnrus.-
848 296 998 346 nrrsronl
1023 299 1083 346 un.
1196 286 1251 347 281

551 643 554 649 .
577 563 755 628 nrrsrom
777 567 845 630 vni.

345 729 539 780 rnlnutscus
561 731 730 781 Pnrnanun
751 733 825 781 'llTO
846 731 931 780 LlVlO
952 730 978 779 S.
1001 731 1028 778 Ρ.
1051 731 1080 778 ll.
1130 758 1132 761 ·

273 868 419 942 Ingenium
435 868 494 925 eins
509 869 623 937 exaltat,
640 869 782 940 librosque
796 836 953 939 deperditos
969 868 1144 922 lamentatur.

264 1085 436 1178 Optarem,
454 1083 483 1153 si
496 1102 542 1153 ex
557 1083 627 1152 alto
641 1082 760 1153 datum
775 1091 880 1167 esset,
899 1085 952 1152 vel
968 1103 1022 1152 me
1034 1082 1068 1150 in
1083 1091 1176 1152 tuam
1196 1083 1251 1151 vol

167 1224 201 1281 te
223 1208 258 1278 in
279 1216 433 1278 nostram
461 1214 600 1277 aetatem
626 1204 792 1276 incidisse
818 1214 856 1274 ut
882 1215 970 1276 aetas
996 1206 1088 1297 ipsa,
1113 1206 1252 1294 relego

169 1351 233 1424 per
255 1340 288 1400 te
310 1328 449 1412 melior,
472 1337 506 1398 et
528 1327 748 1399 visitatorum
769 1349 816 1399 ex
837 1347 981 1397 numero
1002 1335 1138 1397 tuorum
1160 1345 1251 1394 nnus

165 1455 292 1536 torem,
315 1453 469 1544 profecto
486 1473 555 1521 non
573 1452 717 1521 Romam
732 1449 836 1521 modo
851 1447 1037 1520 revidendi
1053 1447 1172 1539 gratia,
1188 1444 1250 1517 sed

164 1574 294 1645 lndiam
314 1595 360 1645 ex
377 1573 495 1644 Galliis
513 1583 573 1644 aut
586 1574 752 1665 Hispania
769 1573 952 1668 petiturus.
972 1571 1070 1641 Nunc
1084 1590 1168 1641 vero
1180 1587 1249 1660 qua

163 1695 268 1766 datur
288 1707 321 1767 te
343 1697 376 1765 in
399 1694 494 1765 libris
521 1694 590 1766 tuis
615 1696 735 1779 video,
757 1715 825 1766 non
848 1692 1011 1784 equidem
1037 1703 1159 1776 totum,
1186 1688 1251 1761 sed

164 1827 337 1911 quatenus
354 1817 510 1888 nondum
529 1818 648 1888 saeculi
662 1816 773 1887 nostri
790 1813 924 1886 desidia
943 1813 1085 1907 periisti.
1105 1815 1252 1883 Centum

165 1939 398 2032 quadraginta
418 1938 508 2010 duos
531 1961 647 2009 rerum
670 1940 900 2010 Romanarum
920 1936 1027 2007 libros
1048 1935 1204 2007 edidisse
1217 1946 1251 2007 te

163 2061 344 2133 novimus:
379 2062 446 2133 heu
479 2070 611 2154 quanto
637 2062 768 2142 stadie,
797 2060 936 2152 quantis
961 2056 1156 2128 laboribus!
1183 2058 1251 2127 Vix
1324 2143 1327 2150 Ι

164 2183 304 2276 triginta
326 2207 373 2256 ex
394 2184 556 2256 omnibus
577 2194 778 2277 supersunt.
801 2182 871 2253 Oh!
894 2203 968 2252 mos
989 2179 1168 2275 pessimus
1187 2200 1251 2253 nos

164 2307 336 2399 metipsos
357 2307 401 2378 de
421 2306 593 2380 industria
606 2306 757 2379 fallendi.
773 2306 927 2396 Triginta
945 2303 1020 2375 dixi
1032 2305 1114 2398 quia
1126 2325 1250 2375 omnes

163 2431 272 2521 vulgo
293 2428 328 2500 id
349 2428 481 2500 dicunt.
503 2430 578 2522 Ego
599 2439 715 2501 autem
736 2429 865 2500 deesse
886 2452 994 2500 unum
1016 2428 1058 2499 iis
1086 2429 1173 2520 ipsis
1199 2428 1251 2497 in-

165 2551 285 2635 venio;
307 2574 433 2624 novem
454 2563 489 2624 et
509 2552 635 2644 viginti
653 2564 750 2624 sunt:
771 2555 872 2645 plane
886 2543 965 2622 'tres
988 2550 1156 2634 decades,
1179 2548 1251 2642 pri·

163 2694 237 2760 ma,
260 2675 359 2745 tertia
381 2686 416 2746 et
432 2685 566 2768 quarta
577 2676 632 2746 cui
649 2675 819 2747 librorum
836 2663 1006 2746 numerus
1019 2697 1089 2746 non
1101 2683 1247 2745 constat.

164 2796 202 2864 ln
226 2796 279 2866 bis
301 2807 374 2866 tam
394 2799 513 2888 parvis
534 2799 604 2868 tuis
630 2798 788 2890 reliquiis
814 2819 985 2869 exerceor
1010 2798 1148 2889 quoties
1174 2797 1250 2869 haec

163 2922 253 3000 loca,
267 2918 346 2986 haec
362 2928 518 3010 tempora
530 2923 586 2990 vel
601 2920 665 2991 bos
681 2941 796 2990 mores
817 2918 977 2989 oblivisci
997 2921 1090 3001 volo,
1105 2929 1139 2989 et
1153 2938 1248 3012 saepe

163 3039 333 3113 aericum
353 3038 591 3129 indignatione
612 3040 716 3111 animi
737 3040 911 3111 adversus
931 3061 1046 3113 mores
1068 3040 1247 3112 hominurn

163 3172 373 3246 nostrorum,
384 3161 603 3254 quibusnibil
622 3161 655 3232 in
670 3164 782 3255 pretio
795 3172 851 3233 est
862 3149 1062 3235 nisiaurnm
1076 3173 1111 3235 et
1123 3184 1248 3256 argen-

166 3292 246 3369 tum,
270 3296 374 3377 atque
388 3282 552 3356 obseoena
564 3307 745 3379 corporum
761 3289 937 3379 voluptas,
953 3309 1032 3380 quae
1047 3289 1075 3358 si
1094 3288 1128 3356 in
1146 3285 1247 3357 bonis

164 3404 325 3477 habenda
359 3417 451 3488 sunt,
480 3410 588 3479 multo
613 3409 824 3480 cumulatius
849 3412 1027 3501 multoque
1059 3408 1247 3501 perfectius

164 3549 231 3598 non
254 3536 386 3599 tanturn
408 3538 516 3599 mutae
537 3529 683 3622 pecudis
700 3531 763 3602 sed
781 3530 965 3602 immobilis
984 3539 1019 3600 et
1036 3527 1246 3599 insensibilis

163 3649 338 3736 elementi,
361 3673 466 3744 quarn
489 3652 666 3725 rationalis
689 3653 837 3725 hominis
864 3653 993 3725 honum
1015 3653 1090 3724 erit.
1113 3650 1183 3721 Sed
1202 3650 1247 3721 de

166 3771 231 3841 boc
251 3771 347 3843 alias.
369 3773 469 3843 Nunc
490 3774 549 3846 tibi
572 3775 687 3869 potius
705 3787 843 3868 tempus
864 3787 918 3847 est
939 3787 976 3846 nt
997 3776 1126 3866 gratias
1145 3794 1246 3863 agam

164 3903 236 3962 tum
264 3914 327 3985 pro
354 3893 471 3966 multis
499 3904 569 3966 tum
597 3917 659 3988 pro
688 3916 731 3966 eo
757 3895 955 3966 nominatim
983 3895 1077 3986 quod
1103 3893 1246 3965 oblitum

165 4033 258 4108 saepe
278 4017 506 4109 praesentium
523 4020 689 4088 malornm
705 4017 845 4088 saeculis
860 4038 914 4087 me
928 4016 1137 4117 felicioribus
1156 4017 1247 4087 inse-

166 4135 227 4219 ris,
251 4147 288 4206 ut
310 4137 399 4208 inter
418 4138 605 4229 legendum
629 4140 750 4210 saltem
773 4161 851 4209 curn
874 4138 1057 4225 Corneliis,
1081 4139 1248 4232 Scipioni-
