2804 4656
315 315 408 364 niune
428 275 955 366 vicasruusrsarrus.-narsrona
981 318 1012 364 11.
1148 306 1202 365 ttll

122 456 200 527 xios
222 456 349 526 milites
369 457 538 550 supplicio
559 458 702 530 dedisse
724 470 759 531 et
782 461 1030 533 tumultuantes
1052 460 1206 553 legiones

121 580 276 671 integras
297 592 548 651 exauctorasse
569 581 707 671 legitur,
730 582 859 672 insigni
887 581 1012 654 fiducia
1037 593 1072 655 et
1098 588 1206 655 inter-

121 702 203 772 dum
227 703 452 774 memorando
473 702 749 789 discriminent
774 703 960 798 aliquando
981 708 1205 779 frementibus

122 827 281 916 ferroque
302 825 515 897 minantibus
536 825 684 898 diceret:
707 856 721 892 «
741 828 909 920 Deponite
926 829 1071 900 dextras
1088 842 1208 904 contra

129 976 142 1011 n
161 949 297 1019 hostem
311 948 505 1039 erigendas
522 950 552 1021 si
565 953 673 1022 fortes
689 952 784 1023 sitis:
800 975 856 1023 me
870 954 961 1024 enim
979 955 1045 1026 ista
1057 978 1126 1026 uon
1139 964 1208 1026 ter-

127 1098 142 1136 tt
162 1082 249 1142 rent.
260 1071 294 1141 Si
303 1073 395 1142 enim
409 1052 518 1142 unum
531 1071 707 1143 hominem
723 1061 1208 1156 occideritismonvobisdee·

128 1222 143 1259 l
163 1195 207 1265 rit
219 1194 425 1287 respublica,
442 1218 510 1267 non
527 1207 684 1280 senatus,
700 1218 769 1267 non
784 1201 934 1291 populus
949 1199 1134 1282 Romanus,
1149 1201 1208 1292 qui

128 1346 142 1382 l
161 1340 218 1389 me
231 1318 277 1390 de
290 1318 391 1390 vobis
405 1318 569 1390 vindicet.
588 1346 603 1383 a
621 1318 804 1412 Augustus
819 1322 939 1392 Caesar
955 1331 1004 1393 tot
1016 1323 1144 1416 petitus
1157 1322 1209 1392 in·

125 1442 235 1524 sidiis,
251 1444 308 1513 vel
321 1441 413 1512 iusta
427 1442 622 1526 severitate,
646 1446 702 1515 vel
721 1443 790 1514 levi
808 1445 1047 1517 misericordia
1069 1445 1206 1517 tandem

124 1564 284 1636 omnibus
307 1562 409 1636 finem
430 1565 537 1637 dedit.
555 1565 651 1636 Mitto
668 1566 811 1638 aliosne
828 1579 1031 1661 occupatum
1054 1569 1206 1640 animum

124 1690 236 1780 longis
257 1687 411 1758 historiis
433 1687 617 1780 implicem.
641 1687 695 1761 Ad
723 1702 754 1760 te
780 1688 885 1762 redeo
907 1691 1010 1761 tantis
1033 1712 1126 1784 saepe
1147 1713 1208 1783 pe-

124 1810 241 1882 riculis
264 1832 331 1882 non
354 1834 433 1883 oum
452 1812 564 1881 salute
587 1812 700 1882 solum
723 1812 786 1883 sed
807 1834 884 1884 cum
905 1814 1012 1903 gloria
1037 1825 1207 1907 ereptum.

124 1936 212 2020 Quid
235 1935 367 2018 vidisti,
397 1936 473 2006 sive
499 1934 584 2027 quid
609 1934 752 2017 audisti,
776 1935 869 2027 quod
898 1946 929 2006 te
956 1938 1056 2006 talem
1077 1935 1204 2020 virum,

123 2060 177 2130 tali
195 2059 304 2152 stirpe
319 2058 549 2151 progenitum,
567 2057 671 2128 tantis
686 2062 921 2129 assuefactum
937 2057 1054 2143 rebus,
1070 2071 1209 2151 tamque

124 2186 188 2255 alto
205 2182 250 2253 de
271 2181 420 2252 culmine
438 2181 696 2275 despectantem
716 2203 773 2251 res
791 2181 974 2263 humanas,
990 2203 1010 2252 e
1024 2183 1209 2274 tranquilla

124 2308 296 2379 Caesareae
317 2306 513 2375 serenitatis
535 2327 614 2376 arce
635 2305 819 2377 deiiceret?
839 2305 929 2375 Nihil
952 2327 1128 2396 magnum,
1156 2305 1208 2375 ni-

125 2429 166 2500 bil
189 2450 301 2520 grave
327 2427 440 2498 videri
458 2426 571 2497 debet
591 2427 718 2512 animo,
740 2428 800 2519 qui
822 2426 940 2498 subire
967 2427 1123 2498 humeris
1144 2426 1208 2496 im·
1254 2508 1256 2511 ,

123 2552 203 2644 perii
226 2554 353 2623 molem
375 2550 582 2644 pondusque
604 2573 671 2621 non
699 2550 823 2620 timuit.
850 2552 935 2620 Rem
957 2549 1111 2621 omnium
1134 2572 1208 2622 ma-

122 2675 250 2744 ximam
266 2672 477 2764 transegisti,
491 2672 627 2765 quodie
641 2693 769 2744 nomen
781 2673 1003 2764 Imperatoris
1017 2695 1057 2744 ac
1071 2675 1205 2745 titulum

124 2797 316 2891 suscepisti.
339 2799 430 2882 Quid
451 2799 598 2870 summis
625 2800 820 2871 interritum
848 2822 955 2892 parra
982 2796 1209 2891 perturbant?

81 2964 83 2966 -
123 2921 189 2992 Sed
210 2925 298 2994 forte
321 2922 552 3016 respondeas,
575 2944 644 2993 non
667 2933 799 2992 terrore
819 2933 852 2992 te
873 2923 953 2992 bine
970 2924 1123 3016 pulsum,
1143 2921 1206 2991 sed

124 3066 238 3117 amore
259 3047 340 3115 illuc
359 3054 522 3116 tractum:
544 3067 608 3115 cur
627 3068 696 3117 non
717 3045 809 3115 enim
831 3056 866 3115 et
885 3045 942 3116 tibi
966 3046 1093 3116 licitum
1113 3046 1205 3138 quod

124 3165 219 3252 mibi,
242 3168 388 3260 patriam
411 3171 553 3239 amare?
570 3167 645 3237 Non
664 3167 832 3253 obluctor,
853 3169 983 3250 Caesm,
1003 3170 1110 3239 immo
1125 3190 1208 3240 vero

124 3291 253 3362 suadeo
275 3300 313 3360 ut
333 3292 477 3383 patriam
501 3311 609 3361 ames.
632 3289 677 3361 At
696 3293 848 3384 prolecto
867 3292 942 3363 sive
956 3314 977 3362 a
990 3293 1066 3363 viro
1080 3291 1205 3374 virtus,

124 3426 158 3486 ut
177 3417 255 3485 vult
272 3414 407 3497 Cicero,
436 3415 512 3484 sive
533 3439 553 3487 a
574 3415 702 3484 virtute
728 3413 783 3483 vir
808 3414 946 3497 dicitur,
967 3413 1014 3483 nil
1036 3414 1101 3484 hac
1122 3434 1206 3482 vere

122 3538 196 3608 viro
217 3537 342 3619 carius,
364 3539 408 3607 nil
429 3518 613 3609 amabilius
629 3558 710 3609 esse
729 3546 856 3629 potest,
877 3559 944 3629 qua
963 3534 1113 3619 amissa,
1137 3554 1204 3603 nou

122 3661 225 3731 modo
245 3660 338 3752 quod
359 3659 485 3732 babeat
504 3661 670 3757 optimum
690 3661 886 3732 amissurus
905 3659 965 3740 sit,
989 3657 1052 3728 sed
1074 3655 1201 3727 desitu-

124 3805 181 3854 rus
203 3785 309 3854 etiam
329 3805 411 3854 esse
432 3783 524 3875 quod
546 3785 659 3855 luerit.
687 3784 783 3854 Licet
803 3782 909 3872 igitur
932 3792 964 3851 te
985 3778 1207 3872 nunopatria

124 3907 274 3992 vellicet,
295 3908 422 3980 invicta
444 3920 475 3978 te
495 3909 605 4009 virtus
624 3908 692 3978 buc
709 3905 889 4002 pertrabit,
909 3904 1074 3994 iubetque
1095 3900 1140 3972 de
1157 3903 1207 3970 ol-

127 4029 198 4102 lioio
220 4041 294 4116 tuo,
318 4031 385 4103 boc
405 4043 461 4103 est
480 4032 523 4102 de
545 4033 689 4126 imperio
710 4029 876 4121 cogitare.
904 4029 938 4097 Si
964 4027 1054 4098 enim
1077 4025 1122 4096 de
1143 4025 1207 4094 mi-

127 4155 266 4229 noribus
280 4159 436 4249 loquens,
454 4157 548 4224 nullo
560 4176 644 4226 casu
662 4153 866 4240 arbitratur,
883 4151 976 4248 apud
994 4150 1204 4231 Ciceronem,
