2804 4656
195 305 254 367 llll
537 316 579 364 nn
600 315 701 364 ornus
722 313 944 363 alniinmaus

605 533 784 598 EPISTOLA
811 534 866 598 llll.

195 691 388 743 unluarscus
409 690 577 739 aaronem
597 690 731 740 mamm
752 689 905 739 norscoeo
928 688 1119 740 oruurmusr
1139 692 1166 740 s.
1184 694 1213 742 r.
1232 695 1262 742 o.

199 892 201 898 Ι
287 818 469 874 Commendat
482 832 649 887 generosum
664 819 870 874 adolescentem
883 823 915 876 ut
929 819 1046 888 gratiam
1061 819 1177 876 Caesaris

637 908 677 962 illi
696 907 831 963 conciliet.

293 1095 394 1181 Quod
416 1117 463 1165 ox
484 1095 571 1164 meis
593 1095 710 1165 multis
732 1096 777 1167 ad
798 1104 831 1166 te
852 1095 975 1166 litteris
996 1097 1189 1187 intelligere
1217 1122 1279 1193 po-

194 1220 303 1303 tuisti,
332 1221 498 1308 vulgatus
524 1216 580 1286 hic
606 1216 693 1287 adeo
719 1240 804 1308 erga
830 1238 885 1287 me
913 1230 993 1289 tuus
1020 1227 1075 1291 est
1100 1241 1211 1308 amor,
1241 1232 1278 1293 ut
1334 1271 1336 1273 »

193 1332 314 1412 omnes
327 1341 538 1433 quicumque
551 1339 730 1410 favoribus
743 1340 811 1410 tuis
825 1349 936 1430 egent,
950 1363 1027 1413 meo
1040 1343 1158 1414 itidem
1174 1367 1279 1435 egere

194 1488 232 1537 se
252 1464 455 1535 existiment
474 1462 684 1534 interventu.
708 1463 744 1532 ln
768 1484 923 1554 praesens
949 1486 1158 1550 generosum
1186 1467 1279 1538 hunc

193 1575 312 1659 elsua
339 1586 421 1655 mihi
446 1587 576 1657 virtute
597 1569 998 1656 carissimum'ardentis
1024 1586 1154 1677 ingenii
1181 1587 1279 1660 iuve-

192 1731 271 1779 nem
294 1708 465 1799 agilisque
491 1706 682 1790 facundiae,
710 1706 770 1799 qui
797 1706 927 1776 missus
948 1709 1114 1798 a'patruo
1135 1708 1180 1778 ad
1204 1709 1279 1779 Cae-

193 1852 312 1903 sareos
331 1820 441 1924 'pedes
455 1832 563 1913 venit,
583 1830 645 1900 tihi
662 1841 696 1901 et
710 1852 772 1924 per
789 1840 823 1900 te
836 1829 981 1924 principi
999 1831 1278 1903 commendatum

192 1955 292 2047 cupio
312 1953 346 2023 in
368 1954 410 2024 iis
432 1975 513 2045 quae
534 1953 625 2023 iuste
646 1954 830 2047 optaverit.
850 1953 968 2023 Caesar
981 1953 1123 2045 quidem
1146 1946 1276 2037 amare,

192 2081 227 2148 ni
254 2080 366 2160 fallor,
392 2086 497 2147 totam
519 2077 716 2171 prosapiam
738 2077 830 2146 illam
853 2077 957 2158 solet3
981 2084 1017 2145 tu
1040 2075 1211 2146 bonorum
1236 2065 1275 2147 o

192 2203 322 2272 muium
337 2199 473 2271 adiutor
487 2211 655 2293 paterque
669 2209 894 2292 etsusceptor
904 2220 1042 2290 semper
1055 2199 1159 2282 fuisti,
1174 2210 1210 2270 et
1222 2200 1277 2271 hic

192 2324 238 2393 nil
261 2312 373 2412 magis
392 2344 497 2413 quam
520 2311 657 2392 tuorum
680 2344 771 2393 unus
791 2345 872 2392 esse
890 2345 930 2392 ac
947 2322 1015 2393 dici
1037 2322 1180 2414 expetit.
1201 2322 1275 2394 Non
1352 2308 1360 2323 ’

190 2455 337 2536 possunt
358 2443 515 2514 homines
535 2444 686 2515 creando
708 2444 838 2514 similes
865 2428 937 2515 Deo
958 2443 1049 2528 fieri,
1074 2419 1136 2515 sed
1157 2432 1276 2515 aman·

190 2569 250 2650 dc,
273 2566 484 2648 adiuvando,
509 2567 739 2649 sublevanda
769 2566 1036 2649 substentandO,
1064 2568 1275 2651 miserend0‚

189 2677 437 2782 promovendo.
464 2688 634 2759 Praeclare
658 2689 776 2758 Cicero
797 2688 957 2772 homines,
982 2673 1109 2778 inquit,
1135 2685 1179 2755 ud
1203 2684 1277 2756 deos

190 2813 284 2881 nullu
303 2831 339 2878 re
355 2811 492 2902 propius
512 2809 670 2880 accedant
684 2832 784 2899 quom
813 2812 953 2879 sulutem
987 2809 1174 2878 hominibus
1191 2809 1277 2878 don-

189 2933 240 3003 ato.
279 2933 364 3017 Quis
402 2955 490 3004 vero
527 2935 726 3005 mortalium
758 2934 897 3029 propior
937 2934 1008 3003 Deo
1044 2952 1128 3005 esse
1168 2952 1275 3026 quam

190 3079 349 3129 summus
371 3057 549 3128 hominum
576 3058 693 3127 Caesar
719 3057 847 3128 debet?
867 3056 997 3150 Nempe
1023 3056 1083 3147 qui
1110 3054 1275 3125 humanae

189 3193 323 3251 naturae
341 3180 506 3251 verticem
528 3190 632 3264 tenet,
654 3200 873 3271 consequens
894 3187 949 3249 est
970 3189 1007 3249 ut
1028 3179 1212 3271 proximus
1228 3179 1274 3248 sit

189 3305 330 3376 divinae.
353 3304 399 3374 Te
422 3295 505 3374 sane
525 3303 715 3395 proximior
740 3304 859 3373 nullus
884 3313 938 3374 est
965 3303 1114 3373 Caesari:
1136 3302 1193 3372 hic
1213 3324 1276 3372 au·

190 3438 271 3511 tem,
294 3450 358 3520 pro
379 3449 447 3519 quo
468 3442 564 3516 roge,
587 3425 643 3496 vir
663 3424 857 3496 industrius
884 3437 951 3509 est,
980 3429 1110 3519 quique
1135 3447 1200 3518 ope
1226 3428 1275 3496 sa·

188 3551 243 3621 cili
270 3551 380 3642 possit
405 3547 605 3629 ascendere,
633 3557 668 3618 et
692 3550 759 3630 cui,
789 3550 819 3617 si
844 3551 981 3620 fortuna
1015 3549 1120 3632 adsit,
1150 3559 1274 3620 natura
1355 3635 1361 3648 ,

188 3695 256 3744 non
278 3672 396 3753 defuit,
419 3672 555 3741 iuvenis
582 3681 696 3750 tamen
723 3671 853 3756 adhuc,
876 3671 910 3741 in
937 3695 1007 3765 quo
1033 3672 1273 3743 nondum‘est

189 3795 283 3888 quod
304 3797 457 3865 futurum
479 3805 543 3864 est.
566 3791 634 3862 Sed
655 3791 740 3884 quid
762 3796 898 3886 loquor,
918 3804 977 3866 aut
994 3797 1048 3866 cui
1070 3776 1273 3887 loq'uorlll-

189 3919 253 3990 lico
275 3930 311 3989 ut
331 3918 507 3988 hominem
528 3915 668 4000 videris,
691 3917 888 4008 agnoveris,
911 3930 945 3991 et
965 3942 1010 3991 an
1023 3941 1080 3990 me
1097 3940 1196 3990 amor
1212 3916 1273 3988 fal-

189 4043 236 4112 lat
257 4042 438 4133 intelliges.
463 4041 557 4111 Vale.

694 4191 769 4200 w
