2934 4650
164 282 221 344 368
620 299 780 349 rauranum

163 446 305 519 medicis
325 471 577 543 quemcumque
594 452 644 522 rei
664 452 798 523 exitum
824 450 987 544 opperiri,
1009 469 1135 541 meque
1161 449 1242 521 Deo

163 591 204 640 ac
222 581 354 642 naturae
375 571 488 666 potius
512 574 737 655 committere,
769 594 873 666 quam
906 570 961 643 his
995 571 1240 661 unguentariis

163 696 198 767 iu
217 716 295 767 meo
315 699 404 768 malo
422 717 495 767 suae
513 698 598 769 artis
615 696 854 792 experimenta
871 692 1099 786 captantibus.
1118 692 1239 786 Atque
1350 708 1352 711 ·

162 817 209 889 ita
231 822 356 891 lactum
377 831 442 892 est,
466 821 534 891 lllis
558 822 730 904 exclusis,
760 817 912 891 coelestis
939 839 1004 912 ope
1026 817 1164 899 medici,
1195 840 1239 888 ac

163 943 265 1014 unius
291 944 520 1016 adolescentis
554 944 611 1038 qui
644 943 728 1013 mibi
761 943 870 1014 servit
895 952 930 1012 et
954 939 990 1009 in
1016 960 1093 1010 meo
1119 941 1239 1011 ulcero

163 1086 318 1159 meaque,
342 1079 379 1139 ut
403 1066 536 1153 dicitur,
563 1067 722 1160 impensa
755 1065 910 1137 medicus
941 1064 1069 1148 evasit,
1100 1065 1238 1133 fomen-

164 1200 277 1260 torum
297 1210 439 1274 memor,
457 1212 538 1283 quae
562 1190 644 1260 mibi
669 1213 716 1261 ex
742 1187 902 1260 omnibus
924 1186 1116 1261 salubriora
1136 1196 1240 1258 nota-

60 1397 62 1403 ·
165 1332 292 1395 veram,
314 1335 400 1384 usus
420 1336 538 1405 opera,
560 1323 595 1385 et
615 1315 732 1387 adiuta
752 1333 814 1406 per
834 1308 1073 1381 abstinentiam
1094 1319 1237 1393 natura,

164 1432 209 1503 ad
229 1434 374 1503 salutem
394 1435 516 1527 ipsam,
540 1435 630 1506 unde
646 1435 783 1526 magnis
803 1431 967 1526 passibus
990 1431 1237 1513 discesseram,

164 1553 372 1646 pedetentim
407 1558 522 1628 redeo.
555 1556 672 1629 Habes
698 1558 747 1628 rei
782 1578 968 1642 summam,
1003 1554 1069 1626 boc
1100 1554 1237 1640 addito,

165 1676 354 1768 quodcum
375 1681 447 1749 vita
462 1678 541 1751 'haec
561 1680 718 1751 laborum
747 1678 974 1772 dolorumque
1001 1680 1046 1750 sit
1069 1681 1238 1772 palestra,

164 1797 291 1891 inqua
314 1822 380 1892 ego
401 1823 496 1894 saepe
516 1801 656 1874 casibus
678 1801 775 1871 miris
795 1801 974 1872 exercitus
997 1821 1073 1871 sum
1093 1800 1176 1890 (non
1203 1800 1240 1868 in

165 1942 204 1993 se
224 1922 362 2016 inquam
385 1925 496 2009 miris,
519 1924 635 1997 sedin
661 1947 719 1996 me
742 1946 812 2018 quo
838 1946 941 1995 nemo
974 1923 1100 2017 quietis
1133 1944 1241 2015 appe

165 2046 302 2129 tentiam·
323 2069 425 2118 nemo
452 2049 608 2140 fugacior
632 2058 688 2119 est
712 2047 869 2119 laborum
890 2045 1034 2138 talium),
1059 2065 1237 2136 nunquam

165 2179 258 2240 certe
277 2169 446 2241 hactenus
466 2192 529 2241 seu
550 2171 599 2241 rei
619 2192 771 2252 causam,
791 2191 854 2241 seu
872 2168 978 2239 animi
995 2167 1242 2248 doloremseu

165 2294 328 2385 temporis
362 2292 512 2386 spatium
545 2291 766 2378 considereS,
802 2291 911 2362 simile
945 2288 1076 2383 aliquid
1108 2311 1237 2382 passus

163 2437 268 2486 eram.
303 2415 522 2486 indelebilem
554 2417 732 2487 memoriae
769 2436 857 2486 meae
895 2423 1012 2485 notam
1042 2422 1077 2484 et
1110 2413 1239 2504 stigma

163 2546 366 2631 perpetuum
396 2538 513 2608 Cicero
543 2538 626 2608 mihi
657 2561 757 2609 meus
783 2539 903 2609 affixit.
924 2536 1144 2608 Memineram
1171 2537 1236 2620 sui,

165 2661 294 2735 sedne
321 2683 471 2753 unquam
494 2660 651 2732 oblivisci
681 2661 822 2756 possim,
851 2662 944 2731 intus
969 2672 1004 2730 et
1028 2669 1129 2731 extra
1153 2680 1239 2730 con-

164 2785 290 2855 sultum
309 2792 372 2854 est.
392 2784 435 2853 llt
452 2782 506 2857 bic
523 2784 646 2854 iterum
665 2781 747 2875 quid
765 2783 820 2852 vis
837 2779 973 2852 dicam?
990 2781 1088 2850 Nunc
1107 2781 1234 2854 sentio:

164 2927 313 2998 magnus
333 2906 431 2979 dolor
450 2917 503 2978 est
521 2908 653 2977 vivere.
668 2905 798 2976 Caetera
814 2904 992 2987 transiens
1016 2901 1059 2973 ad
1081 2901 1116 2972 id
1133 2901 1236 2974 venio

165 3027 259 3120 quod
277 3028 320 3100 ad
338 3051 497 3120 magnam
518 3029 599 3119 mihi
616 3027 760 3119 gloriam
778 3037 812 3097 et
829 3025 993 3118 gaudium
1007 3025 1120 3096 cessit.
1136 3023 1237 3096 Tales

162 3150 255 3220 enim
276 3152 351 3221 illos
371 3163 405 3222 et
428 3162 475 3223 tot
494 3153 590 3223 viros
615 3162 708 3224 certe
732 3149 837 3222 ltaliae
864 3150 1055 3243 principum
1088 3168 1158 3217 uon
1184 3148 1237 3217 ul·

164 3272 279 3358 timue,
306 3273 341 3344 in
373 3286 531 3346 extremo
565 3285 750 3356 terrarum,
784 3284 901 3356 nocte,
940 3272 1069 3352 hieme,
1108 3268 1235 3353 imbre,

163 3395 265 3481 bello,
294 3398 429 3489 magnis
455 3420 571 3469 rerum
604 3395 774 3488 angustiis
807 3403 1015 3476 coarctatos
1047 3391 1091 3464 ad
1121 3413 1237 3462 meum

166 3542 291 3591 nomen
330 3534 365 3613 et
400 3522 516 3614 oppidi
556 3518 728 3592 moenibus
770 3528 935 3612 exceptos
979 3527 1014 3588 et
1050 3513 1239 3589 honorifice

166 3643 313 3727 habitae,
336 3642 497 3736 obstupui
518 3641 666 3735 primum
688 3644 884 3736 suspicatos
902 3663 1056 3714 errorem
1076 3638 1237 3711 nominis.

166 3765 248 3836 lnde
275 3765 334 3835 vix
361 3764 395 3835 in
424 3764 624 3837 memoriam
652 3764 736 3837 redii
764 3766 929 3858 temporis
962 3765 1069 3845 illius,
1097 3784 1167 3855 quo
1191 3759 1239 3828 ibi

167 3886 367 3959 adolescens
404 3888 454 3959 lui
491 3897 632 3960 secutos
668 3911 748 3959 eum
785 3889 845 3982 qui
883 3886 1118 3959 serenissimae
1153 3888 1240 3952 nutu

166 4010 288 4080 frontis
309 4011 405 4082 facile
426 4021 520 4082 trans
541 4009 671 4080 indiam
690 4034 744 4081 me
762 4009 935 4082 duxisset.
963 4007 1018 4077 Ab
1043 4029 1084 4077 ea
1110 4014 1241 4096 tempe-

167 4141 254 4203 state
285 4134 470 4219 tricesima,
497 4134 541 4206 ab
561 4133 651 4206 illius
679 4144 792 4206 autem
824 4134 889 4204 viri
924 4131 1019 4204 obitu
1050 4139 1087 4200 ut
1112 4125 1240 4199 acerbo
