2804 4656
329 304 421 353 ninnn
443 303 971 353 uicnsrunsrnnrrus-nmsrms
993 303 1024 351 11.
1160 290 1219 351 185

135 456 232 519 tuum
249 467 382 531 ¹nomen
407 443 603 516 amantibus
630 444 826 517 attollendis
853 446 951 518 facile
978 447 1092 516 soleas
1110 444 1219 517 liben-

137 581 257 662 terque
284 567 505 652 submittere,
534 566 656 637 sedin
684 589 739 639 me
771 570 828 638 vel
854 567 960 638 animi
986 567 1131 641 tarditas
1163 569 1218 640 vel

134 714 232 770 amor
254 691 374 784 patriae
394 690 509 761 verior
535 710 641 761 causa
667 701 731 761 est.
760 688 902 766 Ridebis
928 673 1016 761 forte
1042 689 1216 762 mollitiem

135 826 170 888 et
200 836 393 906 cognosces
425 826 593 905 quantum
630 814 675 884 ad
707 836 826 885 veram
855 814 1108 906 philosophiam
1135 813 1218 883 mihi

136 939 350 1012 nuncetiam
377 937 476 1008 desit.
491 937 589 1007 Potui
603 936 787 1019 interdurn,
817 936 880 1007 sed
905 937 984 1021 iam,
1012 941 1130 1018 fateor,
1150 959 1220 1008 non

137 1083 279 1157 possum
300 1060 540 1152 aequanimiter
560 1081 641 1130 esse
661 1059 721 1132 diu
743 1061 862 1151 procul
884 1058 929 1130 ab
950 1059 1057 1142 ltalia,
1083 1059 1158 1133 sive
1178 1082 1221 1131 ea

137 1185 259 1257 natalis
281 1184 345 1254 soli
367 1185 440 1254 sola
460 1180 609 1255 dulcedo
625 1192 691 1265 est,
712 1180 788 1254 sive
803 1204 918 1253 rerum
939 1182 1218 1268 aestimatione-

139 1309 208 1380 scio
229 1328 334 1399 quam
357 1326 455 1390 vera,
479 1306 543 1377 sed
564 1318 728 1376 constans
754 1315 790 1376 et
816 1304 1002 1382 immobilis
1028 1318 1095 1378 eta
1109 1307 1220 1400 prima
1270 1404 1271 1407 Ἴ

139 1439 240 1501 aetale
267 1429 399 1522 pectori
428 1450 505 1500 meo
532 1429 647 1513 insita,
675 1430 760 1501 nihil
787 1428 928 1501 omnino
955 1440 1127 1501 terrarum
1154 1430 1221 1501 snb

138 1554 222 1624 celo
243 1572 323 1626 esse
344 1551 439 1644 quod
459 1552 563 1624 ltaliae
579 1552 772 1645 comparari
786 1563 905 1643 queat,
922 1574 985 1623 sen
1004 1561 1138 1623 naturae
1157 1575 1220 1624 seu

139 1674 316 1747 hominum
338 1674 540 1746 consideres
561 1685 776 1746 ornamenta.
795 1674 976 1758 Quodnisi
996 1674 1047 1746 sic
1064 1675 1148 1745 mihi
1162 1697 1239 1770 pe-.2

140 1800 232 1869 nitus
255 1797 523 1889 persuasissem,
539 1793 671 1868 facilior
686 1799 804 1892 procul
822 1797 929 1868 dubio
943 1797 1097 1882 fuissem,
1112 1807 1149 1891 et
1161 1798 1222 1868 tibi

140 1921 218 1992 olim
239 1942 343 2012 quem
366 1919 459 1989 sensi
481 1920 644 2011 quamvis
665 1919 823 1990 immeriti
843 1922 1065 2014 praesentiam
1087 1934 1219 2012 optare,

140 2056 172 2114 et
191 2043 322 2115 nudius
344 2041 466 2112 tertius
487 2053 634 2132 cognato
656 2053 715 2112 tuo
736 2043 949 2114 Francorum
967 2041 1042 2132 regi
1062 2063 1146 2112 vere
1168 2062 1225 2112 se-

142 2167 323 2238 renissimo
345 2165 598 2258 mitissimoque
619 2188 740 2256 regum
762 2167 932 2246 omnium,
956 2166 1101 2256 quinon
1120 2164 1223 2237 modo

140 2310 240 2382 prece
258 2287 405 2371 fervida,
424 2287 485 2359 sed
499 2309 603 2358 manu
616 2288 725 2360 amica
740 2310 829 2381 pene
844 2287 928 2358 mihi
941 2288 1079 2372 iniecta,
1104 2296 1223 2359 tenere

143 2434 194 2482 me
212 2410 325 2482 voluit
341 2410 544 2495 abeuntem,
564 2411 715 2503 denique
732 2411 855 2482 litteris
876 2423 1080 2503 persecutns
1095 2409 1221 2482 arden-

143 2535 244 2620 tibus,
263 2533 388 2604 adhoc
407 2555 468 2628 per
488 2535 636 2623 vicarios
655 2557 695 2606 ac
712 2534 834 2606 fideles
853 2556 937 2606 suos
960 2545 997 2606 ut
1015 2557 1121 2606 suasu
1150 2536 1223 2629 pla-

141 2656 214 2728 cido
227 2657 394 2728 inllexum
411 2679 466 2729 me
479 2656 544 2728 sibi
561 2658 784 2744 remitterent,
797 2667 972 2752 postremo
985 2658 1223 2730 nihilomnino

141 2779 270 2861 omisit;
289 2778 417 2872 quibus
436 2779 519 2849 nihil
531 2779 799 2864 mihimentitus‚
815 2783 923 2851 multa
937 2780 1076 2851 mentiri
1089 2782 1221 2861 solitus,

142 2903 338 2993 astrologus
359 2903 548 2974 videretur.
567 2903 639 2974 Nec
655 2925 750 2974 eram
773 2904 913 2974 nescius
932 2902 1007 2975 sine
1028 2903 1223 2974 insolentiae

141 3027 290 3120 quadam
314 3034 394 3103 nuta
415 3025 544 3118 negligi
564 3049 633 3097 non
656 3048 759 3119 posse
777 3027 988 3099 desiderium
1014 3027 1097 3123 tanti
1119 3027 1220 3120 regis,

141 3149 173 3218 ni
194 3171 251 3220 me
272 3149 419 3220 validior
442 3169 552 3220 uncus
569 3148 805 3241 obstringeret
830 3150 897 3237 ille,
924 3172 1031 3244 quem
1056 3150 1140 3234 dixi,
1162 3172 1223 3244 pa-

142 3271 216 3343 triae
237 3295 347 3358 amor,
369 3294 460 3343 neve
480 3273 564 3366 quid
586 3272 803 3344 dissimulem
826 3295 902 3345 eam
925 3272 1030 3344 animi
1052 3274 1223 3345 sarcinam

142 3394 206 3466 aevi
233 3395 350 3488 flexus
377 3395 445 3467 iam
472 3395 750 3486 ingravescentis
772 3404 994 3488 exageraret,
1018 3405 1054 3466 ut
1081 3415 1148 3465 non
1173 3372 1252 3464 la?

141 3516 203 3588 cile
225 3526 318 3589 tolus
341 3520 415 3589 loco
435 3539 589 3589 movear.
612 3519 755 3591 Accedit
774 3519 889 3612 opinio
911 3519 978 3601 illa,
997 3515 1097 3588 cuius
1119 3519 1222 3611 paulo

142 3661 246 3733 supra
269 3639 417 3723 memini,
432 3640 476 3712 de
492 3641 597 3713 ltaliae
617 3642 828 3736 principatu,
852 3661 932 3732 qnae
955 3661 1021 3710 una
1044 3637 1126 3707 mihi
1149 3639 1223 3709 aui-

143 3785 235 3835 mum
255 3762 338 3834 lecit
358 3772 395 3834 ut
416 3772 449 3833 te
471 3784 565 3856 saepe
583 3764 752 3836 hactenns
776 3763 893 3835 verbis
912 3761 1133 3853 aggrederer,
1153 3783 1221 3832 non

141 3898 270 3959 tantum
293 3888 425 3959 hortari
450 3910 572 3970 ausus,
597 3890 660 3960 sed
685 3909 846 3981 arguere,
869 3887 964 3980 quod
990 3887 1039 3957 sic
1065 3887 1220 3958 nltimam

142 4013 252 4084 lacere
265 4011 438 4083 videreris
451 4035 555 4103 quam
569 4023 693 4083 natura
711 4032 850 4108 parens,
867 4031 922 4080 me
936 4008 1057 4093 iudice,
1073 4009 1220 4104 primam

143 4136 226 4209 lecit.
261 4137 307 4208 Et
339 4136 370 4208 si
402 4136 521 4230 pergis
548 4135 678 4229 scripto
704 4134 822 4226 etiarn,
850 4156 894 4205 ne
920 4154 988 4204 non
1016 4133 1220 4226 praedictum
