2992 4664
148 277 207 335 {llll
606 289 768 337 rauranum

150 431 302 503 tuendus
321 433 415 504 ulad
429 431 594 525 quaelibet
614 455 749 527 aspera,
765 434 960 504 lieetetiam
971 433 1235 526 impedimenta,

151 576 230 625 sese
250 565 433 648 praeparet.
457 556 527 625 lam
556 577 659 639 vem,
686 566 724 657 ut
745 566 838 627 tanta
865 558 1059 627 futurorum
1081 557 1237 649 caligine

82 691 87 702 “
151 677 379 770 circumsepta
412 679 666 750 immeditatum
700 679 785 749 nihil
820 680 933 770 possit
959 679 1132 761 accidere,
1165 680 1237 752 hoo

152 817 257 865 unum
277 797 367 866 inter
389 797 471 868 vitae
497 796 661 868 tenebras
688 798 880 870 remedium
907 799 1020 869 noris:
1043 807 1237 889 expectare

151 918 282 1002 omnia,
303 918 392 989 seire
413 919 497 988 nihil
511 941 580 991 non
602 920 746 990 evenire
767 918 898 990 homini
917 940 1031 1014 posse,
1059 921 1144 990 nihil
1170 918 1239 992 ho-

152 1061 228 1110 rum
250 1040 403 1111 omnium
421 1041 626 1126 consistere,
651 1041 806 1133 nihilque
828 1042 907 1114 ideo
927 1063 1140 1137 magnopere
1159 1064 1238 1113 me-

152 1161 334 1244 tuendum,
358 1159 441 1230 nihil
462 1162 728 1255 optandum;de
749 1162 803 1232 his
822 1165 945 1254 loquor
962 1184 1042 1256 quae
1064 1165 1236 1235 miserum

152 1305 264 1373 genus
279 1283 471 1354 humanum
488 1284 671 1355 mulcendo
688 1285 843 1376 fugiunt,
863 1284 1027 1376 fugiendo
1048 1284 1236 1357 solicitant.

151 1404 327 1498 Quidquid
361 1404 594 1497 undequaque
632 1405 816 1497 contigerit
855 1405 997 1478 immola
1030 1410 1141 1478 fronte
1175 1428 1238 1479 su·

153 1515 302 1617 scipere,
323 1536 360 1596 et
376 1549 493 1597 rerum
515 1548 657 1598 suarum
679 1527 854 1621 propriam
876 1528 1069 1620 portionem
1078 1529 1248 1614 credere,

152 1648 343 1720 etdicere:
366 1650 432 1721 hoc
453 1671 508 1720 me
531 1649 676 1734 latebat3
704 1650 788 1742 quid
814 1650 859 1721 ad
883 1654 983 1721 rem?
1013 1674 1081 1723 non
1108 1651 1241 1724 latebat

152 1773 262 1853 illum,
283 1773 337 1842 cui
354 1774 543 1866 praesentia
561 1782 596 1844 et
613 1777 707 1846 clara
727 1783 810 1844 sunt
829 1775 965 1845 omnia:
987 1775 1053 1846 hoc
1072 1775 1239 1867 equidem

75 1994 79 1998 .
154 1917 208 1966 me
230 1895 400 1978 manebat,
424 1897 500 1967 haeo
521 1896 605 1966 mihi
626 1918 718 1981 sors,
734 1892 970 1968 hic'uotomm
997 1899 1112 1970 exitus
1132 1897 1242 1971 dehe-

153 2016 276 2091 batur:
300 2022 428 2114 placet,
444 2022 648 2113 amplector,
671 2021 814 2112 insuper
835 2031 870 2090 et
894 2022 1024 2110 gratias
1045 2043 1121 2112 ago.
1143 2023 1239 2095 Deus

156 2142 311 2214 solicitus
338 2154 394 2214 est
418 2143 508 2224 mei;
536 2141 649 2213 carior
667 2143 713 2211 illi
741 2163 818 2212 sum
844 2163 949 2234 qnam
976 2141 1077 2223 mihi;
1103 2164 1238 2214 caecum

155 2265 212 2336 ille
233 2287 289 2336 me
312 2263 400 2355 regit
420 2286 461 2335 ae
481 2263 613 2356 dirigit,
641 2287 709 2335 non
737 2263 769 2332 in
788 2263 992 2336 iucundiore
1011 2267 1128 2336 forsan
1149 2269 1240 2337 calle

157 2389 221 2460 sed
243 2386 389 2459 tutioref:
411 2384 507 2456 aliud
527 2383 704 2477 optabam,
725 2384 788 2456 sed
813 2387 1024 2457 inconsulte:
1051 2409 1120 2458 non
1144 2386 1242 2459 desi-

156 2511 254 2583 derio
279 2529 372 2579 nuno
392 2506 585 2578 consulitur
606 2507 668 2578 sed
686 2507 800 2578 saluti.
828 2508 915 2578 lllud
936 2509 1142 2594 delectabat,
1170 2512 1239 2582 hoc

155 2630 328 2726 proderit:
351 2630 494 2700 meliora
515 2630 661 2720 largitus
682 2643 737 2702 est
761 2632 821 2722 qui
843 2631 878 2698 in
899 2633 1067 2703 electione
1087 2654 1156 2703 non
1178 2636 1244 2705 lal-

116 2764 120 2767 ·
157 2755 259 2824 litur:
282 2751 444 2846 recipiam
468 2772 536 2823 non
564 2761 696 2825 tantum
724 2773 828 2844 aequo
859 2754 922 2824 sed
956 2758 1035 2827 laeto
1068 2766 1254 2850 gratoque

157 2876 283 2961 anim0,
313 2886 349 2947 et
375 2875 409 2944 in
443 2876 615 2968 reliquum
650 2876 848 2966 permittam
881 2877 996 2968 ipsum
1023 2878 1239 2972 expendere,

159 2999 256 3070 iuxta
275 2999 422 3094 Satyrici
442 2999 635 3082 consilium,
656 2999 750 3091 quod

326 3190 515 3253 Conveniens
532 3193 619 3255 nohis
638 3194 794 3274 rebusque
811 3194 850 3258 sit
867 3193 940 3257 utile
957 3195 1078 3258 nostris.

119 3416 121 3419 -
158 3370 313 3460 Longius
334 3365 491 3439 ferebar:
513 3367 576 3437 sed
591 3378 629 3437 ut
649 3367 809 3439 desinam
836 3367 892 3438 hic
917 3365 1059 3438 brevior
1085 3385 1243 3461 papyrus

158 3490 359 3564 admonuit:
386 3502 422 3562 et
443 3501 611 3582 praeterea
633 3489 733 3581 sequi
760 3493 925 3583 impetum
955 3485 1119 3580 temporis
1140 3497 1244 3559 vetor

159 3614 434 3707 angustiis.'Hoc
454 3614 529 3707 ipse
547 3612 603 3683 die
634 3614 698 3684 iter
715 3612 858 3705 arripio,
885 3621 921 3683 et
944 3611 1010 3682 hac
1035 3611 1113 3702 ipsa
1138 3611 1244 3692 hora,

159 3738 218 3828 qni
241 3738 407 3829 proeellas
432 3755 577 3829 perosus
607 3735 848 3807 Parmensium
876 3733 1100 3817 simultatum,
1121 3731 1243 3803 sedem

56 3890 57 3893 ¹
158 3859 230 3930 otio
250 3859 368 3931 ltalioo
389 3859 567 3929 Mantuam
589 3857 842 3950 Pataviumque
867 3857 1087 3947 delegeram,
1112 3853 1246 3925 Medio-

118 4050 121 4052 .
162 3980 232 4050 lani
257 3981 341 4050 mihi
363 3982 467 4053 sedes
487 3984 557 4053 est!
584 3990 620 4051 ut
636 3988 804 4074 appareat
824 4001 908 4072 vara
929 4000 1010 4049 esse
1033 3997 1114 4069 quae
1135 3979 1247 4068 loqui-

161 4123 250 4182 mur,
271 4125 444 4194 quamque
466 4103 548 4172 nihil
567 4124 613 4173 ex
634 4103 779 4172 consilio
801 4100 976 4173 succedat.
1001 4099 1095 4169 Vale.
1125 4100 1160 4166 F.
