2934 4650
576 301 730 352 orrsrouu
754 303 835 351 ιιιιι.
1168 289 1225 350 lli

146 437 291 541 surdus,
329 437 392 509 sed
423 457 492 508 uon
525 450 643 512 mutus
677 439 720 512 ad
750 439 890 534 propria
918 443 1021 533 coepti
1053 430 1225 511 sermonis

147 568 298 631 torrente
312 559 516 654 profluebat.
534 562 646 633 Multa*
661 562 704 634 de
727 571 760 633 te
781 561 815 631 in
834 562 954 654 primis
972 589 979 632 :
997 584 1103 656 quam
1122 562 1223 647 mihi,

145 702 250 774 quam
284 680 332 750 illi
362 680 481 752 itidem
515 683 659 753 amicus.
692 682 810 754 Mirari
843 683 932 775 coepi
964 683 1128 775 quisnam
1158 684 1223 755 iste

145 801 333 897 Dionysius
358 802 419 896 qui
445 803 545 875 nobis
576 825 717 899 quoque
751 804 874 876 tertius
907 805 1127 890 accessisset,
1156 807 1223 876 Da-

143 923 256 996 monis
278 933 337 995 aut
356 923 455 994 Pitiae
476 923 632 997 moribus
653 926 766 998 simile
782 926 866 997 nibil
885 926 1035 1012 habens,
1053 948 1119 998 nec
1137 924 1223 998 satis

143 1043 337 1136 intelligere
370 1043 462 1118 unde
494 1047 550 1117 ille
585 1056 619 1118 te
652 1058 822 1120 nosceret.
857 1050 906 1120 De
939 1069 995 1120 me
1027 1047 1119 1119 enim
1152 1068 1222 1120 non

143 1168 260 1239 miror.
283 1167 338 1239 Ab
358 1178 518 1241 extrema
538 1169 679 1241 infantia
696 1171 816 1243 nescio
833 1193 904 1264 quo
928 1171 1044 1243 sidere
1067 1172 1145 1242 haec
1166 1194 1221 1245 me

138 1290 262 1382 ,lingua
293 1292 527 1387 persequitur,
563 1313 627 1365 nec
660 1303 816 1366 mutasse
841 1293 978 1365 climata
998 1304 1033 1365 et
1053 1295 1221 1387 effugisse

143 1412 289 1505 patriam
326 1437 381 1485 me
414 1415 522 1487 iuvat.
554 1417 590 1484 ln
626 1425 659 1488 te
686 1426 805 1487 nostra
826 1415 939 1487 omnis
959 1414 1154 1500 admiratio,
1184 1427 1221 1488 ut

143 1533 242 1605 uobis
264 1557 334 1606 non
355 1538 491 1608 animus
512 1537 631 1623 modo,
655 1539 717 1609 sed
738 1541 845 1610 fatum
868 1537 974 1621 idem,
997 1546 1036 1608 ut
1055 1538 1219 1613 euntibus

144 1653 200 1726 via
223 1677 339 1741 sacra,
361 1660 514 1729 Bolanus
534 1658 627 1729 idem
651 1679 789 1750 semper
809 1655 958 1740 obvius3
980 1655 1108 1751 quibus
1125 1659 1218 1730 enim

144 1775 189 1846 ad
211 1788 245 1847 te
265 1777 323 1847 ille
350 1780 543 1851 tramitibus
577 1789 797 1874 penetrasset
828 1779 982 1851 incertus
1016 1800 1127 1864 eram,
1155 1802 1220 1852 nec

141 1899 443 1989 memineramme
463 1903 510 1973 illi
531 1903 662 1975 aditum
690 1900 893 1994 praebuisse.
917 1900 1003 1971 Cum
1024 1901 1219 1975 animante

141 2021 272 2113 aliquot
303 2014 442 2096 menses
463 2025 519 2096 ille
541 2025 625 2094 mibi
647 2021 714 2095 sub
735 2020 983 2094 ardentissimo
1004 2025 1076 2094 sole
1097 2027 1219 2118 pulve-

141 2145 278 2215 rulento
302 2153 337 2216 et
357 2156 452 2216 arcto
469 2147 621 2238 quodam
643 2147 719 2217 loeo
739 2143 967 2229 occurrisset,
989 2165 1115 2237 meque
1136 2167 1217 2218 con-

140 2266 252 2338 lestim
286 2289 333 2337 ex
366 2289 463 2338 more
495 2267 615 2338 verbis
653 2287 846 2361 aggressus
883 2276 998 2352 esset,
1033 2290 1096 2340 uec
1135 2290 1217 2362 spes
1270 2253 1273 2257 ⁴

140 2387 228 2481 opis¹
250 2400 452 2481 superesset
483 2401 543 2461 aut
574 2391 681 2481 fugae,
710 2389 773 2460 sed
794 2387 876 2458 hinc
896 2389 962 2473 sol,
986 2388 1065 2461 hinc
1085 2391 1215 2485 pulvis,

140 2509 221 2582 binc
242 2511 382 2598 cicadae,
405 2513 486 2585 binc
502 2516 654 2585 Bolanus
674 2513 741 2584 iste
760 2520 926 2594 certaret,
946 2510 1031 2604 quid
1049 2514 1218 2584 iacerem?

140 2631 284 2704 lubebat
307 2635 363 2707 ille
389 2635 520 2728 aliquid
552 2635 619 2707 sibi
647 2635 815 2707 committi
840 2634 875 2704 in
895 2634 1043 2726 patriam
1065 2633 1110 2705 ad
1131 2635 1218 2706 ami-

139 2775 221 2838 cos;
255 2757 426 2848 negabam
449 2780 525 2849 ego
556 2758 744 2831 commisso
770 2748 859 2851 opus
883 2777 987 2839 esse3
1018 2757 1075 2828 ille
1103 2769 1217 2828 trans-

140 2897 244 2949 verso
266 2877 504 2971 quadrupede,
527 2879 704 2972 occupatis
726 2875 899 2969 angustiis
925 2874 1097 2948 obstabat.
1120 2879 1217 2973 Coepi

141 3000 323 3071 consilium
343 3022 391 3071 ex
411 3009 580 3093 tempore,
609 3000 727 3093 utique
749 3009 782 3069 te
803 2997 890 3068 meis
911 2998 1029 3070 verbis
1052 3002 1218 3074 salutaret

141 3122 311 3215 imposui:
334 3124 380 3196 ita
402 3134 584 3195 contentus
611 3122 668 3194 ille
693 3120 886 3192 ministerio
906 3121 1028 3206 cessit,
1050 3134 1085 3195 et
1104 3146 1170 3222 ego
1189 3149 1216 3199 e

139 3244 301 3318 manibus
333 3248 435 3320 amici
468 3245 579 3318 bostis
611 3246 725 3331 evasi,
757 3254 854 3329 ratus
882 3243 918 3314 id
945 3245 1093 3318 verbum
1121 3246 1216 3339 quod

140 3366 224 3438 mibi
244 3372 400 3464 elapsum
422 3381 529 3448 esset,
553 3389 775 3463 nequaquam
796 3376 893 3440 tanto
915 3366 1031 3440 sudio
1052 3371 1216 3461 colligen-

138 3491 220 3563 dum
248 3494 543 3586 servandumque.
575 3491 645 3567 Sed
676 3490 862 3563 verborum
890 3489 1039 3584 impiger
1062 3475 1215 3582 agricola

138 3611 303 3706 loquendi
336 3634 455 3684 semen
487 3613 642 3684 oblatum
676 3635 744 3684 non
784 3624 852 3683 tam
894 3611 1071 3682 sterilibus
1109 3613 1215 3684 sulcis
1299 3641 1301 3645 ·

137 3735 297 3820 mandat,
323 3736 407 3827 quin
435 3746 551 3808 tamen
583 3735 812 3808 centesimum
846 3736 994 3804 fructum
1027 3735 1137 3806 ierat:
1166 3735 1216 3807 sic

137 3859 304 3931 sementis
322 3857 462 3949 exiguae
476 3858 750 3951 copiosissimam
766 3877 918 3928 messem
933 3856 1086 3929 referens
1103 3877 1214 3950 capax

138 3978 300 4053 borreum
323 3983 450 4077 patulae
472 3981 566 4053 auris
587 3979 802 4076 impleverat,

215 4120 303 4185 llulta
321 4137 414 4202 super
431 4121 551 4186 Priamo
568 4121 727 4186 cumulans
745 4136 837 4203 super
854 4120 983 4184 llectore
994 4119 1095 4185 multa
1105 4144 1114 4197 ;
1175 4105 1176 4109 ¹

260 4239 295 4276 ιιι.
1029 4223 1059 4274 ²7
