2940 4650
188 312 263 391 tlt
663 323 825 374 vrnrnanu

206 480 239 540 te
256 467 341 540 fallit
357 466 484 558 opinio.
507 464 690 548 Quomodo
706 466 814 552 enim,
833 477 872 536 ut
884 465 929 537 de
944 473 977 538 tc
991 458 1303 552 silcam'amicum
1395 544 1397 550 A

206 592 302 664 illum
323 609 505 680 magnum,
528 609 632 680 quem
655 599 724 659 tuae
743 586 971 659 dubitationis
989 599 1139 681 tuaeque
1154 610 1300 664 consor·
1396 568 1397 575 ἵ

207 723 277 782 tem
297 730 418 780 narras
441 707 630 799 indaginis,
653 710 789 780 falleret
801 707 937 782 arboris
951 710 1084 795 notitia,
1109 712 1220 785 cuius
1236 709 1299 781 sub

207 836 323 917 ramis,
346 854 410 903 nec
432 853 487 902 me
507 831 593 902 fallit
613 853 723 915 amor,
746 831 791 903 ab
826 830 1058 906 adolescentia
1089 855 1160 906 sua
1184 834 1297 907 sedit?

208 954 306 1026 Unde
325 959 407 1026 tuuc
427 953 532 1024 liores
553 975 692 1039 vernos
714 976 807 1024 nunc
828 953 983 1026 mat'uros
1004 963 1041 1025 et
1064 957 1221 1048 tempori
1238 955 1296 1025 de-

99 1136 104 1152 s
207 1076 299 1147 hitos
318 1077 450 1159 fructus
477 1073 585 1165 legit?
610 1077 674 1145 llst
703 1075 887 1166 igiturest
914 1076 1034 1167 utique
1064 1077 1186 1146 virtus
1221 1076 1294 1167 ipsa

208 1197 302 1292 qnod
323 1197 439 1267 visum
453 1178 541 1268 dicis
557 1195 744 1269 ambobus:
763 1197 877 1267 virtus
891 1198 972 1267 elim
986 1196 1210 1289 quadrifidos
1234 1199 1295 1269 ha-

208 1316 296 1387 bens
310 1336 440 1397 ramos,
458 1323 598 1407 propter
610 1313 897 1406 quadripartitam
912 1311 1107 1382 honestatis
1129 1313 1293 1404 speciem,

210 1439 284 1509 solo
304 1436 443 1507 nomine
477 1438 544 1506 late
575 1444 710 1506 notam:
744 1456 834 1527 quos
860 1433 939 1505 ideo
973 1441 1134 1526 spectare
1161 1443 1291 1504 terram

209 1560 297 1642 dixi,
323 1558 405 1650 quia
433 1567 584 1651 quatuor
616 1560 779 1640 morales
806 1579 870 1650 pro
895 1577 936 1628 ea
969 1557 1172 1649 praesertim
1195 1569 1293 1650 parte

211 1704 315 1774 quam
344 1679 517 1773 politicam
538 1693 679 1760 vocant,
708 1681 830 1751 civiles
851 1689 950 1751 actus
971 1703 1011 1752 ao
1030 1693 1162 1750 terram
1186 1682 1296 1774 respi-

210 1804 316 1875 ciunt.
339 1805 410 1874 Has
430 1826 529 1901 sana
545 1803 640 1896 quod
656 1802 788 1873 invitus
806 1804 925 1886 fateor,
948 1801 1143 1873 maioribus
1161 1803 1296 1875 uostris

211 1935 346 1997 constat
366 1927 543 2020 aliquanto
557 1927 671 2017 magis
684 1927 794 1997 fuisse
809 1928 922 1997 cultas
936 1948 1041 2018 quam
1062 1925 1185 2011 hobia,
1208 1947 1297 2020 prae-

211 2048 380 2140 cipueque
402 2047 632 2140 principibus;
667 2066 757 2139 quos
783 2056 962 2140 pastorum
984 2048 1219 2140 appellatione
1240 2069 1297 2119 no

213 2171 301 2256 tavi,
323 2171 383 2262 qui
405 2191 517 2262 nsque
538 2169 625 2245 adeo
643 2170 710 2239 iam
728 2170 811 2239 aerei
827 2169 907 2240 facti
921 2178 1016 2253 sunt,
1040 2179 1077 2239 ut
1094 2191 1217 2241 amare
1239 2171 1298 2240 ho

213 2293 323 2370 mines
344 2309 380 2364 et
400 2315 523 2364 curare
545 2292 725 2363 terrestria
740 2293 807 2368 vile
826 2292 967 2376 ducant,
990 2312 1031 2362 ao
1052 2290 1296 2384 praeiudicium

212 2411 420 2494 maiestatis,
437 2437 514 2485 cum
531 2421 783 2486 tamenomncs
798 2414 924 2489 iisdem
945 2435 991 2484 ex
1013 2413 1211 2485 seminibus
1227 2416 1297 2486 nati

117 2619 125 2629 ,
212 2539 333 2608 simus.
357 2539 442 2606 Tres
463 2535 602 2607 altiores
626 2536 712 2606 rami
735 2536 940 2628 theologicae
960 2536 1221 2610 suntvirtutes,
1238 2540 1297 2608 Hae

211 2668 291 2731 ante
310 2656 437 2728 Christi
458 2655 662 2751 aduentum,
685 2681 790 2750 quem
816 2664 994 2732 coelestem
1016 2661 1206 2751 agricolam
1230 2683 1297 2732 non
1363 2721 1368 2727 .

211 2783 325 2874 inepte
345 2778 468 2851 videor
489 2801 724 2874 nuncupasse,
753 2781 882 2852 mundo
908 2784 1094 2873 incognitae
1118 2781 1298 2853 habehan-

213 2916 278 2988 tur,
291 2925 379 2996 quas
393 2904 518 2974 coelum
542 2913 700 2994 spectare
717 2925 787 2974 non
805 2903 1005 2996 ambigitur.
1024 2905 1153 2974 Christi
1176 2926 1299 2976 sarcu-

211 3032 266 3099 lus
287 3029 413 3099 Christi
435 3028 593 3100 doctrina
613 3038 681 3118 est,
701 3052 769 3122 qua
792 3027 944 3101 fidelium
963 3038 1099 3113 mentes
1117 3030 1211 3100 colit.
1230 3031 1298 3102 Ros

212 3151 386 3223 serotinus
421 3151 566 3241 sanguis
593 3163 647 3223 est
671 3153 833 3245 proprius
856 3161 891 3222 et
917 3152 1041 3242 gratiae
1066 3152 1225 3223 coelestis
1248 3155 1298 3223 in-

211 3271 316 3358 lusi0,
339 3291 419 3363 quae
442 3293 530 3354 sero,
552 3272 617 3342 hoc
637 3282 692 3343 est
706 3273 773 3345 sub
788 3267 888 3344 finem
905 3273 1124 3357 saeculorum,
1141 3271 1178 3343 in
1192 3295 1298 3345 mun-

211 3400 295 3469 dum
311 3397 474 3489 sterilem,
490 3397 561 3466 Deo
578 3416 636 3466 res
651 3395 829 3467 hominum
849 3394 1216 3489 miserante‚·delapsa
1230 3407 1298 3466 est.

212 3520 345 3591 Ramnli
364 3527 446 3590 sunt
464 3519 587 3589 harum
610 3516 919 3589 subdistinctiones
940 3517 1212 3588 innumerabiles
1228 3519 1300 3588 vir-

212 3652 340 3712 tutum:
362 3641 477 3713 felices
494 3659 591 3711 aurae
609 3649 692 3710 sunt
718 3643 890 3733 cogitatus
912 3642 959 3734 pii
978 3650 1014 3710 et
1035 3650 1167 3712 sauctae
1189 3642 1301 3736 inspi-

213 3764 378 3835 rationes:
406 3750 567 3834 volucres
594 3772 675 3833 sunt
700 3763 827 3865 animae
852 3785 934 3856 quae
961 3763 1025 3835 alis
1046 3762 1300 3854 cogitationum

213 3886 332 3957 talium
352 3887 420 3956 alte
440 3884 695 3970 conscendunt,
712 3885 873 3957 candidae
887 3898 1024 3980 propter
1046 3886 1298 3971 innocentiam,

213 4028 350 4078 canorae
372 4017 514 4101 propter
536 4009 572 4081 id
592 4009 687 4101 quod
707 4009 872 4102 scriptum
894 4020 970 4082 est:
989 4011 1127 4081 contulo
1153 4008 1301 4082 Domino

215 4130 272 4216 qui
296 4130 379 4200 bono
397 4131 509 4202 eribant
529 4133 626 4213 milch
641 4141 679 4217 et
696 4131 839 4205 iterum:
860 4135 997 4205 contulo
1015 4132 1158 4204 minino
1175 4133 1214 4207 iu
1229 4134 1302 4206 uita
