2804 4656
434 315 473 360 llE
496 315 596 362 uncus
619 315 841 364 insimulantes

513 587 693 652 nrrsrnm
717 589 764 653 rr.
845 678 847 681 Ι

180 772 375 825 Fennctsces
398 773 567 823 perannat
588 774 620 822 Μ.
644 774 759 823 TULLIO
780 773 929 824 CICERONI
949 774 975 823 S.
997 775 1025 823 P.
1048 777 1079 825 D.

117 944 263 1015 Ingenium
278 944 338 1000 eius
351 944 480 1000 laudibus
495 944 592 998 eiiert:
606 944 721 1015 Virgilio
734 961 801 999 eum
817 949 973 1017 comparat:
989 962 1076 1018 opera
1091 946 1153 1003 eius

190 1040 350 1089 enumerat:
367 1033 451 1088 deflet
465 1033 618 1089 caecitatem
634 1035 723 1090 aetatis
736 1053 794 1091 suae
809 1052 907 1112 eorum
920 1035 1079 1095 incuriosae.

191 1311 225 1381 Si
253 1321 287 1382 te
313 1309 472 1407 superior
497 1310 640 1382 offendit
665 1312 811 1405 epistola
836 1311 975 1405 (verum
1002 1313 1110 1398 enirn,
1139 1325 1179 1385 ut

90 1439 165 1532 ipse
188 1438 280 1506 soles
300 1434 432 1519 dicere,
459 1435 554 1527 qnod
575 1434 624 1505 ait
644 1434 824 1505 familiaris
850 1444 932 1506 tuus
958 1435 993 1504 in
1018 1433 1175 1507 Andria:

93 1557 290 1649 Obsequium
314 1559 447 1641 ornicos,
481 1557 605 1625 ceritas
636 1553 747 1625 odium
779 1555 894 1648 parit),
930 1556 1046 1650 accipe
1081 1557 1176 1650 quod

90 1681 261 1751 offensum
279 1681 433 1751 animum
450 1700 497 1749 ex
515 1686 613 1770 parte
630 1680 797 1762 mulceat,
816 1701 881 1750 nec
898 1700 1038 1770 semper
1055 1680 1178 1751 odiosa

91 1803 136 1874 sit
153 1801 304 1885 veritas3
324 1800 490 1894 quoniam
508 1801 605 1895 reris
623 1797 955 1893 reprehensionibus
976 1798 1176 1883 irascimur,

89 1925 185 1997 veris
204 1922 368 1995 laudibus
391 1924 615 1996 delectamur.
644 1924 695 1994 Tu
720 1919 876 2014 quidem,
912 1921 1046 2003 Cicero,
1078 1923 1176 2013 quod

90 2069 176 2141 pace
198 2058 257 2118 tua
277 2046 437 2130 dixerim,
461 2057 499 2118 ut
519 2046 623 2117 homo
639 2044 773 2128 vixisti,
796 2052 835 2113 ut
852 2054 969 2114 orator
987 2041 1121 2127 dixisti,
1139 2056 1178 2115 ut

89 2170 317 2264 philosophus
332 2168 514 2262 scripsisti.
529 2168 646 2241 Vitam
660 2187 727 2258 ego
741 2176 836 2238 tuam
851 2166 976 2259 carpsi,
992 2188 1062 2236 non
1076 2167 1178 2257 inge·
1222 2182 1225 2188 ’

91 2293 187 2364 nium
206 2301 266 2363 aut
283 2291 446 2382 linguam,
463 2299 501 2360 ut
515 2291 575 2382 qui
589 2286 675 2359 illud
687 2289 801 2370 mirer,
818 2287 908 2357 hanc
922 2296 1094 2379 stupeam.
1110 2287 1176 2358 Ne

90 2438 162 2506 que
181 2423 295 2484 tamen
310 2412 344 2480 in
359 2412 432 2482 vita
447 2422 505 2481 tua
517 2410 709 2504 quidquam
723 2421 854 2505 praeter
870 2409 1102 2484 constantiam
1123 2428 1177 2480 re-

89 2539 205 2628 quire,
229 2545 264 2604 et
284 2531 491 2628 professioni
513 2532 764 2624 philosophicae
784 2531 938 2603 debitum
957 2532 1085 2623 quietis
1104 2537 1178 2602 stu·

90 2658 197 2742 dium,
212 2665 280 2728 eta
309 2654 471 2726 civilibus
498 2653 598 2725 bellis
618 2657 746 2745 fugam,
768 2654 922 2724 extincta
943 2651 1112 2736 libertate,
1135 2674 1177 2723 ac

91 2779 225 2870 sepulta
245 2778 312 2849 iam
343 2787 379 2848 et
409 2778 621 2870 complorata
654 2773 853 2868 Republica.
888 2772 975 2845 Vide
1007 2784 1046 2844 ut
1077 2773 1177 2845 aliter

90 2910 204 2970 tecum
236 2921 318 2992 ago,
354 2921 395 2970 ac
421 2910 458 2969 tu
482 2920 561 2969 cum
596 2896 748 2990 Epicuro
780 2895 899 2968 multis
924 2897 959 2964 in
984 2894 1084 2979 locis,
1113 2894 1177 2966 sed

89 3021 295 3112 expressius
333 3020 367 3115 in
405 3019 494 3091 libro
525 3022 571 3092 de
602 3016 746 3090 Finibus
784 3017 926 3109 agebas.
965 3018 1050 3088 Eius
1082 3018 1175 3088 enim

92 3141 235 3214 ubilibet
254 3143 361 3214 vitam
383 3143 526 3236 probam,
551 3143 645 3215 rides
666 3141 855 3233 ingenium.
878 3140 953 3231 ligo
978 3139 1063 3209 nihil
1083 3140 1119 3209 in
1141 3151 1175 3210 te

90 3264 198 3349 ride0,
220 3263 304 3335 vitae
326 3265 442 3337 tamen
462 3265 663 3361 compatior,
688 3276 726 3337 ut
746 3264 836 3348 dixi,
856 3263 997 3354 ingenio
1017 3264 1175 3354 gratulor

89 3388 283 3480 eloquiove.
306 3388 334 3456 0
355 3387 499 3459 Romani
520 3389 646 3479 eloquii
671 3409 808 3458 summe
829 3406 972 3478 parens,
992 3407 1057 3456 nec
1078 3387 1175 3456 solus

89 3533 171 3603 ega,
195 3511 257 3583 sed
277 3532 398 3582 omues
422 3509 482 3580 tibi
504 3511 635 3602 gratias
656 3511 807 3601 agimuS,
828 3509 1042 3601 quicumque
1059 3508 1177 3579 latinae

89 3635 219 3724 linguae
240 3632 385 3704 ssoribns
407 3653 595 3716 ornamur3
623 3632 692 3704 tuis
717 3632 809 3703 enim
835 3641 936 3727 prata
955 3632 1000 3702 de
1021 3629 1175 3701 fontibus

28 3808 29 3811 ,
89 3757 291 3847 irrigamus,
316 3766 374 3825 tun
394 3753 500 3824 ductu
525 3753 691 3838 directos,
719 3754 788 3825 tnis
817 3753 992 3845 suffragiis
1017 3752 1174 3834 adiutos,

91 3887 150 3947 tuo
181 3899 246 3949 nos
275 3878 405 3948 lumine
435 3877 625 3948 illustratos
658 3877 809 3968 ingenue
846 3874 1075 3949 confitemur:
1106 3875 1176 3944 tuis

90 3997 253 4088 denique,
286 4006 325 4069 ut
357 3997 403 4067 ita
429 3997 556 4081 dicam,
592 3997 757 4089 auspiciis
788 3997 831 4068 ad
866 3997 971 4080 hanc,
992 3997 1177 4089 quantula-

91 4138 239 4208 cumque
259 4129 322 4202 est,
347 4113 520 4204 scribendi
538 4121 736 4191 facultatem
758 4141 799 4191 ac
819 4120 1035 4212 propositum
1048 4140 1176 4211 perve-
