2934 4650
544 480 725 561 EPISTOLn
748 477 867 552 xxxix.

166 664 168 668 ‘
261 668 454 719 rnaucrsous
477 666 647 719 Parauaea
669 670 775 720 rarae
798 667 993 720 aououmnsr
1013 672 1039 720 s.
1061 671 1090 718 r.
1114 673 1143 719 a.
1237 690 1240 697 .

256 832 395 889 Nonnulla
409 833 442 888 de
457 831 591 904 Dyrachio
606 831 690 887 urbe:
712 838 740 888 et
753 832 861 889 litteras
877 832 973 890 amicis
987 833 1154 907 quibusdam
1227 842 1230 847 ’

568 918 724 976 reddendas
738 919 831 977 mittit.

259 1173 334 1246 Non
356 1177 525 1269 epistolas
546 1191 624 1249 tuas
648 1188 795 1263 tantum,
823 1179 886 1249 sed
913 1177 1083 1272 quidquid
1103 1178 1243 1250 omnino

161 1299 390 1371 litterularum
411 1301 630 1384 antevenit,
650 1301 729 1371 laete
751 1300 877 1372 video:
897 1322 986 1393 pone
999 1299 1094 1373 vhairc
1110 1304 1240 1371 curam.

161 1421 215 1493 Ad
254 1421 289 1494 id
322 1420 416 1514 quod
448 1421 492 1492 de
525 1421 699 1493 Durachio
719 1442 792 1515 seu
824 1422 998 1518 Dyrachio
1029 1423 1240 1516 quaesivisti,

161 1541 293 1615 breve:
313 1565 445 1615 morem
467 1566 583 1615 meum
601 1543 706 1628 nosti,
727 1566 795 1616 non
817 1566 892 1615 sum
915 1545 1074 1639 palliator
1093 1543 1240 1615 inscitiae
1350 1584 1356 1587 -

161 1686 251 1737 meae
265 1692 271 1736 :
286 1666 380 1759 quod
397 1666 524 1750 nescio,
548 1667 624 1738 siue
644 1667 921 1739 dissimulatione
939 1666 1126 1740 confiteor:
1144 1666 1241 1761 quod

162 1788 247 1873 scic,
278 1789 353 1859 sine
379 1790 599 1861 aemulatione
617 1789 793 1882 participo.
816 1790 954 1873 Quaeris
975 1793 1084 1862 multa
1105 1792 1149 1862 de
1169 1793 1240 1862 Du-

161 1909 279 1981 rachio
298 1920 334 1982 et
352 1912 451 2004 plura
467 1912 572 1982 etiam
590 1911 699 2003 quaeri
717 1922 887 2005 possunt:
905 1912 984 2004 quis
1003 1925 1124 1985 auctor
1141 1911 1240 1986 urbis

161 2029 268 2102 illius:
294 2053 373 2125 quae
406 2035 460 2102 vis
493 2034 664 2107 nominis:
697 2055 741 2104 an
774 2033 868 2105 aliud
899 2054 1025 2104 nomen
1055 2032 1239 2105 habuerit:
1312 2121 1315 2128 Ι

160 2152 240 2243 quis
270 2154 354 2226 illud
381 2156 589 2226 mutaverit:
621 2168 656 2227 et
688 2150 761 2227 cur.
796 2157 928 2226 Horum
954 2157 1108 2249 quinque
1130 2157 1239 2252 prima

162 2277 231 2349 duo
255 2275 422 2369 profiteor
451 2300 507 2348 me
532 2278 690 2350 nescire:
723 2299 787 2349 nec
815 2277 1011 2349 mirabere:
1033 2301 1159 2371 magna
1185 2291 1242 2352 est

160 2400 251 2472 enirn
273 2423 342 2473 non
369 2400 472 2473 modo
494 2401 538 2474 de
557 2402 634 2472 aliis
656 2399 865 2482 minoribus,
890 2400 951 2472 sed
979 2401 1023 2473 de
1051 2403 1128 2494 ipsa
1153 2423 1239 2495 quo

161 2547 229 2620 que
263 2523 402 2594 urbium
435 2524 556 2615 regina
586 2523 679 2618 apud
713 2524 901 2623 scriptores
926 2522 1111 2617 ipsumque
1134 2525 1239 2595 etiam

160 2646 346 2741 Hyginum,
361 2656 465 2738 atque
478 2646 633 2719 indecisa
649 2630 835 2719 discordia.
855 2648 905 2717 De
924 2646 1025 2717 tertio
1046 2645 1124 2719 dico
1144 2646 1239 2740 quod

159 2769 257 2862 prius
278 2768 480 2860 Epidamno
499 2769 592 2842 dicta
625 2780 693 2852 est,
722 2771 822 2839 cuius
843 2766 993 2839 nominis
1017 2778 1053 2838 et
1073 2768 1238 2840 Lucanus

162 2890 317 2961 meminit
337 2890 526 2984 penultimo
551 2891 668 2982 operis
696 2889 751 2960 sui
775 2909 894 2961 versu.
920 2890 970 2960 De
996 2899 1143 2981 quarto:
1171 2890 1238 2962 Ro·

162 3013 255 3082 mani
286 3033 411 3084 nomen
443 3013 528 3083 illud
553 3021 788 3083 mutaverunt.
815 3010 850 3079 Si
870 3029 1011 3080 cansam
1034 3012 1164 3102 quaeris
1191 3011 1238 3107 (id

162 3114 253 3205 euim
279 3133 436 3228 quintum
468 3133 578 3227 erat),
604 3143 743 3226 propter
767 3135 1011 3227 inurrspicatunr
1037 3155 1172 3220 nornen,
1200 3139 1239 3206 ut

161 3258 209 3329 ait
231 3258 375 3343 Plinius,
411 3255 505 3350 quod
537 3253 744 3349 expressius
760 3249 785 3325 'a
801 3254 990 3348 Pomponio
1011 3253 1143 3327 dictum
1170 3254 1236 3328 est

160 3375 398 3475 Epidamnum,
422 3379 636 3472 inquitante
654 3391 747 3459 crot;
764 3376 910 3448 Romani
929 3397 1048 3446 nomen
1068 3387 1238 3447 mutavere

160 3505 238 3596 quio
263 3505 355 3574 ceint
378 3504 416 3573 in
441 3501 599 3573 damnum
625 3495 721 3573 ituris
752 3523 845 3571 omen
871 3498 907 3570 id
937 3500 1044 3599 vunan
1070 3511 1126 3569 ert.
1153 3499 1237 3571 flac

160 3630 237 3702 ille:
268 3639 303 3701 et
335 3649 460 3700 revera
488 3650 535 3699 ex
565 3625 665 3698 ltalia
693 3623 865 3718 digressis
899 3621 1010 3715 prima
1043 3619 1237 3715 Epidamno
1340 3612 1342 3619 ⁴

159 3754 310 3825 adverso
330 3763 405 3824 erat
421 3751 455 3822 in
476 3751 585 3823 litore.
606 3751 692 3820 Haec
713 3757 796 3820 sunt
814 3767 897 3841 quae
912 3746 957 3817 de
980 3743 1023 3814 iis
1048 3744 1150 3851 novi,
1170 3744 1234 3816 nisi

159 3871 262 3942 altius
295 3867 461 3942 foderem.
491 3867 599 3969 Miror
631 3875 746 3937 autem
780 3874 815 3934 et
848 3861 985 3954 gaudeo
1011 3861 1144 3952 aliquos
1166 3868 1236 3930 tam

158 3993 288 4066 otiosos
310 3990 400 4076 istic,
422 3990 620 4086 praesertim
642 3988 731 4060 inter
749 3985 865 4059 studia
886 3981 1064 4067 lucrativa,
1093 3994 1131 4054 ut
1156 3981 1236 4055 talia

133 4127 279 4201 (curent
299 4115 414 4208 atque
445 4113 630 4206 vestigent.
659 4111 803 4210 Veniam
839 4106 883 4180 ad
915 4106 1065 4199 nogotia.
1096 4107 1236 4181 Codulae
