2940 4650
585 316 740 366 nmsrotn
763 317 781 364 t.
1033 369 1038 379 ,
1165 304 1224 364 tuo

149 461 238 534 sitan
258 457 521 543 miserantibus,
544 461 639 532 nullo
664 459 802 551 penitus
824 467 1058 540 succurrente,
1080 458 1142 531 diu
1164 459 1227 528 mi-

150 581 358 654 serabilibus
380 581 492 653 modis
512 581 671 653 exercuit
690 593 725 652 et
745 590 899 650 exercet.
925 579 1017 661 Scio,
1039 579 1224 671 domoque,

151 715 187 775 et
206 706 285 795 plus
306 679 410 796 quarn
432 703 527 775 credi
547 701 659 797 possit
689 702 860 794 indignor.
882 701 983 784 Quod
1005 701 1154 793 amplius
1179 704 1229 773 la-

152 828 240 899 ciam
258 848 329 898 non
350 825 474 900 habeo.
494 826 566 898 Nec
587 850 643 898 me
664 826 761 917 angit
782 825 878 917 quod
898 826 1050 895 Fortuna
1072 826 1147 896 iure
1165 847 1229 898 suo

155 951 276 1033 utitur,
308 952 401 1022 utin
427 949 572 1042 reliquis
592 951 643 1020 sic
663 950 695 1019 in
718 948 835 1033 vobis,
859 957 964 1039 atque
985 958 1023 1017 ut
1045 969 1083 1018 se
1110 969 1225 1018 rerum

154 1073 383 1144 humanarum
405 1075 505 1168 plane
524 1073 698 1144 dominam
718 1070 841 1164 probet
858 1073 974 1164 ipsum
993 1091 1109 1140 rerum
1127 1082 1231 1163 eaput

153 1193 324 1291 attingere
346 1214 413 1264 non
435 1202 586 1264 veretur.
599 1169 897 1275 Scioviolentiam
919 1190 1100 1262 instabiles
1116 1211 1231 1263 mores

154 1317 247 1386 novi.
268 1314 503 1399 Quorumdam
528 1336 611 1386 vero
638 1315 882 1386 indomitarum
913 1314 1067 1405 gentium
1094 1314 1230 1384 inanem

152 1437 346 1510 iactantiam
367 1458 463 1529 aegre
482 1440 570 1520 fero,
593 1458 741 1528 quarum
767 1460 859 1509 nunc
886 1456 1029 1508 romano
1051 1436 1129 1508 trita
1150 1438 1232 1527 iugo

151 1559 238 1630 colla
262 1558 457 1631 lasciviunt.
485 1560 535 1629 lta
563 1558 645 1652 (obl
675 1559 787 1650 pudor
806 1570 841 1630 et
861 1557 980 1629 infelix
1001 1556 1129 1650 tabula)
1151 1558 1230 1641 iam,

154 1693 190 1752 ut
202 1691 330 1753 caetera
350 1684 457 1752 mulla
469 1692 504 1752 ot
517 1682 637 1772 gravia
660 1681 790 1763 sileam,
807 1682 842 1750 in
858 1682 1091 1773 quaestionem
1110 1684 1230 1751 venit:

152 1824 195 1872 an
215 1824 395 1875 romanum
417 1804 599 1896 imperium
622 1806 741 1874 Romae
763 1804 818 1873 sit.
840 1803 940 1873 Enim
963 1826 1047 1877 vero
1065 1804 1233 1877 ubi'nunc

153 1923 293 1996 horrida
330 1924 420 1995 silva
445 1935 514 2006 est,
543 1935 706 2016 poterunt
740 1926 835 2015 regia
874 1935 962 1997 tecta
1001 1945 1230 2015 consurgere,

151 2056 256 2138 atque
289 2044 346 2116 ubi
378 2066 471 2115 nuuc
497 2045 584 2116 atria
619 2057 700 2116 sunt
733 2065 819 2116 auro
854 2045 1016 2117 rutilante
1049 2047 1230 2135 fulgentia,

152 2177 315 2260 poterunt
339 2165 456 2258 cupidi
483 2185 609 2256 greges
637 2166 747 2257 pasci,
781 2176 816 2235 et
845 2163 1082 2257 penetralibus
1109 2188 1230 2258 regum

152 2308 264 2383 vagus
299 2296 417 2382 pastor
450 2288 621 2359 insistere.
656 2289 731 2359 Non
764 2287 919 2359 detrecto
940 2289 1104 2358 Fortunae
1124 2290 1232 2380 impe-

151 2412 253 2483 rium.
273 2413 392 2484 Potest
411 2409 469 2482 illa
488 2409 660 2495 funditus,
684 2420 722 2482 nt
743 2409 849 2483 urbes
870 2412 971 2495 alias,
999 2411 1049 2481 sic
1075 2409 1231 2502 reginam

151 2535 289 2608 urbium
308 2535 381 2628 pari
398 2535 495 2617 nisu,
515 2534 615 2621 ruina
632 2533 763 2605 maiore
781 2544 1018 2627 prosternere,
1031 2533 1127 2626 quod
1141 2533 1227 2604 hen!

151 2680 278 2752 magna
297 2681 345 2730 ex
366 2668 463 2750 purte
484 2659 552 2728 iam
572 2659 662 2729 fecit.
686 2657 774 2729 lllud
796 2658 949 2751 prolecto
969 2678 1146 2749 nunquam
1170 2679 1232 2749 po

152 2782 233 2853 terit
263 2781 399 2854 efficere
432 2792 471 2854 ut
503 2802 684 2852 romanum
718 2780 902 2873 imperium
932 2777 1014 2850 alibi
1047 2779 1093 2849 sit
1125 2800 1230 2871 quam

150 2905 294 2987 Romae:
318 2904 421 2973 simul
441 2903 534 2972 enim
553 2912 590 2972 ut
607 2900 687 2972 alibi
707 2921 788 2970 esse
809 2898 969 2992 coeperit,
991 2899 1129 2970 desinet
1148 2922 1231 2972 esse

152 3045 344 3096 romanum.
366 3024 451 3092 Haec
472 3043 509 3093 se
530 3018 737 3092 miserabilis
762 3018 850 3091 civis
883 3027 1002 3090 vester
1035 3018 1230 3092 affirmasse

151 3154 186 3217 et
205 3144 379 3217 affirmare
401 3163 469 3215 non
490 3154 618 3233 negat:
640 3152 676 3213 et
696 3142 762 3213 boo
782 3153 837 3212 est
857 3141 941 3212 illud
963 3163 1073 3233 grave
1099 3141 1230 3214 crimen

45 3356 47 3359 Ι
151 3267 242 3340 unde
274 3269 309 3337 io
335 3265 525 3339 discrimen
551 3265 673 3357 capitis
694 3263 890 3336 adducitur.
913 3264 1019 3337 Addit
1047 3273 1163 3335 autem
1192 3286 1230 3335 se

151 3392 337 3463 multorum
371 3388 515 3461 consilio
550 3388 743 3480 sapientum
778 3386 814 3458 id
844 3385 994 3470 dixisse,
1020 3408 1100 3471 nec,
1129 3397 1227 3479 puto,
1275 3411 1280 3418 ·

151 3512 338 3583 mentitur:
371 3520 407 3583 et
438 3509 651 3583 defensionis
682 3510 816 3607 copiam
851 3507 1130 3600 advocatumque
1164 3506 1229 3579 sibi

150 3634 226 3707 dari
246 3634 388 3724 flagitat.
411 3634 587 3723 Nugatur;
609 3645 644 3705 et
665 3631 732 3702 nisi
757 3630 877 3702 divina
904 3630 1143 3702 misericordia
1168 3651 1230 3700 ve·

150 3767 291 3849 sterque
310 3758 409 3826 favor
429 3754 626 3838 occurrerit
652 3764 766 3826 actum
785 3763 861 3825 est:
888 3752 1056 3824 innocens
1077 3751 1231 3824 indesen-

149 3899 282 3972 susque
295 3876 528 3950 damnabitur.
542 3874 726 3957 Hominum
748 3897 830 3968 pars
851 3896 977 3966 magna
998 3874 1228 3966 compatitur:

149 4025 250 4076 nemo
270 4004 343 4073 lere
363 4009 419 4071 est
439 4001 500 4094 qui
520 4020 590 4070 non
610 3998 830 4082 misereatur,
863 4008 990 4089 praeter
1014 4017 1076 4068 eos
1101 3995 1230 4089 quibus

150 4124 326 4218 proprium
343 4132 418 4196 erat
438 4122 598 4196 misereri
614 4133 651 4193 et
671 4143 815 4214 parcere
838 4121 1027 4204 erroribus,
1052 4142 1118 4191 non
1142 4121 1230 4191 invi-
