2940 4650
371 311 538 361 rnluurscr
560 309 736 359 urrunnun
758 307 1005 358 rnsrlunnruu.
1169 292 1228 354 5t3

152 476 252 528 suum
276 474 339 547 pro
358 451 521 545 quolibet
548 452 698 525 florenos
723 473 787 523 seu
807 450 954 523 ducatos
979 449 1055 522 XX.
1077 447 1228 520 Famulis

149 577 239 648 duos
251 596 316 669 pro
330 574 508 667 quolibet:
530 575 648 668 Coquo
661 574 774 646 duos:
793 573 863 656 isti,
880 573 938 644 vel
955 570 1065 654 amici,
1080 581 1115 643 et
1128 572 1157 641 si
1169 571 1228 640 vel

149 695 318 769 dominelli
342 719 406 770 seu
426 697 545 770 famuli
562 696 733 769 obiissent
754 694 958 788 priusquam
976 693 1115 776 moriar,
1133 691 1228 786 quod

149 819 201 890 eis
221 819 380 911 legebam
398 822 479 892 volo
502 826 539 891 ut
559 819 679 891 redeat
699 818 743 891 ad
765 816 943 889 haeredem
965 837 1092 888 meum.

246 942 405 1012 Omnium
433 963 519 1013 sane
544 939 716 1013 bonorum
745 940 923 1011 mobilium
944 947 979 1011 et
999 936 1226 1008 immobilium

148 1083 229 1157 quae
261 1063 374 1136 habeo
403 1067 461 1138 vel
490 1064 675 1136 habiturus
701 1084 793 1150 sum,
824 1060 1036 1153 ubicumque
1061 1071 1145 1133 sunt
1170 1059 1229 1129 vel

147 1196 265 1271 erunt,
286 1210 393 1258 unum
416 1189 527 1259 solum
549 1187 728 1259 haeredem
746 1181 1163 1258 institquranoiseulum
1183 1180 1228 1253 de

147 1311 303 1381 Brosano
329 1306 437 1381 filium
463 1308 639 1402 quondam
665 1307 795 1380 domini
820 1306 966 1378 Amicoli
998 1306 1043 1378 de
1070 1306 1228 1375 Brosano

147 1430 260 1502 nivern
281 1430 462 1504 Mediolani
483 1441 596 1526 portae
615 1431 824 1503 Verzellinae
840 1457 846 1500 :
865 1439 901 1501 et
919 1429 1033 1524 ipsum
1054 1448 1141 1519 rogo
1159 1448 1228 1498 non

147 1553 259 1622 solum
290 1561 328 1625 ut
347 1552 541 1638 haeredem,
571 1552 635 1626 sed
661 1563 699 1626 ut
716 1552 823 1627 filium
853 1553 1088 1636 durissimum,
1112 1560 1150 1622 ut
1169 1571 1228 1644 pe·

147 1675 249 1746 cunia
274 1685 555 1769 quantacumque
589 1674 651 1759 sit,
682 1677 831 1768 plurima
859 1674 934 1747 sive
960 1674 1118 1759 minima,
1145 1672 1227 1766 quia

146 1815 274 1886 magna
294 1796 414 1888 utique
434 1795 604 1879 nouerit,
624 1818 729 1889 quam
751 1797 839 1869 meis
860 1797 895 1865 in
917 1793 1024 1867 rebus
1038 1794 1225 1879 invenerit,

145 1919 323 1994 dividatur
343 1922 377 1992 in
398 1921 488 1994 duas
507 1928 639 2017 partes,
659 1929 695 1992 et
712 1941 816 1993 unam
836 1919 903 1991 sibi
921 1918 1063 2004 habeat,
1082 1921 1226 1990 alteram

106 2127 114 2140 .
145 2051 305 2114 numeret
322 2044 378 2115 cni
397 2043 462 2116 seit
479 2064 535 2113 me
552 2039 655 2126 velle,
675 2043 773 2115 etde
789 2064 832 2114 ea
853 2040 914 2115 liat
933 2041 1028 2134 quod
1046 2062 1102 2111 me
1119 2041 1226 2112 etiam

145 2165 237 2235 vella
258 2166 333 2236 scit.

243 2287 320 2356 Duo
352 2294 537 2380 antequam
570 2284 687 2359 finiam
715 2287 806 2359 hanc
832 2287 1037 2379 scripturam
1063 2285 1226 2358 addenda

145 2417 238 2479 sunt.
261 2408 375 2479 Unum
395 2418 458 2493 est,
481 2409 576 2504 qnod
597 2410 751 2483 modium
774 2410 859 2482 illud
880 2421 983 2482 tarrae
1002 2408 1096 2502 quod
1114 2404 1227 2480 babeo

144 2533 390 2603 ultramontes
411 2533 445 2603 in
467 2533 638 2606 Comitatn
656 2534 837 2606 Venusino
857 2532 891 2604 in
914 2532 996 2603 villa
1020 2552 1085 2603 seu
1108 2540 1225 2602 castro

143 2652 331 2726 Valelusiae
345 2655 513 2727 Dioecesis
527 2643 785 2738 Cavallioensis
800 2656 883 2749 quia
901 2653 976 2725 sine
990 2652 1097 2726 dubio
1109 2652 1225 2724 eundo

143 2773 225 2846 illue
256 2778 313 2848 vel
337 2778 444 2850 etiam
476 2778 645 2850 mittendo
666 2775 924 2871 quodammodo
944 2779 1024 2872 plus
1045 2776 1225 2870 expende-

143 2903 240 2966 retur
266 2917 370 2988 quam
396 2919 452 2968 res
477 2901 609 2981 valeat,
637 2901 717 2970 volo
744 2897 839 2989 qnod
864 2897 909 2966 sit
935 2897 1116 2990 hospitalis
1140 2896 1223 2970 dieti

143 3015 222 3102 loci,
245 3025 280 3087 et
300 3016 334 3086 in
356 3037 443 3088 usus
466 3025 656 3113 padperum
680 3017 824 3103 Christi,
846 3017 932 3091 etsi
954 3020 1040 3089 forte
1062 3016 1128 3088 boe
1149 3018 1223 3091 fieri

144 3159 213 3210 non
245 3148 366 3232 posset
397 3138 606 3232 impediente
636 3140 754 3231 aliquo
786 3137 861 3211 iure
890 3142 946 3210 vel
973 3149 1116 3226 statuto,
1143 3143 1224 3213 volo

144 3259 240 3352 quod
273 3260 319 3330 sit
350 3259 513 3334 lobannis
540 3269 574 3332 et
601 3261 692 3332 Petri
712 3263 857 3333 fratrum
879 3260 1026 3332 liliorum
1047 3262 1221 3354 quondam

144 3380 340 3477 Raymundi
362 3382 597 3468 clarimontis,
619 3383 678 3475 qui
701 3383 859 3455 lllouetus
880 3386 1109 3455 communiter
1129 3384 1223 3455 dioe-

144 3499 261 3588 batur‚
285 3514 323 3576 et
340 3504 405 3578 fuit
424 3504 658 3599 obsequiosus
678 3515 714 3576 et
734 3505 847 3578 fidelis
879 3506 962 3576 mihi
990 3507 1105 3579 valde.
1127 3507 1171 3579 Et
1192 3509 1221 3578 si

144 3625 227 3699 dieti
254 3629 392 3712 fratres,
419 3630 476 3699 vel
501 3650 623 3700 eorum
644 3631 733 3700 alter
753 3628 911 3712 obiisset,
934 3631 1016 3700 volo
1040 3629 1135 3723 quod
1160 3651 1222 3700 ve-

144 3747 218 3821 niat
236 3748 282 3822 ad
302 3747 390 3820 filios
410 3752 468 3822 vel
489 3761 633 3843 nepotes
655 3750 689 3821 in
711 3751 915 3821 memoriam
937 3750 1018 3825 dieti
1039 3754 1178 3824 Moneti.

242 3868 416 3957 Alterum,
452 3872 546 3964 quud
579 3872 665 3945 illud
700 3872 872 3946 modicum
906 3875 1002 3967 quud
1035 3875 1147 3947 babeo
1175 3875 1220 3946 de

143 3991 244 4066 bonis
276 3984 511 4066 immobilibus
537 3994 572 4064 in
598 3995 713 4068 Padua
745 3998 801 4066 vel
835 3995 1005 4068 territurio
1038 3998 1218 4084 Paduano,

143 4117 200 4186 vel
219 4115 254 4189 in
277 4124 452 4208 posterum
474 4115 656 4192 habiturus
677 4136 770 4203 sum,
793 4121 874 4191 volo
888 4119 983 4213 quod
1005 4119 1051 4192 sit
1064 4119 1217 4193 haeredis
1302 4146 1305 4151 ·
