2804 4656
324 314 416 363 irena
437 311 749 364 vrcnsmussnarrus.
763 313 968 362 -nrrsrom
989 313 1042 361 xn.
1163 299 1223 362 llll

138 464 175 525 et
189 435 287 543 saepe
303 469 380 522 snm
398 459 560 541 questus,
581 457 616 518 et
633 446 797 540 quotiens
810 448 855 519 ad
866 460 986 520 actum
1003 445 1110 520 redeo
1123 449 1222 542 queri

137 584 287 670 oportet,
310 573 423 644 omnis
442 572 554 656 labor,
576 569 685 644 omne
704 592 792 663 opus
809 571 858 642 ed
887 572 950 643 bos
976 572 1043 643 iam
1060 573 1224 645 defessos

137 701 345 790 attritosque
365 694 533 787 digitulos
554 693 756 776 revertitur,
779 691 892 763 omnis
914 693 1050 765 sarcina
1075 694 1140 765 bos
1160 695 1223 765 im·

136 823 280 896 becilles
301 830 517 911 onustosque
534 817 661 911 premit
677 817 854 888 humeros.
873 815 916 885 Et
932 815 1007 887 boo·
1020 817 1133 910 ipsum
1152 832 1225 888 me·

138 968 209 1040 gno
230 945 345 1017 animo
366 941 565 1013 ferendum:
587 961 667 1010 narn
688 939 886 1032 vepricosis
902 937 1047 1020 callibus
1061 940 1225 1011 ascendi-

140 1081 197 1142 tur
210 1091 280 1161 quo
295 1066 445 1160 suspiro.
461 1064 646 1155 Nunquam
662 1073 728 1134 tam
744 1061 881 1134 iuvenis
894 1062 944 1133 fui
958 1074 997 1133 ut
1007 1062 1052 1134 ad
1069 1063 1225 1156 requiem

139 1213 196 1262 me
216 1171 358 1262 venisse
377 1185 576 1272 crederem,
598 1187 760 1279 quamvis
782 1188 873 1259 illam
895 1205 1001 1280 saepe,
1021 1187 1065 1259 de
1082 1210 1152 1280 quo
1165 1187 1227 1258 ho·

139 1314 198 1386 die
217 1314 339 1396 miror,
353 1310 423 1381 ubi
444 1316 514 1380 non
530 1321 606 1381 erat
622 1309 759 1396 inlelix,
776 1319 813 1381 et
832 1311 949 1382 nescio
966 1311 1051 1403 quid
1068 1311 1226 1402 cogitans

139 1438 242 1530 quasi
262 1457 326 1528 per
345 1432 509 1506 tenebras
536 1431 711 1526 palpando
737 1433 950 1524 quaesierim.
978 1435 1059 1505 Haec
1088 1434 1163 1505 dixi
1187 1455 1227 1505 o·

141 1559 248 1642 mnia,
264 1580 309 1629 ne
323 1578 378 1626 me
398 1577 545 1628 accuses
564 1556 659 1648 quod
680 1577 751 1627 rem
774 1555 867 1628 adte
880 1557 1037 1628 maxime
1051 1556 1226 1648 pertinen·

141 1690 212 1752 tem
233 1679 386 1750 nondum
409 1677 469 1747 libi
492 1677 759 1758 transmiserim,
791 1678 848 1748 cui
869 1677 936 1748 etsi
952 1699 1020 1750 non
1046 1681 1148 1771 plena
1165 1701 1227 1750 cu·

141 1805 241 1888 ratio,
268 1813 305 1875 et
333 1802 482 1873 lenimen
509 1804 596 1871 forte
622 1798 776 1893 aliquod,
803 1812 838 1871 et
866 1810 961 1871 certe
989 1800 1075 1870 dum
1100 1801 1227 1893 legitur

142 1925 323 2019 occupatio
341 1924 513 2017 quaedam,
533 1925 776 2013 malorumque
794 1921 889 1994 utilis
902 1920 985 1993 insit
996 1921 1136 1994 oblivio.
1151 1925 1226 1995 Cae·

144 2062 255 2122 terum
281 2049 375 2141 qnod
401 2047 584 2141 praesentis
610 2047 768 2142 epistolae
795 2047 916 2130 luerit,
939 2047 1099 2118 morbum
1127 2058 1224 2118 tuum

141 2173 212 2256 odi,
235 2172 433 2266 patientiam
452 2191 546 2253 amo,
565 2177 604 2240 ut
619 2168 772 2239 nesciam
792 2190 836 2239 an
851 2169 1004 2261 optabile
1021 2172 1148 2240 malum
1167 2171 1223 2254 sit,

144 2297 174 2366 si
195 2306 309 2365 temen
331 2301 425 2366 recte
446 2295 574 2371 malum
592 2291 731 2377 dicitnr,
753 2293 848 2385 qnod
869 2303 902 2364 te
920 2295 1225 2386 inexperientiam

145 2420 192 2489 tni
213 2418 335 2512 ipsius
357 2430 393 2488 et
411 2417 674 2512 possessionem
696 2415 875 2508 pacificam
892 2416 974 2486 tanti
989 2415 1071 2486 boni
1085 2417 1174 2488 duro
1188 2418 1226 2486 li-

144 2551 198 2611 cet
222 2541 359 2610 tramile
384 2540 535 2611 duxerit.
563 2539 607 2609 Et
632 2539 694 2624 sic,
715 2558 789 2622 oro,
817 2561 896 2630 age,
914 2560 1003 2610 neve
1020 2539 1223 2630 defetigere,

17 2740 20 2746 ,
144 2666 204 2735 sed
225 2664 367 2747 insiste,
389 2671 493 2755 teque
515 2665 606 2734 inter
626 2662 721 2756 ipsas
734 2663 917 2754 angustias
935 2663 1076 2756 increpa
1092 2672 1129 2733 et
1146 2663 1227 2733 bor·

144 2799 217 2858 tare
239 2786 422 2857 etobdura
441 2786 595 2855 animum
615 2796 720 2876 atque
733 2786 860 2855 attolle.
880 2785 956 2856 Non
974 2784 1110 2875 indiges
1126 2786 1226 2858 adiu-

143 2921 218 2980 tore
236 2908 301 2978 nisi
322 2907 486 2978 aetbereo.
509 2909 570 2978 Ille
591 2909 704 2978 aderit
723 2917 759 2977 et
777 2907 937 2978 dextram
957 2907 1112 2999 porriget
1130 2908 1227 2980 labo-

143 3031 245 3112 renti,
265 3028 425 3121 quotiens
443 3030 488 3101 ad
501 3052 582 3100 eum
599 3029 772 3123 poeticum
792 3029 877 3100 illud
895 3029 1084 3102 christiana
1097 3031 1226 3123 pietate

144 3154 369 3226 clamaveris:
389 3153 762 3246 depraedendam,
777 3155 882 3239 meld,
898 3156 1002 3228 modo
1015 3178 1060 3228 ne
1071 3155 1222 3243 dubites,

143 3300 189 3350 ne
208 3277 355 3360 diffidas,
378 3300 446 3348 neu
468 3287 501 3349 te
522 3277 616 3349 humi
638 3278 949 3363 fessuminclines,
965 3280 1028 3350 sed
1042 3279 1086 3350 ed
1099 3283 1224 3351 melum

142 3402 273 3492 erigas,
291 3409 328 3469 el
344 3399 544 3472 memineris
556 3400 648 3472 illius
666 3410 700 3472 te
713 3421 816 3494 opem
830 3401 1028 3495 implorare,
1044 3400 1102 3492 qui
1116 3402 1226 3471 multo

144 3523 256 3613 magis
273 3545 379 3615 quam
394 3532 429 3593 tu
445 3524 519 3617 ipse
538 3522 597 3592 tibi
620 3524 825 3593 succursum
843 3524 941 3606 velit,
966 3520 1175 3613 sedquibus
1188 3520 1226 3592 id

144 3645 270 3738 optime
293 3643 353 3716 fiat
373 3645 509 3736 ignotas
531 3645 662 3716 homini
680 3646 757 3717 vias
777 3646 883 3718 novit.
902 3647 967 3716 Est
985 3645 1043 3714 uhi
1064 3655 1227 3714 votorum

84 3760 85 3763 '
143 3767 260 3840 dilatio
276 3789 356 3862 pars
373 3765 534 3839 beneficii
548 3789 675 3861 magna
690 3769 744 3839 sit.
761 3771 913 3841 Salutem
928 3777 1049 3860 optare
1065 3778 1224 3837 nostrum

140 3891 262 3975 fuerit,
276 3891 423 3962 modum
445 3914 487 3962 ac
501 3902 637 3987 tempus
656 3894 691 3963 in
709 3891 801 3963 illins
816 3891 958 3963 arbitrio
975 3891 1222 3983 relinquamus,

142 4013 242 4085 cuius
263 4034 327 4085 neo
346 4017 509 4087 voluntas
531 4017 698 4101 variatur,
722 4038 788 4088 nec
813 4015 975 4086 iudicium
997 4015 1137 4099 fallitur,
1159 4035 1225 4085 nec

142 4138 293 4228 potentia
317 4141 492 4232 fatigatur.
520 4139 673 4213 Etnihil
699 4140 743 4212 de
776 4138 868 4210 illius
888 4135 1222 4232 auxiliodesperos,
