2730 4680
375 302 466 352 tmen
490 302 663 352 lllCESlblUS.
675 321 714 334 ···
725 302 879 353 EPlS'lith
901 305 952 351 llll.
1166 294 1203 353 3ll

126 443 293 515 familiare
316 443 488 514 solatium.
504 442 564 513 Vir
577 441 691 512 honus
713 453 748 514 et
767 438 909 527 nobilis,
933 441 993 514 sed
1008 464 1076 514 non
1091 443 1201 525 dives

122 589 283 661 supremo
311 566 443 636 honore
477 587 545 637 uon
577 566 700 637 caruit.
735 565 829 637 iacet
860 567 999 660 inipso
1029 564 1204 654 Ambrosii

122 690 294 763 vestibulo
315 689 454 761 lamiliae
481 711 556 760 suae
583 688 687 760 busto
709 710 818 760 saxeo
844 712 884 760 ao
910 700 1062 761 vetusto.
1090 692 1204 762 Diloxi

123 813 297 884 hominem
322 833 343 882 a
368 833 439 904 quo
468 811 565 903 diligi
596 832 660 882 nos
691 810 860 898 sciebam,
887 813 988 884 cuius
1014 815 1048 885 iu
1078 835 1140 885 ore
1167 827 1204 887 tu

121 937 295 1032 praecipue
320 938 452 1007 multus
473 956 575 1017 eras3
601 935 775 1006 hominem
801 958 908 1031 prope
930 937 996 1008 iam
1024 939 1068 1010 ad
1095 939 1204 1009 inlan-

124 1059 199 1131 tiam
235 1058 433 1140 redactum,
467 1057 567 1129 cuius
600 1057 710 1128 oratio
744 1057 851 1129 risum
886 1061 941 1130 vel
976 1061 1203 1132 moerentibus

122 1192 357 1276 extorqueret.
377 1181 584 1276 Disputabat
603 1182 746 1254 assidue
768 1205 915 1267 mecum,
937 1191 1071 1254 etcum
1093 1184 1204 1254 omni-

124 1306 200 1390 hus,
222 1325 316 1398 quos
338 1326 473 1377 mecum
495 1303 800 1398 deprehendisset,
815 1304 859 1375 de
873 1304 1036 1376 rebusad
1050 1305 1204 1400 philoso-

123 1428 236 1522 phiam
258 1438 320 1501 aut
336 1429 382 1500 ad
398 1428 603 1498 catholicam
624 1426 729 1499 iidem
751 1427 1000 1522 spectantibus.
1024 1429 1126 1523 Copia
1148 1452 1204 1502 ar-

124 1563 364 1645 gumentorum
385 1561 461 1623 erat
478 1551 740 1624 inaestimabilis.
762 1551 851 1623 Nulli
872 1551 1059 1638 hominum,
1079 1564 1204 1647 praeter

124 1698 175 1747 me
196 1698 315 1758 unum,
342 1675 489 1748 credere
513 1674 746 1765 dignabatur:
767 1677 800 1745 in
822 1698 892 1767 quo
908 1687 1022 1748 tamen
1044 1699 1112 1748 non
1133 1687 1201 1749 tam

126 1799 244 1870 rationi
261 1801 318 1870 vel
340 1799 480 1890 ingenio
496 1820 601 1892 quam
619 1797 780 1870 amicitiae
799 1798 1056 1871 succumbebat.
1078 1802 1204 1892 lugens

126 1923 154 1993 ei
177 1923 331 1994 scientiae
358 1920 485 1994 fiducia
507 1923 626 1994 inerat.
653 1924 781 1992 Omnes
804 1922 971 2006 homines,
995 1924 1113 1995 sedin
1137 1928 1204 2017 pri-

126 2047 187 2118 mis
214 2046 409 2138 religiosos
436 2046 700 2138 quaestiunculis
725 2045 891 2137 agitabat,
921 2069 985 2117 nec
1010 2044 1204 2119 rationibus

126 2168 213 2240 vinei
247 2177 397 2263 poterat,
432 2190 496 2239 nec
527 2167 738 2239 clamoribus
772 2169 917 2259 fatigari.
952 2169 1203 2262 Quemcunque

127 2284 241 2359 verbis
260 2284 514 2377 aggrederetur
535 2287 631 2379 prius
651 2285 884 2378 interrogabat
905 2309 951 2357 an
969 2288 1099 2358 litteras
1118 2311 1199 2360 nos·

127 2419 185 2481 set.
213 2408 280 2492 Qui
311 2409 340 2478 si
371 2419 526 2500 negaret,
553 2411 657 2502 quasi
685 2409 824 2481 brutum
845 2408 971 2480 animal
999 2410 1201 2501 spernebat,

126 2554 347 2625 excussoque
379 2525 490 2624 capite
517 2533 640 2605 tacitus
674 2532 801 2605 abibat.
827 2534 887 2603 Sin
921 2554 1007 2603 vero
1034 2555 1072 2604 se
1098 2556 1205 2605 nosse

127 2659 256 2731 litteras
285 2656 527 2751 responderet,
552 2678 650 2738 mox,
674 2656 800 2741 aiebat,
828 2653 1022 2749 apparebit:
1045 2666 1081 2726 et
1101 2655 1203 2726 simul

128 2782 273 2874 quaestio
302 2781 337 2850 in
359 2779 512 2850 medium
536 2778 742 2865 iactabatur,
765 2790 799 2850 et
819 2779 988 2872 quidquid
1017 2779 1072 2849 ille
1093 2780 1204 2850 dixis-

128 2916 185 2986 set,
195 2903 404 2976 irridebatur
417 2903 638 2974 affluentibus
654 2903 771 2974 verbis
783 2912 818 2973 et
833 2926 1009 2996 nunquam
1023 2900 1205 2974 deficiente

129 3027 281 3098 materia.
297 3027 396 3118 Saepe
409 3047 490 3096 eum
506 3029 602 3098 velut
615 3025 793 3098 admirans
807 3025 1045 3118 percontabar,
1062 3025 1203 3097 ubinam

129 3147 202 3220 libri
220 3149 275 3221 sui
296 3160 429 3236 essent,
452 3162 512 3222 aut
530 3150 621 3222 unde
640 3159 736 3221 tanta
757 3151 814 3220 illa
833 3172 948 3220 rerum
969 3150 1114 3221 seientia
1134 3162 1203 3222 tam

129 3274 334 3345 multarum‘.l
354 3275 432 3366 lpse
452 3283 566 3345 autem
589 3274 735 3345 frontem
750 3274 859 3366 digito
876 3276 1097 3365 contingens:
1116 3304 1130 3339 n
1150 3276 1205 3347 hic

132 3422 146 3458 u
175 3397 238 3480 hie,
254 3396 403 3482 dicebat,
420 3407 456 3468 et
473 3397 651 3467 seientiam
666 3407 701 3467 et
720 3397 828 3468 libros
850 3397 974 3469 haheo.
996 3398 1090 3470 Libri
1111 3399 1204 3468 euim

133 3546 146 3582 u
176 3521 340 3592 humanae
372 3520 569 3612 tragilitatis
601 3521 819 3594 emendicata
850 3522 1038 3614 suffragia,
1068 3522 1203 3592 nonnisi

135 3672 148 3705 n
174 3655 314 3738 propter
327 3645 498 3715 delectum
513 3645 692 3717 memoriae
706 3657 788 3717 sunt
802 3646 945 3717 inventi.
964 3676 979 3709 n
994 3643 1205 3715 Ridebamus

130 3788 263 3839 omnes:
277 3762 362 3837 nihil
375 3769 465 3839 enim
480 3767 619 3838 dicebat
631 3766 725 3860 quod
739 3789 804 3838 non
819 3769 995 3851 crederet,
1009 3779 1044 3838 et
1057 3790 1135 3839 cum
1151 3767 1206 3837 his

131 3889 345 3982 opinionibus
360 3893 477 3963 nescio
494 3914 598 3983 quam
616 3892 775 3974 feliciter,
793 3902 829 3962 at
847 3890 1023 3962 laetissime
1041 3891 1107 3962 sibi
1120 3903 1205 3964 erat.

131 4011 180 4080 Nil
206 4013 273 4083 iam
300 4016 370 4084 lere
397 4013 462 4085 nisi
489 4016 716 4104 grammatice
742 4013 961 4107 loquebatur,
985 4037 1063 4086 cum
1090 4023 1206 4087 tamen

132 4129 185 4203 illo
209 4137 380 4228 loquente,
405 4135 489 4205 nihil
516 4158 668 4228 uuquam
693 4127 870 4206 Prisciano
896 4134 978 4206 nibil
1005 4136 1207 4210 Aristarcho
