2738 4680
252 335 345 385 utura
366 336 531 386 vrorsruus
553 336 941 390 strennuus-mmmm
964 342 993 390 v.
1113 300 1172 390 ι33

93 452 242 568 aliquem
277 478 422 552 sedendi
449 479 619 571 simulque
653 479 757 550 alium
784 478 983 552 ambulandi
1020 483 1175 552 fessum?

92 601 157 672 Fac
182 601 295 673 officia
320 615 539 695 permutent:
568 612 713 694 uterque
741 602 925 674 laetabitur.
952 603 1046 676 idem
1072 602 1175 675 vobis

92 723 238 795 eveniet.
261 721 311 793 Illi
330 723 424 794 enim
445 734 527 795 suut
546 723 675 795 laboris
695 722 800 809 avidi,
820 735 856 796 tu
873 725 1015 818 quietis,
1036 748 1176 820 unoque

93 855 169 918 actu
190 845 324 938 geritur
339 866 398 917 res
418 845 577 919 duorum.
597 844 699 928 Quod
716 845 746 917 si
762 846 939 919 Pontificis
961 848 1079 921 iussus
1096 850 1175 943 pre·

93 969 154 1039 mit
175 967 245 1062 (est
264 968 356 1039 euim
377 967 603 1061 imperiosum
623 966 842 1041 dominorum
865 990 977 1061 genus
998 970 1033 1040 in
1053 969 1177 1041 iuben·

94 1089 149 1173 do,
179 1111 218 1161 se
244 1093 337 1161 solos
364 1109 518 1183 suasque
544 1091 807 1164 commoditates
835 1091 1074 1185 cogitantium)
1104 1094 1176 1163 elo

93 1212 212 1304 quium
235 1221 330 1284 tuum
350 1211 598 1306 ingeniumque
616 1223 649 1284 te
671 1212 824 1285 adiuvet.
843 1214 986 1285 Excusa
1005 1212 1176 1284 valetudi-

94 1356 170 1404 nem
193 1343 298 1426 atque
316 1344 465 1406 aetatem.
485 1336 561 1406 Non
580 1335 689 1407 doceo
707 1345 740 1407 te
758 1336 912 1407 mentiri:
932 1335 995 1408 sed
1012 1333 1173 1406 evadere.

93 1454 198 1546 Finge
220 1465 253 1525 te
278 1459 382 1547 paulo
404 1456 589 1528 seniorem.
616 1457 702 1528 Cum
724 1457 759 1528 in
781 1456 898 1527 multis
920 1467 994 1527 tum
1015 1456 1049 1526 in
1071 1465 1174 1526 aetate

94 1575 136 1646 ad
156 1585 340 1669 utramque
360 1589 495 1671 partem
513 1581 622 1650 multa
640 1576 840 1670 finguntur:
860 1589 969 1651 testes
990 1578 1083 1650 enim
1099 1579 1176 1649 veri

94 1699 220 1772 absunt
239 1700 446 1772 obstetrices
473 1718 513 1774 ac
538 1702 704 1786 nutrices,
728 1702 864 1793 ipsique
890 1715 1054 1795 parentes
1080 1699 1177 1773 obie-

95 1830 182 1892 runt.
209 1822 347 1894 Frontis
375 1845 555 1917 comaeque
582 1821 817 1894 testimonium
844 1826 970 1896 multos
1000 1824 1105 1908 fallit:
1130 1820 1176 1894 de

96 1966 130 2016 se
160 1947 315 2038 loquenti
340 1946 507 2032 creditur,
534 1945 710 2041 praecipue
738 1944 768 2016 si
798 1947 877 2037 plus
903 1944 1005 2018 dicat.
1032 1934 1175 2016 belicati

94 2069 246 2163 corporis
265 2068 536 2141 imbecillitatem
557 2066 735 2139 laboribus
760 2067 941 2160 imparem,
964 2077 1000 2138 et
1019 2067 1175 2139 deiectus
1244 2132 1246 2134 ,

97 2189 231 2264 abditos
252 2189 357 2284 finge.
383 2192 470 2263 Nam
491 2190 735 2285 occupationes
762 2189 867 2263 officii
888 2191 937 2263 tui
960 2211 1056 2263 verae
1077 2201 1174 2277 sunt,

95 2334 155 2384 nec
191 2311 347 2406 tingendi
385 2322 491 2406 egent
529 2311 686 2384 artificio.
722 2313 831 2385 Nemo
876 2316 1068 2408 praesulum
1106 2322 1177 2384 tam

98 2446 257 2508 moestam
284 2444 409 2509 ettam
437 2437 579 2510 viduam
600 2437 719 2509 sedem
747 2459 845 2509 suam
866 2436 990 2530 linquit
1010 2459 1113 2528 quam
1140 2447 1179 2508 tu

96 2567 198 2630 tuam.
222 2558 278 2630 Sic
300 2571 332 2632 te
353 2557 479 2631 ovibus
501 2559 570 2631 tuis
592 2558 808 2653 approbasti,
833 2570 870 2631 ut
890 2560 966 2632 sine
992 2569 1026 2631 te
1045 2580 1177 2654 pascua

95 2683 170 2754 laeta
190 2703 260 2753 non
280 2681 469 2754 ruminent:
490 2682 525 2754 in
551 2683 662 2755 oculis
683 2682 751 2754 tuis
772 2682 862 2754 etin
884 2684 1003 2775 lingua
1024 2705 1094 2776 pax
1119 2705 1176 2756 ec-

96 2804 210 2876 clesiae
235 2814 306 2876 tuae
338 2816 414 2876 est:
441 2806 589 2898 pusillus
623 2806 687 2878 sed
719 2805 870 2877 devotus
899 2816 935 2878 et
958 2807 1053 2878 mitis
1088 2829 1177 2899 grex

96 2927 241 3016 pastoris
261 2926 306 2998 ab
331 2949 391 3000 ore
412 2926 566 3023 pendeus
593 2948 716 3000 vocem
742 2927 886 2999 alterius
911 2949 981 2999 uon
1006 2929 1174 3021 agnoscit.

97 3048 213 3144 ltaque
238 3072 308 3122 nou
333 3059 404 3122 tam
430 3052 529 3123 alteri
561 3050 715 3124 creditur
741 3072 844 3143 quam
876 3050 1044 3145 proditur.
1072 3053 1177 3147 Atqui

96 3194 160 3245 non
177 3173 221 3245 de
240 3173 332 3247 illius
349 3173 410 3269 qui
431 3185 464 3245 te
481 3174 651 3258 distrahit,
673 3173 735 3246 sed
755 3174 799 3246 de
820 3173 889 3245 tuis
906 3174 1068 3249 manibus
1089 3162 1187 3249 ratio

96 3295 267 3389 exigenda
280 3283 431 3369 estNon
447 3298 502 3369 ille
520 3297 637 3392 populi
656 3295 757 3368 unius
775 3294 920 3383 debitor,
937 3298 1001 3371 sed
1014 3299 1173 3392 plurium,

97 3419 156 3490 sed
182 3420 363 3492 maiorum.
392 3418 508 3491 Tude
533 3430 593 3492 tuo
614 3440 721 3513 grege
748 3419 962 3513 respondeas
983 3429 1118 3514 oportet
1141 3429 1176 3491 et
1308 3438 1312 3448 ·

96 3562 161 3613 non
182 3543 282 3613 alius.
300 3544 418 3614 Potest
434 3543 502 3629 ille,
525 3544 642 3628 iateor,
666 3551 700 3612 te
721 3565 848 3634 cogere
861 3552 899 3615 ut
912 3543 971 3637 qui
986 3542 1041 3613 sui
1055 3541 1174 3634 gregis

96 3687 131 3738 es
151 3669 277 3760 portio.
303 3666 373 3740 Sed
393 3666 475 3737 mibi
502 3666 619 3750 crede,
643 3664 671 3738 si
692 3662 873 3737 bonafide
897 3665 1063 3748 volueris,
1086 3686 1175 3734 uun-

96 3808 194 3879 quam
215 3798 340 3881 coget:
360 3788 587 3861 ratiunculam
606 3789 698 3885 enim
717 3798 810 3861 tuam
833 3790 907 3859 suis
925 3788 1052 3859 inferre
1069 3786 1175 3858 ratio-

97 3911 194 3984 nibus
216 3920 253 3983 et
272 3932 336 4006 pro
356 3921 389 3981 te
409 3909 547 3983 debitor
568 3910 642 3982 fieri
664 3915 766 3983 uolet.
786 3913 898 3983 Tuum
918 3910 965 3980 illi
986 3909 1174 4002 gregisque

98 4035 283 4125 periculum
302 4055 439 4128 expone
460 4034 595 4119 acriter,
614 4033 797 4128 explicite3
816 4033 900 4103 nibil
917 4033 1086 4119 omiseris,
1105 4034 1173 4106 imo

101 4155 125 4224 si
143 4179 227 4230 vera
243 4156 448 4243 destituunt,
472 4155 633 4229 simulata
650 4156 846 4250 iungantur.
866 4156 941 4228 Nou
961 4167 1016 4230 est
1032 4156 1174 4229 menda·
