2992 4664
353 327 446 375 ureun
468 326 1006 385 uexmuusounnrus-urusroua
1031 328 1082 379 rur.
1202 319 1261 380 ets

178 481 235 544 est
254 481 291 542 ut
309 467 507 541 damnando
528 470 702 563 praeterita
724 470 959 561 praesentibus
980 476 1179 557 consulant,
1207 475 1223 542 f
1247 514 1260 526 -

178 594 336 683 turisque
357 590 572 684 provideant.
600 590 689 672 Quia
715 601 830 662 tamen
856 592 1030 663 interdurn
1065 596 1259 665 luctuosam

178 715 327 785 animam
346 724 554 794 exonerant,
579 735 647 783 non
668 735 923 806 usquequaque
938 736 1077 806 semper
1092 737 1261 810 superve-

168 856 253 931 ,cuae
269 833 383 908 videri
402 831 541 904 dehent.
564 835 625 903 His
648 844 685 904 tu
703 857 807 918 nunc,
831 857 967 907 summe
987 836 1055 919 vir,
1072 837 1260 923 aliluiS,ex

177 956 305 1050 quibus
325 957 464 1047 longam
489 956 567 1027 licet
587 956 768 1050 epistolam
787 958 958 1041 texueris,
986 968 1025 1029 ut
1049 959 1186 1049 longior
1211 971 1261 1030 ta·

177 1103 257 1152 men
277 1088 374 1151 esset
393 1078 535 1172 optavi:
558 1080 604 1149 ita
626 1079 711 1151 nihil
733 1079 850 1151 animo
868 1082 1007 1172 longum
1031 1083 1178 1166 sentias,
1193 1081 1260 1153 nisi

177 1202 282 1274 taedio
314 1201 488 1274 adiuncto.
521 1200 590 1272 Sed
622 1202 755 1274 utiam
791 1200 931 1294 singula
965 1226 1034 1295 qua
1055 1205 1172 1275 visum
1195 1206 1261 1276 erit

176 1323 375 1415 expediam,
411 1343 517 1417 supra
549 1321 693 1394 modum
727 1344 904 1416 supraque
935 1323 1040 1396 fidem
1071 1325 1262 1398 ‘delectavit

175 1444 328 1518 animum
350 1443 480 1514 sciendi
503 1444 730 1538 discendique
751 1445 893 1518 avidum
915 1446 1010 1538 quod
1032 1448 1203 1540 scripsisti
1215 1447 1259 1520 de
1367 1517 1369 1520 Α

154 1645 157 1651 ,
174 1544 448 1662 praeceptoribus
471 1567 538 1636 tuis
560 1567 641 1638 olim
662 1568 748 1637 milri
762 1568 891 1658 ignotis
906 1572 1031 1655 fateor,
1044 1580 1080 1640 at
1092 1570 1259 1666 deinceps

174 1691 259 1764 tanti
284 1691 405 1761 merito
426 1689 586 1782 discipuli
609 1690 795 1760 verendis:
818 1688 862 1760 de
883 1692 1030 1782 poeticae
1053 1700 1133 1763 ortu
1153 1713 1263 1785 quam,

174 1812 378 1902 longissime
399 1811 558 1904 repetito,
580 1811 696 1904 deque
713 1811 966 1883 vetustissimis
987 1834 1168 1884 musarum
1185 1817 1259 1885 cul·

174 1934 306 2004 toribus
326 1934 361 2004 in
381 1932 523 2026 quibus,
539 1943 669 2028 praeter
682 1943 784 2004 notos
806 1934 978 2006 Heliconis
997 1938 1144 2020 accolas,
1169 1935 1258 2007 Cad-

173 2078 284 2142 mum,
306 2055 557 2147 Agenoridem,
584 2065 620 2125 et
653 2038 836 2126 Herculem
859 2055 1046 2147 quemdam
1071 2058 1186 2129 nescio
1213 2078 1258 2127 an

172 2176 324 2250 Alcidem
348 2182 460 2250 locas:
483 2179 528 2250 de
549 2178 659 2272 patria
686 2177 827 2249 demum
847 2187 921 2260 tua,
946 2176 1046 2248 cuius
1072 2179 1166 2271 apud
1191 2201 1257 2250 nos

172 2302 370 2395 opinionum
393 2301 636 2373 nubes-multa
655 2311 746 2383 erat,
770 2323 832 2372 nec
867 2308 904 2370 ut
936 2299 1041 2371 video
1074 2301 1167 2394 apud
1192 2324 1257 2374 vos

171 2425 280 2494 multa
302 2408 495 2495 serenitas:
517 2425 563 2495 de
583 2422 921 2518 peregrinationibus
936 2423 1076 2516 insuper
1089 2424 1255 2497 studiosis

171 2546 206 2615 in
228 2547 438 2619 Phoenicium
460 2558 565 2639 alque
585 2546 784 2642 Aegyptum
808 2545 864 2616 ubi
886 2557 965 2640 post
987 2558 1020 2618 le
1038 2545 1168 2639 aliquot
1187 2568 1256 2618 sae-

170 2668 257 2739 culis
278 2670 489 2762 peregrinnti
510 2680 592 2740 sunt
605 2669 802 2761 philosophi
816 2669 969 2739 illustres
983 2678 1018 2738 el
1035 2665 1254 2764 Pythagoras

169 2801 205 2862 ct
223 2793 320 2863 Plato
345 2804 381 2863 et
411 2792 678 2863 Atheniensium
711 2790 848 2881 legifer,
883 2790 1046 2881 idemque
1081 2792 1253 2863 Pieridum

170 2935 273 2986 serus
286 2917 398 2984 cultor
411 2915 466 2984 ille
480 2913 705 2984 doctissimus
724 2932 835 2980 senex
853 2912 971 2992 Solon,
987 2912 1047 3001 qui
1062 2911 1133 2999 tibi,
1147 2935 1251 3004 quem

167 3037 293 3106 vivens
305 3033 503 3117 mirabatur,
514 3045 596 3126 puto
608 3041 688 3125 post
699 3030 1252 3116 obitumfamiliarissimuslhctus

169 3159 236 3231 sit:
257 3158 407 3250 denique
427 3156 470 3227 de
494 3167 630 3227 tuorum
651 3175 795 3224 numero
816 3152 982 3225 librorum
1009 3178 1156 3249 quorum
1180 3179 1253 3229 ma-

168 3302 237 3373 gna
260 3299 339 3372 pars
360 3280 451 3350 ltalis
470 3278 565 3372 ipsis
586 3278 710 3347 vicinis
729 3299 769 3347 ao
794 3277 964 3371 proximis
991 3280 1068 3362 tuis,
1096 3281 1250 3354 inaudita

167 3413 231 3474 est.
254 3404 341 3472 Nam
363 3401 397 3471 hi
418 3401 557 3472 barbari
579 3399 708 3492 quibus
731 3400 892 3491 utrinque
908 3401 1159 3493 contingimur,
1178 3415 1250 3476 eta

167 3524 295 3617 quihus
313 3547 381 3596 non
395 3522 482 3617 Alpe
506 3533 637 3594 tantum
659 3545 775 3607 aerea,
800 3523 861 3595 sed
880 3535 951 3595 toto
970 3525 1100 3594 utinam
1118 3528 1251 3619 quoad·

168 3669 313 3739 usquam
335 3658 390 3718 est
411 3650 535 3739 pelago
554 3646 717 3718 disiuncti
737 3666 912 3728 essemus,
945 3645 1009 3715 vix
1041 3668 1110 3718 non
1135 3646 1247 3720 dicam

166 3770 272 3842 libros
294 3771 358 3844 sed
374 3793 501 3843 nomen
523 3771 733 3842 audiverunt
751 3780 847 3840 tuum
865 3798 871 3840 :
892 3777 929 3840 ut
950 3769 1125 3861 intelligas
1138 3793 1250 3864 quan-

165 3897 235 3965 tula
255 3906 311 3966 est
332 3895 408 3966 haec
429 3897 521 3966 laura
548 3894 742 3965 mortalium
770 3893 945 3985 adquam
971 3903 1067 3965 tanto
1093 3894 1248 3966 anhelitu

164 4017 394 4112 suspiramus.
417 4018 455 4086 ln
474 4018 515 4087 iis
538 4037 624 4087 sane
641 4025 693 4086 tot
711 4015 872 4086 dulcibus
886 4015 1143 4086 amarissimum
1163 4016 1246 4090 illud
1349 4056 1354 4064 ·

161 4140 206 4210 rle
225 4142 378 4233 ipsorum
400 4141 566 4212 librorum
590 4139 730 4210 interitu
750 4137 930 4210 miscuisti.
947 4138 1021 4210 Heu
1041 4138 1123 4211 milri
1143 4152 1195 4213 ter
1209 4155 1245 4213 et
