2940 4650
566 311 718 360 nnsrouu
740 311 800 359 nvi.
1158 297 1217 359 lde

142 457 224 528 mihi
240 455 381 526 modum
401 454 518 536 statui,
540 464 575 525 et
596 451 682 524 fines
701 451 814 546 posui,
830 471 919 547 quos
941 473 983 522 ne
1006 454 1217 525 transeatsi-
1313 462 1316 471 '
1365 414 1370 436 Ι

142 581 286 651 ticulosa
307 578 495 671 cupiditas,
522 579 650 662 vallum
674 599 713 649 ac
730 579 866 647 foveam
885 574 1119 661 circumduxi,
1139 598 1216 647 coe-

142 704 246 795 gique
279 702 434 773 animum
466 709 567 772 stare.
593 700 690 771 Neve
722 699 816 769 illum
849 699 1045 770 testimonio
1067 713 1131 770 suo
1150 699 1218 791 pri-

142 845 355 917 vem,neque
370 832 574 897 renuentem
588 823 680 893 iusta
694 822 853 915 imperia,
866 843 978 916 neque
997 817 1215 893 recusantem

142 948 279 1029 fraenos
295 966 407 1047 neque
422 944 624 1015 suadentem
640 944 775 1027 ferocia,
793 944 820 1015 si
836 943 1037 1037 obstrepere
1051 943 1217 1038 pestilens

143 1068 358 1141 consuetudo
375 1067 528 1149 desierit,
550 1066 778 1139 rebellantem
799 1067 925 1161 patior:
955 1068 1004 1138 sic
1026 1079 1216 1139 sementem

142 1192 201 1284 qui
221 1191 317 1263 dedit
333 1190 487 1273 adiuvet,
514 1199 550 1261 ut
571 1191 654 1260 mihi
676 1192 854 1282 frugalitas
873 1200 972 1283 grata
990 1201 1065 1274 est‚·
1083 1200 1120 1259 ul
1138 1191 1217 1259 laeta

143 1324 178 1386 et
196 1314 305 1384 otiosa
326 1323 514 1406 paupertas
541 1313 682 1385 amicior
702 1328 806 1406 qoam
829 1315 946 1385 tristes
967 1324 1216 1406 occupatusque

140 1436 281 1508 divitiae.
304 1436 442 1528 Siquid
463 1456 565 1507 secus
587 1458 628 1506 ac
643 1438 764 1530 loquor
777 1436 872 1520 facio,
888 1435 1083 1529 praerapido
1099 1458 1216 1507 rerum
1316 1425 1319 1432 ’

142 1560 370 1632 humanarum
388 1570 541 1631 torrente
555 1567 727 1652 raptatus,
749 1558 934 1650 indignans
950 1568 1066 1628 tamen
1081 1558 1168 1629 facio
1182 1567 1218 1628 et

142 1682 177 1751 in
197 1680 376 1752 diversum
389 1682 514 1754 nitens.
529 1682 626 1752 Mitto
639 1690 755 1752 autem
776 1679 864 1752 haec:
888 1681 938 1752 sic
958 1682 1048 1752 enim
1072 1680 1213 1772 glorior,

144 1804 193 1875 sic
214 1825 363 1896 quaeror,
392 1804 442 1876 sic
462 1805 576 1875 omnia
608 1812 724 1874 tecum
745 1806 866 1895 loquor
888 1812 926 1873 ut
943 1824 1090 1873 mecum.
1123 1803 1215 1874 ldem

143 1927 293 2012 animus
310 1926 429 1999 eadem
448 1926 558 2021 patria
574 1934 643 2009 est,
659 1924 750 1996 idem
766 1923 936 2007 studium,
958 1924 1050 1995 idem
1071 1945 1215 2009 nomen,

140 2073 203 2143 par
222 2051 383 2122 voluntas
406 2050 626 2140 affectusque
650 2048 856 2140 persimiles.
888 2048 938 2118 Tu
950 2047 1086 2139 'pietate
1106 2047 1213 2141 prior,

142 2183 180 2243 tu
200 2172 368 2263 religione
387 2172 620 2264 praestantior,
639 2181 673 2242 et
693 2169 892 2241 familiarior
913 2171 1001 2240 Deo:
1018 2167 1128 2240 sedet
1142 2170 1218 2240 haec

141 2296 237 2367 sileo.
259 2296 390 2365 Verum
409 2305 446 2365 ut
466 2295 641 2386 intelligas
663 2291 757 2386 qnod
775 2295 909 2364 mallem
941 2291 1075 2365 clariori
1102 2294 1217 2385 aliquo

141 2419 231 2488 scire
252 2437 376 2509 posses
397 2415 540 2502 indicio,
562 2425 692 2509 quanto
712 2418 822 2510 pluris
843 2439 910 2508 ego
942 2418 1063 2489 faciam
1095 2439 1216 2510 preces

142 2548 220 2610 tuas
240 2560 345 2631 quam
362 2548 396 2610 tn
411 2540 486 2634 ipse
500 2541 559 2633 qui
573 2561 633 2611 eas
649 2551 716 2610 tam
733 2539 932 2610 verecunde
947 2547 1165 2631 porrexeras
1181 2551 1218 2610 ut

140 2661 228 2734 inter
248 2662 459 2757 poscendum
480 2671 616 2734 omnem
640 2662 722 2733 mihi
744 2664 895 2755 negandi
916 2665 1009 2734 viam
1031 2664 1217 2736 ostendere

140 2785 320 2870 videreris,
336 2786 422 2856 scito
436 2785 528 2877 quod
541 2785 607 2856 etsi
622 2807 683 2879 pro
703 2785 757 2855 his
776 2807 888 2867 amor,
907 2804 970 2876 pro
989 2784 1042 2852 his
1062 2784 1215 2874 sanguis,

141 2928 204 2999 pro
240 2905 294 2974 his
330 2907 521 2991 miseratio,
556 2927 617 2998 pro
648 2904 859 2995 quibusdam
892 2904 1106 2973 familiaritas
1146 2925 1217 2974 me-

141 3027 315 3120 ritumque
336 3035 524 3112 certarent,
557 3005 668 3119 prima
696 3036 811 3096 tamen
832 3025 985 3095 omnium
1018 3026 1137 3118 petitio
1159 3036 1216 3096 tua

142 3151 220 3236 fuit,
242 3172 347 3243 quam
367 3149 435 3220 tuis
459 3150 621 3242 scriptam
645 3159 680 3219 ut
702 3147 824 3219 misisti
839 3149 1029 3242 Legatique
1043 3151 1216 3242 signatam

143 3273 260 3364 digitis
281 3272 428 3365 accipies
442 3272 523 3342 huic
539 3271 696 3365 epistolae
715 3272 947 3344 interclusam.
967 3273 1115 3344 Litteras
1137 3274 1216 3343 hinc

142 3393 227 3480 fieri,
242 3418 311 3467 non
324 3397 407 3468 illud
423 3395 525 3467 modo
537 3396 632 3488 quod
646 3418 707 3489 pro
720 3395 847 3488 quibus
862 3395 1127 3467 executiouibus
1146 3394 1213 3488 (sic)

143 3519 190 3589 uti
209 3523 317 3590 velles
330 3542 423 3591 eram
438 3521 585 3603 nescius
602 3520 665 3591 sed
679 3530 847 3591 extremae
863 3519 1028 3611 temporis
1043 3519 1215 3609 angustiae

141 3653 338 3716 vetuerunt.
360 3645 525 3717 Petitioue
551 3644 644 3714 enim
670 3644 752 3715 mihi
780 3664 859 3715 sero
881 3642 1016 3727 tradita,
1038 3642 1093 3714 ille
1113 3666 1214 3715 mane

140 3766 313 3839 discessit.
336 3768 386 3838 lta
407 3779 522 3838 tamen
543 3788 602 3839 res
622 3778 697 3839 acta
711 3777 765 3839 est
783 3777 821 3838 ut
840 3766 1099 3838 amantissimus
1118 3776 1215 3858 pater

141 3887 374 3980 Egitaviensis
395 3888 589 3981 Episcopus
606 3889 830 3960 cancellarius
852 3909 950 3972 suuS,
972 3889 1104 3959 litteras
1119 3888 1214 3982 ipsas

141 4012 298 4104 expediri
327 4009 473 4097 iubebit,
509 4010 567 4083 ubi
593 4022 631 4082 tu
657 4033 737 4084 eum
767 4014 822 4085 vel
848 4034 910 4105 pro
931 4019 1028 4107 parte
1045 4034 1134 4097 mea,
1157 4015 1214 4084 vel

141 4145 258 4206 nostra
278 4137 364 4207 alter
394 4133 526 4207 adierit.
560 4135 629 4208 lbis
657 4157 743 4229 ergo
776 4137 834 4207 vel
861 4135 976 4209 mittes
999 4136 1147 4229 aliquem
1166 4160 1212 4209 ex
