2940 4650
259 287 318 348 llll}
717 300 877 348 vaninnuu

261 463 328 522 rna,
352 441 491 511 nomina
512 438 617 510 rebus
634 442 692 510 vel
714 443 873 512 auferant
898 441 952 510 vel
981 440 1197 533 imponant:
1221 444 1355 533 quando

261 564 366 633 etiam
401 582 504 633 senes
540 572 677 634 nostros
697 565 975 636 modestissimos
1002 564 1219 648 hominum,
1246 573 1353 636 tamen

263 697 402 780 propter
420 685 606 778 potentiam
625 696 728 779 atque
745 709 838 781 opes,
858 685 996 779 quibus
1019 698 1118 758 teste
1138 690 1261 774 Livio,
1280 699 1350 758 ante

260 810 374 902 ipsum
400 829 580 879 romanum
601 808 785 902 imperium
810 809 1014 892 floruerunt,
1044 811 1208 901 geminis
1238 831 1350 903 aequo

261 932 359 1002 ribus
378 931 506 1023 quibus
534 930 641 1003 ltaliae
666 955 792 1023 magna
812 909 895 1024 pars
914 935 1079 1023 cingitur,
1104 935 1349 1025 nominaque

262 1053 375 1124 adhuc
400 1053 538 1136 durant,
562 1061 611 1123 tot
631 1053 760 1124 circum
787 1053 917 1124 litoreis
944 1053 1110 1142 gentibus
1141 1055 1234 1122 nihil
1255 1054 1347 1126 ohlu-
1428 1030 1429 1055 ⁴

262 1174 444 1257 ulantibus¹
462 1175 670 1267 imposuisse
691 1176 922 1246 meminimus.
937 1176 997 1245 His
1024 1186 1104 1246 ante
1123 1177 1345 1271 propositum

263 1299 436 1383 decursis,
458 1298 502 1369 ad
521 1321 595 1369 rem
615 1302 730 1370 venio.
749 1301 900 1391 Legatos
918 1299 983 1370 iste
1003 1300 1047 1370 de
1062 1302 1186 1384 latere,
1203 1302 1269 1394 qui
1285 1303 1344 1372 iam

264 1424 359 1494 solus
378 1419 507 1490 mundo
524 1420 674 1512 patiente
696 1443 820 1492 nomen
848 1422 913 1493 hoc
933 1421 1200 1515 habet,XVlll.
1222 1425 1345 1495 Kalen-

264 1546 328 1616 das
350 1542 509 1614 Octobris
526 1542 756 1615 Mediolanum
783 1544 887 1616 obvio
907 1545 1047 1616 domino
1060 1557 1096 1616 et
1108 1568 1246 1638 magna
1262 1550 1345 1618 cele

264 1668 391 1738 britate
409 1667 527 1761 populi
553 1668 701 1738 laventis
731 1668 912 1759 ingressus
941 1678 1008 1749 est;
1040 1669 1096 1739 cni
1122 1690 1194 1760 ego
1230 1671 1345 1741 nescio

266 1813 335 1883 qua
356 1791 440 1862 recti
459 1790 661 1862 confusione
681 1791 809 1874 iudicii,
837 1800 875 1861 ut
903 1813 958 1861 me
984 1788 1156 1861 urbanum
1180 1795 1345 1865 ostende-

265 1938 353 1999 rem,
375 1916 470 2008 quod
494 1938 564 1989 non
591 1938 683 1998 sum,
711 1936 775 1985 nec
800 1936 879 1986 esse
903 1913 1024 1999 velim,
1052 1935 1170 2006 neque
1190 1917 1221 1985 si
1240 1919 1345 1988 velim

264 2048 388 2110 natura
429 2039 602 2132 permittet
634 2059 727 2120 mea,
762 2057 984 2130 praegressus
1024 2037 1126 2120 allon,
1170 2037 1346 2108 Ticinensi

263 2172 363 2258 porta
381 2161 426 2232 ad
444 2161 634 2233 seeundum
652 2163 738 2232 forte
767 2160 914 2253 lapidem
936 2179 1133 2241 occurrens
1159 2159 1290 2245 didici,
1319 2161 1346 2231 si

266 2307 334 2355 non
358 2295 459 2355 antea
475 2284 692 2367 didicissem,
712 2304 815 2375 qnam
843 2282 887 2353 sit
902 2304 1018 2352 rerum
1040 2283 1256 2353 naturalium
1281 2286 1348 2354 lra-

266 2407 343 2497 gilis
361 2429 400 2477 ac
421 2406 575 2476 lubricus
602 2416 724 2477 status.
752 2407 837 2487 Cum
868 2406 959 2476 enim
991 2407 1150 2496 ingentes
1186 2410 1346 2499 pulveris

266 2527 370 2618 globi,
394 2536 546 2597 rotarum
567 2537 671 2619 atque
689 2527 954 2622 quadrupedum
976 2528 1164 2620 agitatione
1176 2532 1346 2603 commoti

264 2653 363 2721 lusca
382 2649 474 2719 nube
494 2651 619 2719 coelum
642 2651 818 2743 solemque
846 2652 1025 2735 texissent,
1049 2665 1242 2744 conspectu
1267 2677 1347 2727 mu-

265 2783 324 2842 tuo
340 2783 473 2866 erepte,
495 2782 614 2843 contra
642 2794 771 2843 morem
795 2796 924 2856 meum,
950 2777 997 2846 ita
1017 2797 1072 2845 me
1093 2776 1208 2845 malus
1223 2776 1348 2849 abstu-

264 2895 302 2967 lit
323 2919 435 2981 error,
456 2896 582 2968 inseror
616 2897 650 2966 in
683 2896 834 2967 mediam
866 2898 1054 2967 eohortem.
1090 2895 1135 2966 At
1164 2897 1230 2967 vix
1262 2898 1345 2972 data

265 3029 300 3090 et
320 3019 455 3091 reddita
474 3022 599 3103 salute,
616 3019 664 3091 sic
679 3021 794 3116 pulvis
811 3020 963 3090 omnium
981 3022 1100 3090 lauces
1118 3028 1153 3090 et
1170 3043 1234 3091 ora
1250 3045 1347 3094 com-

265 3143 434 3233 pleverat,
454 3141 659 3236 aridumque
681 3147 905 3235 praecluserat
920 3143 1014 3213 vocis
1029 3144 1107 3224 iter,
1129 3154 1165 3212 ut
1182 3143 1269 3214 dum
1289 3168 1347 3217 me

265 3265 500 3356 recolligerem
519 3287 587 3357 quo
607 3276 642 3336 et
667 3265 743 3336 aliis
765 3288 943 3358 parcerem
963 3275 999 3336 et
1021 3265 1116 3348 mihi,
1140 3287 1256 3356 equus
1273 3289 1346 3360 quo

264 3387 420 3459 vehebar
437 3397 472 3458 et
492 3389 567 3483 ipse
588 3389 696 3460 oculis
716 3399 849 3480 captus,
874 3386 1127 3481 postremisque
1141 3388 1294 3479 pedibus
1309 3391 1346 3462 in

265 3515 441 3605 praealtam
474 3514 571 3584 iuxta
610 3512 702 3582 viam
743 3514 877 3582 foveam
908 3495 1239 3602 dilapsus‚'0mnes
1283 3513 1345 3604 qni

265 3636 409 3708 aderant
431 3611 522 3706 metu
544 3646 578 3706 et
595 3635 738 3704 horrore
755 3635 953 3727 complevit,
982 3643 1110 3725 praeter
1136 3654 1192 3701 me
1214 3657 1342 3721 unum,

264 3758 428 3853 quiquid
450 3781 583 3828 mecum
605 3768 767 3848 ageretur
780 3757 993 3829 nesciebam:
1018 3764 1112 3825 tanta
1129 3755 1243 3845 caligo
1265 3759 1345 3849 pnl-

265 3903 382 3953 vereae
401 3880 510 3953 noetis
532 3882 734 3963 incesserat,
754 3903 800 3951 eo
815 3880 896 3950 mihi
912 3880 1087 3964 molestior
1104 3875 1198 3969 quod
1220 3899 1242 3947 a
1262 3881 1345 3953 luce

265 4007 444 4076 venientes
464 4004 552 4076 oculi
574 4006 709 4076 suntin
732 4004 883 4075 tenebris
905 4003 1094 4098 pigriores
1110 4000 1155 4068 At
1175 4022 1262 4072 vero
1285 4005 1345 4076 ille

268 4128 507 4222 magnanimus
520 4126 739 4212 adolescere,
767 4149 869 4220 quem
889 4127 953 4198 nisi
972 4133 1122 4218 coeptam
1144 4127 1343 4198 successio·
