2804 4656
292 322 385 371 mann
407 321 716 375 vrcnsmusranrrus.
729 345 766 356 -
779 325 933 376 nersrom
954 331 1017 378 xlx.
1131 300 1187 380 2'37

112 465 290 560 praesidet.
312 465 533 539 Adolescenti
554 469 653 559 origo
670 491 710 541 ac
731 471 867 541 fortuna
887 470 1040 542 humilis.
1061 471 1193 545 Verum

113 588 323 660 abstinentia
344 600 379 659 et
399 589 554 679 gravitas
575 593 633 661 vel
654 591 689 660 in
711 612 793 662 sene
814 590 1010 676 laudabilis
1038 614 1118 664 acre
1142 594 1194 665 in-

114 712 257 802 genium
274 734 315 782 ac
332 713 440 795 facile,
462 735 570 806 rapax
589 711 754 783 memoria
772 722 807 783 et
822 735 946 806 capax,
961 715 1126 807 quodque
1138 728 1195 788 est

115 836 291 929 optimum,
315 844 431 908 tenax.
450 837 649 908 Bucolicum
664 858 778 906 meum
792 858 946 919 carmen,
961 836 1141 909 duodecim
1157 849 1195 910 ut

115 957 186 1027 scis
211 956 411 1027 distinctum
436 958 580 1048 eglogis,
610 955 768 1028 undecim
802 957 976 1027 continuis
992 957 1116 1030 diebus
1142 960 1194 1031 di-

114 1077 207 1162 dicit,
231 1077 499 1172 memoriterque
521 1079 761 1164 servavi-tila,
784 1088 822 1151 ut
840 1080 988 1170 singulis
1005 1080 1131 1152 diebus
1148 1083 1193 1154 ad

116 1220 300 1290 vesperam
321 1221 424 1270 unam
442 1199 525 1268 mihi
543 1202 717 1291 eglogam,
736 1200 998 1292 novissimeque
1016 1201 1106 1273 duas
1126 1215 1195 1274 tam

114 1330 329 1405 constanter,
344 1321 461 1412 nilque
478 1319 646 1392 haesitans
664 1320 863 1393 recitaverit
880 1321 981 1414 quasi
1001 1321 1068 1394 sub
1085 1323 1194 1394 oculis

115 1443 327 1514 liberasset.
349 1443 500 1514 Estsibi
523 1455 702 1536 praeterea,
725 1443 818 1537 quod
839 1466 919 1516 raro
945 1457 1062 1517 nostra
1089 1445 1196 1518 habet

114 1575 218 1650 aetas,
249 1566 457 1636 inventionis
490 1587 615 1658 magna
648 1565 703 1636 vis
736 1587 777 1636 ac
810 1566 935 1638 nobilis
968 1568 1133 1661 impetuS,
1161 1580 1196 1641 et

114 1689 263 1760 amicum
296 1688 406 1758 lllusis
438 1697 574 1780 poctuS,
605 1688 759 1780 iamque,
789 1701 825 1759 ut
857 1689 904 1759 ait
930 1689 1040 1786 Maro,
1062 1700 1099 1761 et
1118 1690 1196 1783 ipse

114 1813 194 1886 lacit
217 1834 309 1883 nova
335 1812 497 1897 carmina,
515 1821 550 1883 et
568 1813 596 1882 si
618 1812 748 1883 vixerit
772 1821 884 1905 atque,
912 1822 949 1882 ut
969 1833 1086 1905 spero,
1114 1834 1193 1883 cum

116 1949 270 2030 tempore
301 1935 467 2018 creverit,
502 1935 596 2026 quod
621 1934 665 2007 de
691 1934 884 2013 Ambrosio
905 1935 1114 2005 vaticinatus
1140 1946 1196 2005 est

114 2070 228 2152 pater,
251 2058 381 2151 aliquid
402 2037 518 2149 magni
541 2059 617 2129 erit.
639 2057 743 2127 Multa
765 2058 809 2128 de
835 2057 893 2128 illo
918 2058 984 2129 iam
1011 2079 1102 2128 nunc
1127 2057 1196 2129 dici

114 2191 274 2273 possunt:
295 2202 405 2275 pauca
423 2179 467 2251 de
485 2180 614 2250 multis.
637 2179 813 2250 Audivisti
835 2202 954 2250 unum.
972 2180 1072 2250 Nunc
1090 2181 1195 2252 etiam

114 2301 194 2374 audi
218 2315 253 2374 et
281 2303 420 2374 virtutis
453 2312 490 2376 et
521 2303 678 2374 scicnliae
710 2302 976 2372 fundamentum
1012 2301 1193 2393 optimum.

26 2397 64 2420 Α
113 2424 190 2494 Νοιι
217 2427 348 2516 vulgus
373 2435 443 2497 tam
464 2426 628 2519 pecunias
661 2434 756 2495 amat
781 2433 885 2514 atque
912 2423 1062 2515 expetit,
1089 2444 1194 2514 quam

113 2545 171 2617 hic
191 2548 262 2619 odit
283 2569 323 2618 ac
343 2552 486 2640 respuit.
510 2548 679 2619 Nummos
700 2545 747 2617 illi
765 2546 927 2636 ingerere
955 2547 1076 2617 irritus
1097 2545 1196 2616 labor

113 2682 177 2742 est.
204 2669 317 2741 Victui
342 2671 540 2741 necessaria
573 2673 635 2740 vix
664 2669 824 2741 admittit.
852 2669 1054 2740 solitudinis
1077 2669 1195 2742 studio

112 2792 309 2884 ieiunioque
329 2804 365 2864 et
384 2792 512 2882 vigiliis
534 2815 669 2863 mecum
691 2803 813 2874 certat;
837 2812 933 2882 saepe
952 2792 1008 2862 ille
1023 2791 1192 2884 superior.

113 2913 205 2997 Quid
234 2916 366 2983 multat
398 2913 443 2982 lis
476 2935 533 2984 me
565 2913 723 2983 moribus
755 2913 806 2983 sic
838 2914 1035 3004 promeruit,
1067 2923 1195 2984 utnon

113 3036 231 3107 minus
253 3034 336 3104 mihi
356 3054 461 3131 quam
483 3034 575 3105 lilius
595 3056 699 3126 quem
721 3033 921 3124 genuissem
948 3055 1052 3104 carus
1077 3035 1135 3118 sit,
1159 3044 1194 3107 et

112 3155 274 3230 fortassis
294 3179 336 3228 eo
357 3156 480 3241 carior,
503 3157 599 3249 quod
625 3154 733 3239 filius,
756 3165 794 3226 ut
818 3177 894 3228 mos
914 3165 970 3227 est
991 3157 1194 3228 adolescen-

114 3281 197 3352 tium
225 3290 438 3363 nostrorum,
464 3281 641 3373 imperare
666 3281 785 3366 vellet,
821 3280 877 3350 hic
910 3301 1033 3372 parere
1059 3280 1190 3363 studet,

113 3425 178 3475 nec
199 3404 272 3474 sois
293 3403 531 3496 voluptatibus
551 3402 615 3475 sed
631 3403 718 3475 meis
736 3416 838 3477 vacat
855 3402 1055 3494 obsequiis
1073 3412 1110 3473 et
1126 3401 1192 3474 hoc

113 3526 255 3618 quidem
271 3527 365 3598 nulla
382 3527 544 3619 cupidine
566 3548 628 3598 seu
649 3549 710 3620 spe
728 3525 877 3618 praemii,
897 3525 960 3596 sed
978 3526 1053 3594 solo
1073 3545 1192 3595 amore

112 3659 253 3733 tractus,
275 3660 311 3720 et
343 3651 491 3720 fortasse
526 3670 670 3742 sperans
704 3658 826 3719 nostro
858 3645 933 3718 fieri
963 3643 1084 3717 melior
1101 3668 1191 3717 ‚oon-

111 3773 216 3842 victu.
244 3773 316 3842 lam
346 3781 427 3843 ante
455 3772 644 3843 biennium·
665 3772 711 3844 ad
743 3795 799 3844 me
832 3769 940 3851 venit,
962 3768 1191 3860 venissetque

112 3894 244 3965 utinam
263 3886 451 3978 maturius;
474 3896 537 3974 sed
557 3918 621 3988 per
640 3903 778 3967 aetatem
799 3915 868 3964 non
889 3894 997 3963 multo
1023 3902 1104 3963 ante
1129 3914 1190 3985 po-

112 4016 246 4087 tuisset.
285 4017 488 4090 Familiares
525 4018 690 4113 epistolas
711 4062 715 4067 -
734 4035 829 4088 meas
872 4017 985 4088 soluto
1029 4036 1190 4087 sermone

109 4137 236 4223 editaS,
257 4159 338 4230 quae
367 4150 406 4211 ut
430 4143 551 4213 multae
585 4160 744 4223 numero,
781 4140 832 4210 sic
862 4148 897 4208 et
929 4138 1028 4210 multi
1056 4139 1186 4210 utinam

1280 4250 1298 4282 ὁ
