2992 4664
197 288 256 350 tlt
538 303 578 347 nu
600 300 699 347 nunus
721 300 943 348 rnnrrnrlutnus

198 450 402 541 Apostolum
421 450 565 520 Paulum
586 471 654 520 non
673 450 776 521 modo
794 451 905 518 innuit
924 446 987 519 sed
1004 451 1141 519 fatetur.
1162 449 1285 540 Neque

198 570 257 640 tibi
278 570 390 642 videri
416 573 573 664 potuisse
593 572 705 643 aliter⁴
720 580 837 642 certus
859 593 937 642 sum
959 571 1025 642 illis
1053 580 1124 641 tam
1151 572 1285 640 sanctis

197 715 237 762 ao
257 691 458 764 coelestibus
480 694 620 764 monitis
642 715 760 766 aurem
784 715 853 765 non
875 693 1033 787 neganti,
1061 692 1286 785 oblatamque

196 815 363 886 divinitus
397 816 583 886 amicitiam
610 817 817 909 complexo;
851 838 956 908 quam
989 817 1118 887 utinam
1153 817 1285 886 arctius

196 937 376 1009 tenuisses
398 960 442 1009 ne
459 938 679 1009 divellereris
700 939 736 1006 in
754 937 874 1022 finem,
893 949 932 1010 ut
948 962 1027 1010 cum
1045 940 1103 1008 illo
1123 959 1286 1033 praecone

195 1061 351 1133 veritatis
369 1084 434 1154 pru
454 1060 602 1132 veritate
620 1060 698 1152 ipsa
716 1069 752 1130 et
771 1060 976 1154 proaeterni
995 1062 1117 1153 praemi
1134 1061 1285 1155 promis-

197 1187 310 1269 sione,
334 1184 490 1275 tantique
512 1184 736 1276 promissoris
757 1205 821 1275 pro
839 1185 979 1256 nomine
997 1182 1194 1255 morereris.
1216 1182 1285 1253 Sed

195 1329 408 1403 progressus
442 1329 520 1379 snm
553 1308 693 1398 longius
725 1306 863 1377 dicendi
894 1307 1038 1399 impetu,
1065 1317 1099 1376 et
1128 1305 1285 1396 intelligo

196 1455 251 1502 me
278 1431 324 1502 ad
354 1432 430 1501 haec
450 1429 631 1500 exaranda
650 1429 764 1507 serius
785 1430 1014 1524 processisse,
1033 1451 1137 1522 quam
1157 1441 1196 1499 ut
1214 1429 1284 1498 ulla

198 1551 418 1645 tempestivae
437 1549 547 1640 frugis
566 1572 647 1645 spes
668 1560 843 1644 appareat.
866 1552 1047 1622 AEternum
1069 1551 1159 1622 vale.
1182 1547 1285 1642 Apud

197 1696 347 1768 superos
363 1675 398 1743 in
410 1673 519 1743 Gallia
537 1672 711 1765 Cisalpina
728 1675 817 1744 inter
832 1674 1007 1750 sinistram
1021 1674 1158 1767 rapacis
1171 1654 1284 1742 Entiae

197 1810 232 1871 et
258 1799 421 1871 dextram
442 1797 628 1891 pontilragi
649 1797 786 1867 Parmae
807 1797 928 1890 ripam.
955 1795 1122 1867 Kalendis
1143 1795 1285 1866 Sextilis

195 1945 288 1995 anno
316 1923 465 1995 abortu
491 1927 568 1990 eius
594 1940 697 2013 quem
724 1942 768 1990 an
790 1929 827 1993 tn
853 1921 918 1991 rite
944 1918 1088 1991 noveris
1114 1919 1284 2008 incertum

196 2047 318 2118 habeo.
342 2043 612 2117 MCCCXLVlll.

702 2237 779 2246 ,-.-

614 2379 792 2443 EPISTULA
814 2380 858 2442 tr.

368 2541 561 2597 rnitnctsuus
586 2543 755 2592 enrnnncn
776 2547 808 2594 u.
832 2547 973 2596 vnnnoru
994 2548 1019 2596 s.
1039 2550 1065 2595 r.
1086 2550 1114 2595 c.

333 2683 433 2750 lugens
447 2687 509 2739 laus
522 2685 597 2753 eius,
614 2692 641 2739 et
656 2686 691 2740 de
705 2689 815 2742 amissis
828 2691 959 2760 operibus
969 2691 1143 2746 lamentatio.

295 2907 338 2976 Ut
363 2917 397 2978 te
421 2930 536 2979 amem
564 2931 605 2980 ac
632 2924 868 2990 venerertua
895 2913 1083 3004 singularis
1109 2917 1225 2989 virtus
1250 2932 1284 2989 et

198 3029 384 3114 industria,
400 3041 503 3101 tuum
517 3055 573 3103 me
583 3034 823 3123 clarissimum
839 3055 965 3105 nomen
982 3035 1085 3127 cogit.
1107 3039 1195 3111 Sunt
1208 3043 1283 3131 qui-

185 3151 276 3220 dem
295 3171 383 3241 quos
401 3154 481 3224 licat
499 3156 688 3238 extinctos,
708 3155 957 3247 superstitibus
975 3168 1091 3228 tamen
1104 3157 1283 3232 beneficiis

197 3294 238 3343 ae
264 3270 395 3342 meritis
423 3292 601 3355 amamus;
628 3276 688 3366 qni
715 3277 844 3348 scilicet
869 3279 1009 3348 caeteris
1035 3291 1225 3374 conspectu
1249 3293 1284 3354 et

196 3397 304 3469 odore
338 3397 493 3487 graviter
521 3395 777 3471 offendentibus
810 3402 877 3492 ipsi
911 3401 1078 3473 doctrinis
1106 3402 1293 3479 instruunt

197 3520 438 3613 exemplisque
450 3519 636 3603 delectant,
651 3525 781 3615 quique
796 3526 876 3596 licet
888 3526 968 3595 hine
980 3523 1130 3596 abierint
1141 3526 1177 3607 in
1191 3548 1283 3597 com-

198 3662 341 3712 munem
362 3643 489 3722 locum,
511 3651 547 3711 ut
564 3642 612 3711 ait
627 3622 770 3714 Plautus
788 3646 823 3715 in
841 3647 998 3728 Cassina,
1022 3654 1137 3717 tamen
1154 3646 1284 3720 absen-

201 3773 414 3865 tesprosunt
434 3764 681 3857 praesentibus.
699 3769 749 3837 Tu
764 3769 845 3838 nihil
867 3779 927 3840 ant
947 3767 1119 3843 modicum
1140 3769 1279 3861 prodes

200 3897 356 3989 nontua
381 3886 537 3978 quidem,
566 3889 629 3959 sed
656 3892 771 3960 omnia
796 3893 1052 3984 corrumpentis
1079 3891 1147 3962 aevi
1169 3893 1282 3984 culpa.

202 4009 299 4080 AEtas
320 4023 438 4083 nostra
457 4012 564 4084 libros
591 4024 668 4084 tuos
690 4015 851 4108 perdidit.
874 4017 1020 4100 Quidni
1041 4028 1156 4089 autem
1179 4017 1282 4100 unius

202 4147 424 4206 nummorum
442 4138 611 4209 custodiae
630 4138 809 4211 studiosa?
826 4139 911 4222 Quis
928 4161 1076 4233 nsquam
1095 4141 1219 4212 invisae
1233 4140 1283 4210 rei
