2738 4680
272 108 366 159 nram
389 106 894 158 muesmusemnus.-er1sroun
917 109 946 156 x.
1107 99 1145 159 89

61 269 265 344 nuncupare
279 248 401 318 soleat.
416 247 516 336 Saepe
531 245 587 314 illa
607 267 661 315 me
679 265 896 339 peromnem
914 245 1020 317 vitam
1040 268 1143 317 exer·

59 375 132 446 cuit
152 383 189 443 et
205 373 356 442 multum
376 379 528 462 tempuS,
548 389 568 437 a
590 390 699 460 puero
719 367 901 459 iucipiens,
920 367 957 439 id
974 391 1043 461 quo
1064 368 1146 439 nihil

61 497 198 569 tristius
214 493 315 574 lucin,
335 494 448 563 iacere
462 491 636 583 compulit.
649 489 739 572 Quid
756 489 894 560 dicam?
907 491 1032 562 Parum
1047 490 1148 563 abest

59 622 168 713 quin,
191 641 260 689 non
281 617 358 688 dico
375 617 572 695 admittam,
592 614 655 685 sed
676 613 802 686 lentius
822 637 985 708 respuam
1008 617 1066 687 lati
1086 640 1148 688 no-

61 766 152 826 men,
168 740 312 835 quando
325 761 395 809 non
412 737 516 808 modo
533 737 694 829 quisquis
712 735 905 822 hominum,
929 738 991 810 sed
1006 740 1149 811 humani

61 885 218 956 quaeque
231 884 311 956 pers
325 861 480 954 corporis
499 871 603 952 atque
621 860 749 932 animae
767 882 867 933 suam
883 872 1014 933 sortem
1031 861 1147 934 habet.

62 993 107 1062 Et
129 1013 215 1061 sane
233 1000 433 1082 suspectum
458 987 572 1081 potius
598 1007 726 1056 nomeu
747 987 813 1058 lroc
833 1011 895 1082 pro
920 1009 964 1059 eo
983 989 1078 1082 quod
1104 988 1150 1060 ad

63 1117 210 1207 impium
233 1135 375 1185 sensum
397 1110 609 1204 quibusdam
630 1112 750 1207 pravis
770 1121 805 1182 et
824 1110 975 1204 obliquis
997 1112 1148 1204 ingeniis

65 1240 156 1311 trahi
179 1241 283 1322 solet,
304 1258 409 1330 quam
432 1256 488 1306 res
507 1236 584 1328 ipsa
602 1238 688 1306 lalsa
705 1245 770 1306 est.
794 1235 972 1330 Siquidem
999 1257 1020 1306 ι
1046 1235 1150 1308 lando

64 1365 175 1436 latum
194 1361 334 1443 dieitur,
354 1373 400 1443 et,
421 1368 458 1430 ut
475 1359 522 1430 nit
539 1359 664 1444 David,
686 1361 791 1431 semel
809 1363 947 1431 locutus
965 1369 1020 1430 est
1033 1359 1150 1430 Domi-

65 1507 133 1557 nus
152 1495 188 1556 et
207 1484 302 1577 quod
324 1485 378 1554 ille
401 1484 537 1555 locutus
553 1491 622 1567 est,
646 1484 766 1578 utique
783 1487 891 1554 fatum
909 1493 975 1556 est.
995 1484 1040 1554 Ut
1057 1485 1149 1554 enim

67 1608 279 1702 propheticae
296 1607 459 1698 gravitati
476 1608 647 1700 poeticum
668 1607 760 1678 adsit
776 1587 967 1700 eloquium,
991 1629 1099 1698 grave
1115 1616 1152 1677 et

67 1730 272 1803 inimitabile
293 1730 423 1802 sanctis
444 1732 581 1825 pondus
603 1729 703 1802 adest
722 1728 854 1800 verbis:

350 1916 386 1978 llt
404 1931 513 1979 rocem
530 1915 588 1977 lata
606 1918 789 1991 sequuntur,

72 2111 107 2172 ut
127 2102 174 2172 ait
195 2100 326 2174 Statius
346 2102 520 2194 Papinius.
542 2099 655 2193 Atque
675 2101 723 2172 ite
743 2103 850 2172 latum
873 2123 913 2172 nc
933 2101 1052 2172 divine
1073 2123 1152 2193 pro-

72 2225 224 2296 videntia
243 2248 350 2296 unum
366 2235 458 2296 sunt.
474 2225 576 2308 Quod
589 2225 648 2317 qui
669 2224 716 2296 itu
733 2224 903 2315 intelligit,
924 2247 992 2295 nou
1010 2225 1150 2308 fallitur,

71 2350 149 2419 licet
168 2358 310 2444 propter
335 2369 412 2418 eam
432 2370 538 2440 quam
564 2346 637 2417 dixi
665 2348 899 2441 suspicionem
927 2347 1076 2418 nominis
1104 2356 1152 2419 te·

72 2471 219 2542 nendam
242 2471 466 2554 sententiam,
502 2467 746 2562 corrigendam
780 2472 934 2562 linguam
968 2471 1154 2543 admoneat

72 2596 301 2688 Augustinus.
320 2597 391 2668 Nos
413 2607 529 2668 autem
553 2597 649 2669 verbi
675 2597 969 2690 disputationibus
991 2598 1151 2681 omissiS,

74 2741 143 2790 rem
165 2719 278 2814 ipsam
301 2721 356 2814 pia
377 2730 412 2792 et
433 2720 573 2791 minime
592 2719 756 2814 pertinaci
775 2720 936 2813 opinione
952 2729 1151 2804 teneamus,
1179 2708 1180 2713 ¹

76 2840 182 2935 ipsam
214 2844 249 2913 in
283 2844 445 2917 omnibus
467 2844 664 2929 veritatem,
687 2866 755 2914 non
778 2843 955 2915 victoriam
978 2866 1156 2938 aucupan-

78 2973 141 3051 tes,
163 2975 199 3036 et
221 2987 360 3061 semper
380 2989 426 3037 ex
447 2966 566 3038 verbis
592 2968 697 3037 animi
724 2967 925 3060 praesidium
953 2967 1152 3051 elicientes‚
1196 3029 1197 3033 ,

79 3086 235 3182 intrepidi
256 3090 436 3182 paratique
458 3091 583 3174 simuS,
619 3113 688 3161 uon
719 3091 763 3163 ad
799 3092 864 3163 hoc
883 3100 942 3163 aut
964 3091 1049 3161 illud
1075 3091 1155 3160 mali

81 3233 197 3300 genus,
222 3210 287 3282 sed
307 3212 353 3282 ad
373 3213 499 3282 omnia.
530 3214 621 3284 Nihil
648 3215 739 3285 enim
771 3216 852 3285 mali
872 3226 945 3307 estK
963 3213 1056 3307 quod
1085 3231 1154 3280 non

82 3331 203 3406 homiui
221 3334 306 3406 dum
329 3335 419 3407 vivit
439 3337 646 3431 impendeat.
668 3339 730 3410 His
744 3338 1031 3422 malisomnibus,
1053 3335 1155 3406 vitae·
1196 3338 1198 3343 ’

83 3479 141 3548 que
162 3459 328 3552 periculis
351 3462 424 3531 sola
449 3481 543 3531 mors
565 3460 697 3533 liberat.
726 3462 898 3533 Coeterum
925 3461 960 3531 in
986 3459 1051 3529 hoo
1078 3478 1155 3528 meo

84 3601 157 3654 casu
174 3583 219 3655 de
237 3606 309 3677 quo
326 3585 508 3678 plusquam
530 3608 594 3678 pro
620 3608 658 3656 re
679 3587 828 3658 dixerim
851 3606 952 3654 suum
979 3584 1066 3653 torte
1092 3581 1155 3650 im·
1239 3616 1247 3628 .

86 3704 186 3793 pletur'
206 3730 350 3791 nomeu,
373 3707 424 3778 sic
444 3708 535 3779 enim
563 3713 670 3802 vulgo
696 3710 790 3803 quod
810 3710 999 3779 infaustum
1020 3715 1075 3775 est
1095 3704 1156 3773 lae-

88 3845 156 3900 vum
177 3842 239 3903 aut
261 3830 441 3903 sinistrum
461 3832 600 3904 dicitur:
618 3833 780 3924 quamvis
799 3830 883 3902 illud
899 3852 969 3901 nou
983 3851 1038 3899 me
1052 3830 1156 3898 lateat

89 3946 115 4018 ln
132 3957 289 4050 auguriis
316 3957 405 4027 laeva
431 3953 553 4028 eadem
574 3979 654 4030 esse
676 3978 756 4050 quac
778 3976 960 4050 prospera:
984 3953 1075 4027 uude
1101 3959 1156 4021 est
