2934 4650
577 342 730 392 nrrsronu
752 343 834 390 xxvi.
1183 328 1241 389 373

166 487 350 583 praeteritis
372 491 592 560 succurrere!
617 488 687 561 Sed
710 488 961 579 irretractabile
978 498 1034 562 est
1049 489 1241 583 quodcum·

165 635 234 706 que
251 610 433 707 praeteriit,
451 619 487 680 et
503 610 664 684 humanis
682 611 836 684 consiliis
853 624 1054 708 exemptum
1071 612 1242 706 quidquid
1261 697 1265 702 ⁸

165 759 186 809 a
208 746 306 828 tergo
332 743 397 807 est.
425 734 551 808 Fecisti
577 734 670 829 quod
696 734 826 808 homini
852 735 999 809 licebat:
1021 735 1162 822 homini,
1189 737 1243 806 in-

166 880 284 950 quam,
306 879 374 930 non
395 857 534 929 cuilibet
555 856 617 929 sed
639 858 757 942 unico,
780 856 824 931 ad
843 860 1031 931 multorum
1053 859 1240 944 bominum,

167 981 236 1052 imo
248 982 293 1053 ad
305 979 606 1053 innumerabilium
622 983 825 1074 populorum
837 978 1242 1075 compescendaslinien-

166 1101 301 1195 dasque
326 1102 485 1173 miserias
513 1103 649 1175 coelitus
678 1100 861 1173 destinato.
891 1101 971 1172 lure
996 1100 1121 1193 igitur,
1147 1101 1242 1193 quod

164 1226 251 1296 'nulli
272 1247 422 1319 unquam
444 1224 612 1298 accidisse
630 1225 715 1308 scio,
735 1222 780 1297 de
798 1223 915 1296 multis
932 1223 1141 1317 magnisque
1160 1245 1242 1296 con·

167 1347 268 1443 lectis
287 1348 387 1420 bellis
408 1347 495 1420 miro
516 1369 660 1443 prorsus
686 1348 827 1419 honoris
852 1347 1046 1441 privilegio,
1069 1349 1144 1418 sine
1163 1369 1242 1419 cur·
1339 1363 1345 1370 ·

169 1468 274 1553 ribus,
294 1471 370 1542 sine
391 1473 508 1556 armis,
529 1471 604 1543 sine
620 1469 836 1566 captivorum
852 1491 987 1564 pompa,
1004 1470 1079 1542 sine
1094 1472 1242 1542 tumultu

166 1593 483 1691 circumstrepentis
503 1593 692 1676 exercitus,
721 1592 785 1665 sed
812 1596 1014 1686 togatus‘ao
1036 1594 1240 1687 tranquillus

165 1718 255 1789 iuter
270 1719 460 1790 faventium
477 1718 596 1790 Galliae
612 1717 870 1810 Britanuiaeque
887 1739 1011 1801 voces,
1030 1729 1134 1810 atque
1151 1717 1242 1789 inter

166 1840 309 1931 plausus
355 1844 500 1912 multum
544 1839 726 1932 gaudentis
772 1841 939 1912 Ecclesiae
989 1840 1241 1932 gloriosissime

167 1961 405 2055 triumphabis.
441 1966 516 2036 Heu
545 1986 607 2035 cur
632 1984 724 2048 nuuc
744 1961 893 2034 absum?
913 1960 983 2035 Sed
1013 1975 1122 2047 certe,
1146 1962 1240 2057 quod

165 2083 247 2155 mibi
276 2085 464 2181 praeripere
495 2086 646 2158 Fortuna
673 2107 742 2157 non
766 2086 905 2179 poterit,
932 2086 1047 2158 animo
1081 2106 1240 2179 praesens

164 2209 293 2301 er0.‚ln
316 2208 459 2302 reliquis
480 2230 564 2281 sane
585 2231 666 2303 quae
687 2231 742 2281 me
765 2220 800 2280 et
825 2210 989 2280 statulum
1023 2231 1148 2287 meum,
1165 2221 1241 2281 tan-

163 2340 263 2420 gunt,
283 2349 344 2401 oro
362 2341 408 2416 te,
428 2330 644 2405 dominorum
662 2330 792 2427 optime
810 2341 1020 2427 patrumque
1038 2330 1237 2415 mitissime,

164 2466 200 2525 ut
219 2465 255 2526 et
275 2453 408 2527 Socrati
428 2475 508 2527 meo
527 2455 668 2542 credaS,
688 2465 724 2527 et
744 2454 892 2528 libertati
914 2476 1001 2528 meae
1027 2455 1170 2539 faveae,
1197 2465 1238 2528 ut

62 2665 68 2671 Ι
162 2597 274 2670 spero.
296 2576 398 2661 Vale,
419 2575 667 2668 gloriosissime
688 2579 893 2670 praesulum,
924 2574 1032 2648 decus
1065 2585 1236 2649 nostrum.

302 2723 458 2794 Mediolani,
475 2723 524 2780 Vll
540 2723 680 2780 Kalendas
695 2724 768 2779 Iulii.

556 3150 733 3215 EPISTOLA
755 3149 859 3214 Xllllll.

269 3318 462 3370 franciscus
482 3320 651 3371 Parnasus
671 3320 776 3370 Puruo
796 3320 987 3372 BONONIENSI
1007 3324 1033 3372 S.
1056 3326 1083 3374 P.
1106 3327 1136 3376 D.

192 3458 227 3514 Se
242 3456 314 3514 bene
328 3459 428 3516 valere.
442 3460 483 3516 De
498 3459 575 3516 obitu
588 3460 744 3533 Pandulphi
758 3461 908 3516 Malatestae
923 3466 950 3517 et
964 3461 1095 3519 lobannis
1108 3422 1212 3536 Pepnli.

501 3551 542 3606 De
554 3551 639 3607 rebus
653 3552 711 3608 suis
724 3551 912 3608 familiaribus.

263 3783 404 3856 Litterae
434 3794 516 3869 tuae,
552 3792 727 3881 compater
759 3796 794 3859 et
825 3786 935 3859 amice
967 3787 1107 3880 optime,
1140 3783 1240 3858 tertio

164 3928 283 3978 mense
316 3917 503 4002 postquam
524 3908 616 3980 datae
636 3919 735 3981 erant
766 3911 811 3981 ad
844 3931 899 3980 me
932 3919 1168 4003 pervenerunt
1193 3908 1239 3978 ita
1357 3953 1361 3962 ·

165 4027 367 4102 madefactae
394 4042 429 4102 et
454 4034 579 4103 lacerae
597 4041 635 4103 ut
652 4033 714 4103 vix
732 4032 800 4125 legi
819 4043 971 4127 possent.
992 4033 1092 4117 Quod
1110 4033 1240 4105 idcirco

166 4153 327 4241 praelatus
343 4176 428 4241 sum,
444 4177 488 4227 ne
509 4155 553 4228 de
574 4155 731 4252 responsi
754 4166 895 4249 stupeas
916 4156 1086 4230 tarditate.
1112 4159 1240 4230 Perve-
