2738 4680
204 289 262 351 130
546 301 587 348 nn
609 298 710 348 nunus
733 296 954 347 muniremus

203 445 291 516 ciet:
314 440 466 535 denique
486 438 658 534 quidquid
683 443 769 512 alter
795 439 920 532 egerit,
942 436 1141 531 ubicunque
1161 438 1283 536 fuerit,

203 586 413 658 quocunqne
434 585 472 636 se
497 563 657 635 moverit
672 564 759 634 niter
779 561 824 634 ad
842 562 1025 633 dexteram
1043 561 1121 632 erit.
1139 562 1183 632 Et
1199 585 1288 654 qun

204 689 296 759 niam
317 695 476 762 extrema
501 685 651 758 hominis
676 685 888 756 dissimulari
910 694 1056 777 possunt
1080 706 1150 755 non
1170 685 1286 766 vitari,

206 833 250 882 ne
275 809 404 882 differri
429 808 607 902 equidem,
635 807 775 902 quando
801 810 888 879 alter
913 807 1052 891 obierit,
1080 810 1167 879 aiter
1193 808 1309 903 iilum

205 932 370 1004 memoria
391 941 641 1026 prosequetur,
662 931 757 1002 iilum
777 931 900 1002 vivere
917 929 1129 1022 opinabitur3
1146 953 1211 1002 nec
1228 932 1291 1002 fal-

206 1060 318 1128 letur:
338 1054 436 1126 vivet
453 1054 547 1138 euim
562 1077 662 1136 vere,
681 1051 743 1124 illo
754 1061 965 1144 prestante,
984 1052 1077 1144 apud
1093 1074 1196 1144 quem
1213 1053 1292 1125 fons

207 1178 290 1248 vitae
302 1187 372 1249 est:
388 1175 614 1271 superstitem
627 1174 782 1248 nondum
799 1175 923 1245 vivere
941 1172 1159 1268 incipientem
1177 1184 1211 1247 et
1229 1177 1294 1247 mi-

209 1321 331 1372 serans
351 1308 385 1370 et
402 1307 595 1390 expectens
611 1325 617 1367 :
636 1318 788 1390 cumque
800 1295 856 1368 ille
870 1309 1080 1369 consecutus
1093 1299 1203 1380 fuerit,
1220 1307 1293 1369 tum

209 1420 352 1512 demum
370 1421 401 1492 si
418 1430 498 1492 ante
515 1440 583 1491 non
601 1439 803 1512 possumus,
824 1440 892 1489 nna
908 1419 1040 1490 erimus
1061 1420 1137 1490 sine
1153 1418 1296 1490 divortii

209 1553 322 1625 metu3
345 1552 426 1613 tunc
440 1545 658 1626 alterutrum,
671 1550 799 1613 tuncet
821 1550 915 1611 tuem
935 1540 1068 1612 iuvabit
1092 1541 1297 1636 despectare

209 1664 464 1758 Parthenopem
477 1672 513 1734 et
526 1685 638 1735 meam
656 1663 811 1748 Romam,
828 1676 864 1736 et
877 1675 1032 1735 nostram
1045 1664 1176 1736 ltaliam
1190 1686 1296 1755 quam

211 1787 399 1880 pervasit,
426 1807 507 1878 quae
534 1797 655 1859 nostro
674 1786 849 1858 convictui
873 1785 1103 1858 distrahendo
1129 1796 1198 1856 tem
1226 1806 1300 1855 ma-

212 1930 280 2000 gna
293 1918 356 1991 est,
373 1919 411 1979 ut
428 1912 533 1980 semei
551 1907 733 2002 digressos
753 1909 919 2001 congredi
937 1911 1085 2002 amplius
1102 1931 1172 1980 non
1190 1908 1298 1979 sinat:

212 2051 327 2123 neque
337 2053 423 2104 vero
432 2039 564 2104 tantum
574 2033 683 2105 oculis
694 2027 1298 2124 sedlitterisquuquenegetaditum,

141 2232 147 2245 x
216 2166 251 2226 et
264 2155 309 2228 ad
323 2176 496 2229 summam
507 2155 606 2228 brevi
618 2154 966 2247 terruromspatioita
978 2146 1300 2247 nosseparetquasi

214 2281 303 2350 ulter
321 2279 444 2351 ludum
462 2282 549 2350 aiter
567 2279 707 2352 iberum
724 2285 842 2350 servet
858 2277 1044 2350 Oceanum.
1063 2276 1221 2362 Animus,
1239 2297 1301 2348 no-

214 2398 386 2473 bilissima
403 2423 485 2496 pars
503 2423 619 2471 rerum
637 2412 673 2473 et
689 2412 825 2472 neturae
840 2399 1014 2493 opificium
1032 2401 1220 2483 exceliens
1237 2423 1303 2473 nec

217 2523 293 2614 cogi
316 2534 433 2617 potest
453 2522 516 2595 neo
533 2521 664 2595 teneri:
686 2523 742 2594 ille
761 2534 898 2594 montes
916 2534 952 2595 et
968 2523 1077 2595 meria
1099 2527 1302 2606 transvolat,

217 2665 378 2717 carceres
396 2645 517 2738 aperit,
532 2646 697 2739 repagula
714 2644 850 2728 disiicit,
871 2655 989 2716 vectes
1005 2644 1145 2736 frangit,
1162 2645 1305 2738 quando

217 2775 253 2836 et
273 2764 330 2837 uhi
354 2767 504 2839 voluerit
525 2787 683 2860 praesens
700 2777 765 2839 est.
786 2769 922 2841 Parvus
943 2768 990 2838 illi
1010 2770 1120 2840 saltus
1142 2767 1188 2839 ab
1207 2767 1305 2863 Alpi-

217 2887 285 2960 bus
304 2889 350 2960 ad
370 2888 600 2984 Apenninum,
620 2899 682 2963 aut
699 2913 720 2963 a
740 2911 868 2984 supero
886 2891 931 2962 ad
952 2890 1101 2962 inferum
1119 2913 1217 2962 mare
1237 2904 1303 2964 est.

220 3009 262 3078 Hi
283 3020 366 3083 sunt
385 3014 479 3091 enim
505 3012 565 3105 qui
588 3035 652 3084 nos
674 3013 841 3085 dirimunt
862 3012 972 3095 fines;
998 3013 1118 3104 exigui
1138 3013 1305 3105 quidem:

221 3134 285 3205 sed
307 3133 390 3225 quid
414 3136 521 3205 refert
546 3157 651 3227 quam
677 3135 786 3208 breve
812 3135 1034 3207 interstitium
1058 3136 1103 3206 sit
1123 3137 1152 3207 si
1178 3135 1308 3232 imper·

220 3255 370 3329 meabile
387 3259 464 3327 est?
481 3257 582 3349 Seepe
603 3257 771 3350 cogitavit
787 3259 898 3351 pietas
916 3260 982 3329 iter
1002 3258 1130 3332 durum
1152 3260 1306 3343 vincere,

133 3429 137 3436 ι
221 3390 261 3452 ut
292 3377 507 3474 pertingeret
534 3400 611 3449 cum
639 3381 749 3453 AEnea
775 3379 820 3453 ad
847 3382 941 3453 illum
968 3403 1073 3475 quem
1101 3383 1310 3474 supradixi

223 3503 272 3574 tui
291 3502 363 3575 oris
390 3501 550 3573 intuitum
581 3512 617 3573 et
643 3513 711 3574 tuae
732 3513 824 3574 notae
848 3504 947 3574 vocis
968 3503 1135 3575 auditum.
1162 3505 1312 3576 Tentavi

132 3657 137 3665 ·
224 3624 372 3717 amplius
389 3643 493 3715 quam
517 3627 625 3694 semel
647 3644 773 3717 segnes
791 3645 908 3704 moras
929 3626 1099 3718 frangere,
1120 3637 1156 3696 ut
1176 3635 1228 3697 tot
1248 3648 1310 3698 an·

224 3769 348 3822 norum
375 3745 549 3823 desiderio
576 3746 680 3818 finem
706 3746 837 3819 darem.
865 3747 920 3818 Nil
944 3749 1037 3821 enirn
1062 3749 1170 3821 ferme
1196 3748 1310 3842 magis

224 3869 324 3961 cupio
341 3870 375 3940 in
394 3870 498 3948 terris
515 3892 620 3963 quam
641 3873 751 3942 semel
769 3870 883 3943 adhuc
902 3871 1048 3944 Romam
1066 3882 1101 3943 et
1120 3880 1152 3944 te
1170 3884 1205 3945 et
1223 3895 1312 3969 pau·

224 4011 284 4062 cos
305 3992 364 4083 qui
385 3993 419 4069 in
436 3993 551 4065 medio
572 4003 653 4066 sunt
673 3992 803 4066 amieos
824 4016 967 4066 cernere
986 4020 993 4078 ;
1013 3993 1048 4064 id
1069 4017 1127 4068 me
1146 3995 1228 4068 olim
1249 3993 1311 4067 tibi

225 4113 427 4203 pollicitum,
457 4138 523 4188 non
557 4117 694 4189 viarum
719 4115 818 4189 labor
851 4118 1020 4191 hactenus
1045 4140 1114 4192 non
1146 4141 1311 4193 curarum
