2934 4650
191 299 250 361 390
650 312 811 360 vnlnrnnuu

189 453 401 548 Capaneum,
424 452 521 524 llovit
540 455 685 524 Brutum
711 432 813 525 suum
835 454 961 538 Portia,
982 453 1053 527 sed
1078 455 1136 528 illa
1166 477 1207 527 se
1237 458 1273 529 iu

186 578 366 650 ardentem
388 577 456 648 viri
476 599 600 668 rogum
625 578 753 663 intulit,
781 579 858 650 haec
883 580 1069 651 candentes
1096 579 1293 671 hauriens·

187 698 365 782 carbones,
393 701 567 791 praecluso
589 699 727 792 spiritu,
750 701 844 792 quod
866 700 999 794 pridem
1020 701 1135 773 animo
1155 701 1270 773 desti-

185 831 297 906 narat,
319 821 433 892 virum
455 822 500 893 ad
520 824 647 895 insenos
673 834 854 916 prosecuta
884 835 947 894 est.
978 825 1023 895 Et
1051 835 1089 896 ut
1121 846 1266 899 amores

184 944 320 1018 illicitos
348 947 571 1037 attingamus,
602 947 663 1039 qui
684 957 721 1017 ut
742 949 914 1041 turpiores
936 948 987 1018 sic
1010 970 1262 1040 nonuunquam

183 1069 284 1141 iustis
310 1069 488 1140 amoribus
517 1069 677 1141 fortiores
708 1081 801 1154 sunt,
829 1069 926 1142 flevit
952 1071 1020 1140 liro
1039 1070 1261 1156 Leandrum,

182 1193 331 1264 Phaedra
352 1193 597 1288 Hippolytum,
632 1203 754 1264 neutra
787 1203 900 1264 tamen
925 1168 1076 1284 gemitu,
1105 1193 1168 1264 sed
1202 1195 1261 1264 illa

180 1316 370 1411 praecipitio
391 1316 504 1410 periit,
527 1317 602 1388 haec
626 1319 762 1408 laqueo.
782 1315 885 1409 Apud
907 1317 1075 1388 Catullum
1103 1316 1257 1403 Lesbia,

182 1440 377 1512 meretricio
402 1462 520 1512 amore
551 1441 677 1522 saucia,
697 1463 876 1533 passerem
905 1464 1006 1512 suum
1032 1442 1129 1513 flevit
1149 1445 1260 1514 estin-

180 1574 288 1648 ctum,
311 1562 358 1633 ita
380 1573 495 1635 tamen
520 1574 558 1634 ut
582 1565 760 1635 oculorum
790 1563 899 1635 aciem
926 1563 1098 1655 perderet,
1124 1574 1193 1636 uon
1221 1579 1260 1638 ut

181 1686 331 1757 animam
351 1688 542 1759 exhalaret
564 1687 693 1759 Verum
715 1687 781 1759 hoc
800 1688 892 1758 dicet
909 1687 1046 1780 aliquis,
1070 1689 1125 1758 hae
1146 1689 1256 1775 viros

179 1820 239 1881 aut
258 1812 405 1896 fratreS,
429 1823 487 1882 aut
507 1813 638 1882 amicos
660 1811 801 1896 flebant,
829 1823 949 1883 noster
965 1811 1022 1882 hic
1043 1808 1162 1881 lilium.
1186 1814 1258 1885 Sed
1356 1895 1358 1900 ,

177 1936 262 2030 quid
275 1934 319 2007 da
333 1934 572 2029 superioribus
594 1936 763 2016 dicemus,
784 1956 864 2027 quae
885 1934 1057 2006 fleverunt
1078 1946 1177 2005 natos
1197 1940 1258 2007 vel

176 2060 360 2153 plurimae,
383 2060 439 2129 vel
462 2061 604 2129 unicos‘l
624 2057 715 2140 Quid
736 2057 890 2127 dicemus
911 2056 956 2127 de
976 2057 1043 2126 illis
1069 2054 1253 2139 matribus,

176 2202 265 2275 quas
286 2182 449 2252 Romana
477 2189 597 2252 narrat
625 2179 786 2264 historia,
813 2188 892 2270 post
917 2179 1091 2270 insignem
1115 2180 1253 2251 cladem

175 2327 257 2397 quae
275 2304 320 2375 ad
333 2302 588 2386 Trasimenum,
608 2315 646 2375 ut
663 2303 784 2374 Livius
802 2304 921 2386 tradit,
939 2302 995 2373 oui
1013 2301 1127 2394 potius
1145 2301 1253 2375 fidem

174 2428 233 2512 do,
258 2437 293 2498 et
313 2448 415 2519 quem
436 2426 597 2497 Valerius
623 2426 792 2519 sequitur,
823 2428 882 2496 vel
912 2424 1062 2510 cannis,
1085 2434 1123 2495 ut
1142 2427 1254 2498 Plinio

172 2555 300 2645 placet,
329 2559 384 2618 est
408 2557 564 2641 accepta,
592 2547 763 2620 nunciatis
784 2548 933 2620 liliorum
956 2548 1139 2634 mortibuS,
1161 2558 1253 2620 atto-

172 2674 263 2743 nitas
305 2670 467 2742 flevisse:
508 2682 690 2764 utramque
722 2684 837 2743 autern
878 2683 956 2763 post
997 2672 1251 2763 aliquantulum

171 2796 351 2888 temporis,
386 2796 529 2865 alteram
564 2794 694 2867 scilicet
730 2806 888 2866 moestan
930 2795 1023 2866 domi
1065 2795 1248 2867 sedentem

169 2900 298 3012 praeter
319 2939 417 3011 spem
437 2927 623 3011 conspecto
641 2917 719 3002 lilio,
741 2919 823 3000 dum
846 2918 882 2986 in
902 2939 1086 2989 occursum
1098 2919 1178 2989 eius
1189 2941 1249 2990 as-

170 3042 294 3133 surgit,
316 3042 511 3113 exanimem
533 3044 726 3128 corruisse,
740 3043 883 3112 alteram
898 3041 1145 3133 percunctandi
1171 3054 1248 3115 stu-

169 3163 227 3235 dio
260 3163 415 3247 anxiam,
446 3174 617 3258 extraque
650 3187 769 3237 muros
803 3163 899 3236 urbis
926 3186 1104 3256 egressam
1144 3178 1244 3258 porta

167 3286 346 3371 Flaminia,
369 3310 437 3378 qua
458 3288 547 3359 fusae
572 3287 732 3360 redibant
757 3288 929 3379 legiones,
963 3286 1067 3358 obvio
1099 3300 1244 3382 repente

98 3497 102 3502 ι
167 3408 251 3493 lilio,
274 3409 357 3480 dum
381 3409 481 3480 irruit
506 3412 542 3480 in
568 3412 751 3504 amplexus
777 3410 982 3502 expirasset
1013 3411 1084 3480 Has
1117 3433 1242 3506 nempe

166 3554 235 3603 non
261 3553 405 3612 moeror,
433 3532 496 3603 sed
521 3530 614 3624 quod
641 3533 758 3603 multis
779 3531 922 3615 accidit,
945 3531 1110 3623 gaudium
1136 3533 1241 3606 inter-

163 3654 253 3725 fecit.
275 3652 414 3726 Fuisset
433 3656 489 3725 ille
510 3654 655 3739 utinam,
679 3677 699 3726 o
719 3656 835 3739 Paule,
859 3656 968 3725 salsus
990 3654 1093 3726 etiam
1120 3676 1240 3727 rumor

163 3789 260 3864 tuus,
275 3789 313 3848 ut
330 3790 363 3848 te
380 3781 518 3871 quoque
531 3800 599 3848 nou
613 3779 725 3849 luctus
744 3776 806 3849 sed
828 3777 993 3868 gaudium
1009 3777 1236 3869 peremisset!

162 3901 261 3972 Nune
281 3923 502 3994 quocumque
527 3922 582 3970 me
609 3912 729 3986 verto,
757 3901 876 3973 dolore
902 3900 1004 3970 simul
1037 3921 1078 3970 ac
1104 3899 1239 3992 pudore

162 4022 364 4095 confundor,
372 4023 457 4115 Legi
470 4046 537 4115 ego
549 4026 739 4117 permultos
753 4035 888 4118 patrum
903 4022 1236 4107 amantissimorum,

160 4145 230 4237 legi
246 4156 395 4216 matrum
414 4147 564 4236 gemitus
579 4167 619 4218 ac
633 4168 790 4219 sororum
805 4157 840 4218 et
852 4143 1038 4237 coniugum
1055 4145 1238 4238 utriusque
