2940 4650
568 286 724 377 nersronn'
746 324 808 377 vlu.
1169 317 1227 382 535

151 478 186 539 et
202 464 394 558 indignatio
414 468 578 539 sermoni.
612 468 699 553 Quis
726 467 818 543 enim
846 468 1049 561 tranquillus
1072 470 1148 543 haec
1176 475 1231 544 vi-

150 590 252 660 deat?
271 587 445 659 Violatum
466 592 521 660 ius
543 589 709 681 gentium,
718 596 836 683 spreta
857 589 1080 662 humanitatis
1099 593 1231 669 loedera

150 713 185 783 in
210 711 327 783 nuncii
351 710 399 783 tui
421 713 589 803 persona!
618 711 694 783 Oh!
724 711 919 785 immemor
940 710 1134 788 honestatis
1160 714 1231 787 ira:

150 832 276 905 melius
288 833 381 906 inter
392 831 560 907 barbaros
578 795 999 907 hostestuisselhuneius
1017 843 1113 916 tuus,
1128 858 1235 929 quam

151 953 242 1026 inter
261 974 335 1039 eos,
357 975 446 1047 quos
459 965 494 1026 et
514 953 648 1027 rebaris
663 955 788 1028 latinos
806 966 841 1027 et
857 952 1049 1027 benevolos
1070 957 1235 1030 mereba-

151 1077 211 1148 ris.
233 1078 408 1149 Evolvam
421 1075 601 1148 historias!
619 1076 649 1148 si
668 1058 778 1148 modo¹
792 1074 997 1170 quidquam,
1015 1086 1145 1173 praeter
1158 1080 1236 1173 qui-

60 1181 64 1185 ’
151 1196 218 1268 bus
236 1197 368 1269 inhiant
381 1197 538 1280 divitias,
554 1207 713 1291 spectare
728 1208 877 1290 queant;
896 1198 1087 1290 inquirant,
1102 1200 1237 1273 etmihi

152 1319 394 1411 respondeant.
422 1320 509 1403 Quae
539 1317 720 1391 barbaries
750 1321 885 1411 legatos
906 1319 1051 1393 violavit
1068 1343 1232 1414 unquam,

151 1441 218 1510 nisi
249 1462 406 1533 perraro,
442 1443 537 1513 nulla
574 1440 769 1536 praesertim
797 1461 926 1513 caussa
957 1442 1237 1517 interveniente?

152 1562 311 1634 Tentavit
332 1563 398 1636 hoc
418 1563 593 1658 quondam
607 1563 642 1633 in
655 1563 781 1653 legatis
795 1562 925 1635 nostris
946 1564 1053 1638 fallax
1073 1577 1109 1638 et
1126 1564 1233 1641 infida

57 1767 62 1775 Ι
152 1681 475 1774 Carthaginensium
509 1682 624 1776 plebs,
658 1681 721 1754 sed
745 1682 920 1776 prohibita
952 1684 1090 1759 visast
1123 1689 1236 1778 magi·

152 1812 321 1875 stratuum
343 1803 551 1877 interventu.
566 1805 663 1875 Hane
677 1804 762 1889 vim,
781 1824 919 1900 quaese,
938 1804 1017 1897 quis
1036 1806 1234 1898 prohibuit?

150 1924 236 2006 Quis
257 1927 379 1997 iactam
402 1925 560 2021 punivit?
574 1924 699 1996 Durior
712 1945 805 1997 sum:
819 1925 888 1997 imo
908 1947 994 2001 vero
1007 1926 1087 2019 quis
1104 1930 1233 2020 arguit,

150 2048 207 2116 rel
242 2044 487 2141 reprehendit?
520 2046 659 2130 Quanto
681 2047 787 2118 tutius
818 2048 965 2120 nunnius
988 2057 1070 2119 tuus
1091 2049 1178 2121 isset
1198 2050 1233 2121 in

150 2167 340 2252 Parthiam,
371 2167 540 2239 truncatis
561 2168 678 2240 Crassi
695 2179 730 2239 et
747 2167 944 2262 legionibus
971 2170 1102 2243 uostris
1122 2172 1229 2243 lusis!

149 2288 286 2371 Quanto
303 2289 462 2362 intactior
475 2290 563 2362 isset
581 2290 617 2360 in
635 2289 871 2376 Germaniam,
890 2293 996 2367 caesis
1015 2293 1180 2371 Teutonis
1198 2304 1235 2372 el

148 2408 258 2480 Mario
279 2409 525 2503 triumphante,
547 2431 651 2502 quam
673 2410 742 2480 huc
763 2410 870 2497 venit,
904 2421 937 2483 te
959 2434 1137 2484 romanam
1167 2415 1233 2485 Ec·

149 2531 291 2602 clesiam
314 2529 463 2601 filialiter
480 2533 692 2602 venerante?
709 2531 809 2603 Certe
835 2553 898 2605 nec
921 2532 1064 2605 victoris
1084 2535 1233 2606 insolen-
1290 2560 1307 2626 ᾗ
1397 2567 1401 2572 ·

150 2651 209 2736 tia,
233 2673 297 2723 nec
317 2653 400 2723 victi
422 2651 534 2724 hostis
553 2651 654 2725 dolor
667 2663 800 2724 tantum
817 2656 1104 2747 praesumpsisset
1122 2679 1234 2750 quan-

149 2791 221 2845 tum
243 2772 333 2846 fictae
353 2773 514 2846 amicitiae
538 2775 764 2868 praesumpsit
789 2776 930 2847 invidia.
965 2777 1112 2849 Facilius
1145 2800 1233 2870 puer

149 2901 230 2962 tuus
246 2913 470 2963 nemorosum
489 2893 603 2963 Pelion
627 2902 662 2961 et
679 2897 835 2983 algentes
857 2896 959 2966 ‘lauri
985 2899 1091 2968 colles
1118 2897 1243 2969 hieme.

149 3010 282 3096 media,
315 3032 422 3101 quam
456 3012 606 3102 Orgonis
639 3012 815 3104 planitiem
850 3017 1041 3086 autumnali
1077 3027 1232 3110 tempore

148 3132 379 3203 transivisset.
398 3131 556 3204 Liberius
574 3135 729 3224 Gangem
747 3142 781 3205 et
803 3135 958 3221 Tanaim,
975 3158 1078 3228 quam
1098 3141 1229 3212 Druen-

149 3255 230 3325 tiam
252 3263 516 3327 transnatasset.
539 3257 621 3327 Hac
646 3254 784 3327 levandi
811 3256 915 3326 animi
942 3278 1069 3328 caussa
1094 3259 1230 3331 dixisse

148 3375 253 3448 volui.
286 3377 333 3448 Te
353 3398 453 3461 vero,
488 3377 543 3449 vir
575 3375 775 3468 magnifice,
806 3399 870 3449 nec
895 3376 1034 3449 iniuriae
1061 3379 1227 3468 illatoreS,

146 3517 212 3568 nec
233 3498 302 3568 ulla
323 3517 469 3592 prorsus
490 3499 588 3569 falsae
606 3498 858 3588 magnitudinis
885 3497 1070 3572 simulacra
1090 3524 1230 3596 permo

148 3628 263 3690 veant.
278 3618 353 3689 Non
366 3629 421 3691 est
434 3641 520 3692 vera
536 3618 758 3711 magnitudo,
777 3643 840 3693 nec
859 3642 983 3693 verum
1001 3622 1107 3696 robur
1121 3645 1229 3718 posse

148 3760 284 3811 nocere:
304 3740 342 3812 id
359 3743 450 3812 enim
473 3741 623 3813 minimis
644 3750 749 3836 atque
775 3741 1022 3816 infirmissimis
1044 3747 1229 3818 animanti-

148 3861 214 3932 bus
236 3862 356 3934 datum
384 3870 448 3934 est.
478 3864 682 3956 Magnitudo
711 3885 796 3936 vera
833 3874 888 3937 est
913 3887 1018 3959 posse
1038 3868 1224 3962 prodesse:

149 3985 264 4057 verior
284 3993 400 4056 autem
421 3987 520 4057 velle.
542 3986 733 4059 Potuerunt
758 4009 885 4060 nocere
907 3990 1144 4062 nocentissimi
1164 3991 1227 4064 hc-

148 4106 278 4176 minum
301 4105 472 4179 innocenti
494 4129 620 4200 puero,
642 4119 677 4180 et
694 4108 775 4182 boni
795 4108 906 4182 nuntii
927 4109 1040 4182 vicem
1063 4112 1151 4187 hanc
1172 4138 1226 4186 ra·
