2738 4680
211 323 269 382 166
544 335 584 381 nu
607 333 707 381 urruns
730 335 952 382 rauurauruus

211 480 244 547 iu
267 476 352 548 orbe
373 498 487 568 neque
508 497 576 568 pax
598 477 718 560 durat,
742 499 856 569 neque
882 477 972 547 bella
999 475 1183 560 finiuntur,
1212 500 1288 548 cum

210 623 325 693 neque
356 599 421 690 ipsi
454 599 636 690 quiescere
667 603 864 685 valeamus,
900 622 1015 692 neque
1048 600 1104 671 his
1138 624 1289 693 uuquam

212 725 393 816 stipendiis
420 721 619 794 debellare?
644 723 791 805 Quando
811 723 915 808 cuim,
938 744 1010 808 orn,
1033 723 1213 794 vincerent
1232 723 1289 815 qui

210 849 340 920 vicisse
361 849 428 918 iam
447 849 592 931 nollent,
612 846 718 916 immo
735 846 876 939 quidem
894 845 1022 939 quibus
1040 846 1182 917 vincere
1198 847 1290 917 vinci

210 974 286 1041 est?
312 972 461 1042 Horrent
482 971 517 1040 in
538 970 685 1064 patriam
713 969 867 1041 reditus:
891 970 985 1040 haud
1005 969 1201 1068 immerito:
1227 992 1290 1060 gu·

211 1105 347 1165 starunt
369 1094 460 1164 enim
482 1093 589 1177 italiae
616 1080 789 1187 saporem,
816 1092 1035 1185 oderantque
1067 1101 1103 1163 et
1134 1100 1289 1164 metuunt

211 1216 290 1288 belli
312 1214 432 1301 finem,
459 1215 519 1308 qui
546 1213 706 1287 ebrietati
740 1239 780 1288 ac
815 1217 964 1288 licentiae
998 1217 1139 1287 modum
1173 1227 1287 1311 ponat.

210 1340 381 1424 Quamvis
399 1361 464 1410 nee
486 1341 516 1408 si
533 1340 637 1410 valde
655 1339 796 1431 cupiant
809 1341 944 1410 hostem
960 1339 1111 1423 vincere,
1128 1338 1195 1410 iam
1209 1360 1288 1432 pos-

212 1465 292 1546 sint,
316 1465 390 1534 suis
412 1464 477 1555 ipsi
496 1462 591 1533 vitiis
613 1483 653 1532 ae
675 1461 831 1533 moribus
858 1464 957 1545 victi,
984 1463 1086 1555 capti,
1114 1464 1287 1557 oppressi,

211 1589 394 1670 exarmati,
420 1587 514 1658 servi
535 1586 730 1677 degeneres
748 1589 976 1679 voluptatum.
991 1587 1181 1669 Quidvero
1198 1607 1289 1656 nunc

210 1711 263 1781 eis
283 1710 415 1781 diceret
435 1709 548 1802 prisca
564 1708 622 1779 iila
640 1695 794 1780 Romana
812 1711 932 1781 militia
949 1712 1184 1781 masculorum
1202 1709 1289 1779 miti-

211 1843 297 1919 tum,
320 1833 448 1925 quibus
469 1843 596 1926 praeter
616 1855 713 1903 arma
734 1832 849 1902 eibum
872 1855 1012 1926 quoque
1032 1832 1166 1903 dierum
1189 1832 1289 1924 pluri-

211 1938 359 2040 morum,
386 1976 457 2026 non
483 1955 576 2026 bunc
602 1958 741 2026 mollem
768 1957 878 2026 molta
904 1965 979 2026 arte
996 1958 1203 2040 consectum,
1228 1953 1288 2025 sed

210 2080 411 2174 praedurum
445 2101 585 2171 panem,
617 2082 819 2171 vallumque
849 2079 992 2170 insuper
1020 2079 1176 2148 humeris
1202 2080 1290 2149 ferre

162 2271 164 2275 ,
211 2225 286 2273 mos
307 2206 433 2291 fuerat,
456 2225 527 2295 quo
548 2203 584 2272 et
603 2205 728 2272 famem
751 2201 913 2272 diurnam
941 2223 1020 2272 sero
1045 2204 1229 2294 petierent,
1256 2211 1291 2271 et

211 2349 250 2397 se
276 2327 366 2397 inter
394 2348 509 2397 eoecos
544 2325 697 2396 hostium
732 2326 882 2396 insultus
916 2337 1017 2396 nocte
1048 2335 1287 2418 protegerent,

170 2482 175 2490 ·
210 2449 469 2540 munirentque;
504 2448 627 2519 audire
654 2428 745 2518 soliti
771 2469 791 2517 a
818 2446 968 2519 ducibus
995 2448 1068 2519 suis
1096 2449 1291 2540 siquando

216 2571 283 2644 sub
300 2575 393 2643 fasce
413 2572 531 2654 nimio,
557 2572 682 2641 lentius
701 2569 914 2655 incederent,
930 2573 1038 2662 mites,
1057 2592 1129 2640 cum
1144 2581 1174 2640 te
1183 2571 1291 2661 plodio

217 2696 472 2777 collocutoris,
487 2696 708 2786 uoltumserre
721 2693 871 2778 desinito,
887 2705 922 2766 et
935 2696 1110 2787 ingentem
1131 2697 1288 2790 clypeum

210 2817 335 2888 ferenti
361 2839 458 2909 aegre
488 2815 739 2913 exprobratum
770 2818 842 2889 ita:
876 2821 1018 2909 amptius
1049 2820 1133 2889 iusto
1164 2832 1291 2890 scutum

209 2945 289 3032 ferr,
304 2964 407 3033 oeque
420 2940 454 3010 id
468 2939 686 3032 reprehende,
702 2940 831 3032 quondo
845 2943 960 3010 metius
975 2953 1065 3012 scuto
1080 2945 1181 3012 uteris
1193 2965 1289 3036 quara

208 3062 338 3155 plodio?
359 3065 459 3134 Nulla
485 3063 531 3133 ibi
559 3068 755 3156 epularum,
783 3067 875 3135 nulia
904 3065 974 3135 vini
1008 3067 1160 3136 mentio:
1191 3068 1289 3138 rivus

211 3187 337 3271 omnis,
354 3187 433 3258 licet
451 3188 618 3271 turbidus,
640 3190 837 3261 sitientibus
856 3200 1036 3262 nectareos
1056 3202 1157 3285 potus
1174 3190 1288 3264 dabat.

211 3313 333 3383 Nullus
356 3331 501 3404 usquam
524 3313 691 3406 voluptati
717 3315 837 3385 locus:
863 3317 978 3386 omnia
1004 3315 1117 3386 virtus
1142 3337 1289 3409 occupa-

168 3425 171 3430 ’
212 3445 325 3518 verat,
348 3446 383 3507 et
400 3434 518 3526 gloriae
540 3437 693 3507 studium
714 3448 750 3509 et
775 3440 918 3531 pudoris
945 3450 1070 3510 metus.
1098 3439 1289 3513 Militabant

213 3559 279 3630 sub
300 3559 434 3631 severis
455 3557 619 3643 ducibus,
641 3561 700 3652 qui
722 3562 899 3634 mollitiem
917 3585 1031 3656 neque
1052 3562 1086 3633 in
1112 3586 1151 3635 se
1177 3587 1288 3657 nequo

212 3683 247 3752 in
268 3683 335 3753 alio
354 3685 445 3752 ferre
467 3691 621 3775 possent.
643 3681 827 3754 Habebunt
847 3685 923 3756 illos
944 3708 1013 3756 nou
1039 3666 1192 3758 luxuriae
1218 3710 1288 3758 ma-

149 3832 156 3843 ·
213 3804 343 3894 gistros
365 3804 428 3876 sed
449 3805 646 3877 sobrietatis
663 3809 857 3899 exemplar,
879 3809 914 3880 in
931 3834 998 3903 qua
1012 3812 1202 3905 principem
1221 3834 1288 3883 nou

213 3929 313 4019 sequi
347 3929 513 3999 militibus
552 3928 751 4000 indecorum
790 3940 895 4002 esset.
931 3933 1010 4003 Vini
1046 3935 1286 4028 parcissimum

212 4051 336 4123 lulium
369 4053 543 4125 Caesarem
575 4054 725 4125 bostium
752 4079 891 4150 quoque
916 4060 1133 4130 confessione
1160 4060 1290 4132 didice-

111 4224 114 4229 -
155 4198 159 4204 ¹
212 4185 304 4258 rant,
339 4186 374 4247 et
405 4175 642 4257 adeo-victus
676 4177 925 4269 indifferentis,
951 4206 1016 4255 nec
1049 4185 1141 4276 gaiae
1174 4184 1289 4256 minus
