2934 4650
572 302 725 355 erusruul
747 304 831 352 xxxi.
1176 289 1234 349 alu

162 444 319 528 derium,
334 440 402 515 uisi
427 443 513 536 quia
533 453 652 528 statue
670 445 738 520 uei
754 445 917 538 {corporis
942 466 1011 515 neu
1028 443 1129 516 sinit.
1151 443 1236 516 Gra-

162 565 298 638 tissima
330 573 444 644 tamen
476 565 598 649 anime
616 566 887 651 meojestuaee
911 588 999 638 vere·
1023 565 1146 639 uubilis
1177 589 1234 640 ca·

164 690 252 764 ritas
267 697 385 760 vestra
405 687 487 759 mihi
507 689 628 781 utique
646 709 792 783 prorsus
811 672 1102 764 indebitaz'vobis
1120 697 1234 760 autem

164 809 386 902 magui-licum
420 809 503 881 uihil
528 809 738 894 indebitum,
772 810 835 883 sed
864 832 966 885 suum
992 833 1035 882 ae
1059 812 1233 906 proprium

155 945 357 1027 'naturaque
380 934 524 1006 insitum
547 932 660 1004 videri
685 932 799 1005 debet.
826 935 929 1010 lllaru
945 934 990 1013 de
1017 956 1077 1005 me
1097 955 1233 1018 euram,

163 1059 214 1135 mi
235 1057 389 1141 demine,
422 1055 569 1126 fidenter
594 1055 771 1148 deponite3
795 1057 964 1150 quouiauu
985 1077 1056 1129 uou
1080 1057 1235 1131 lleuetiis

164 1201 231 1278 peu
255 1178 384 1269 Paduae
411 1199 510 1263 sum,
543 1178 605 1250 sed
631 1179 719 1251 iuter
744 1182 848 1251 uelles
874 1182 1059 1273 Euganeos
1093 1181 1128 1251 iu
1157 1182 1233 1254 luae

52 1360 53 1363 ,
165 1300 351 1373 admodum
372 1300 564 1374 delectabili
592 1323 632 1372 ae
657 1300 803 1385 salubri:
824 1302 999 1397 adquam
1017 1315 1060 1374 et
1081 1305 1232 1376 lueoruru

165 1425 279 1518 speeie
298 1432 436 1518 captus,
455 1435 491 1494 et
510 1422 578 1494 mei
598 1445 717 1497 amore
735 1435 865 1507 tractus
882 1423 1093 1517 magnificus
1106 1423 1234 1497 Paduaa

150 1548 329 1639 eominus
347 1567 441 1642 saepe
461 1544 557 1618 veuit
578 1566 638 1638 per
657 1568 762 1639 quam
782 1549 1006 1633 familiariter,
1028 1557 1065 1618 et
1083 1548 1235 1619 morulas

61 1743 63 1747 ,
164 1652 278 1742 trahit.
299 1672 423 1745 Essem
444 1680 560 1742 tamen
581 1670 756 1762 alirpuaato
776 1671 938 1743 libentius
958 1691 1028 1764 quo
1052 1692 1109 1743 me
1134 1680 1237 1741 vocat

163 1806 283 1871 vestra
303 1793 516 1886 benignitas:
539 1791 601 1862 sed
624 1782 743 1864 venire
769 1794 833 1867 hoc
860 1815 948 1887 epus
974 1793 1031 1864 hie
1053 1793 1151 1864 labor
1170 1804 1235 1865 est.

164 1918 246 1989 Haeu
272 1918 452 1989 haetenus.
474 1914 672 1987 Transitum
695 1916 805 1993 ,felicis
833 1917 1008 1989 memoriae
1028 1906 1235 1987 venerabilis

165 2062 205 2114 ac
226 2040 375 2125 dilectae,
396 2041 475 2111 lieet
498 2040 583 2110 faeie
604 2039 789 2130 incognitae
808 2037 959 2110 dominae
983 2057 1075 2108 meae:
1095 2050 1130 2108 et
1154 2054 1236 2137 cou-

165 2164 269 2237 surtis
285 2172 432 2247 vestrae,
451 2160 652 2255 iampridem
664 2171 818 2235 maestus
835 2158 1077 2233 audieram..
1094 2159 1237 2233 Recum-

163 2285 289 2360 mendo
303 2306 358 2356 rue
373 2282 556 2376 magnifico
570 2296 700 2378 patrue
710 2286 946 2361 vestrozalter
958 2282 1121 2356 domiuus
1137 2298 1237 2352 meus

162 2384 267 2487 irater
283 2418 416 2502 uester,
431 2430 494 2502 per
514 2430 553 2479 ea
572 2429 653 2502 quae
673 2409 757 2481 mihi
774 2407 983 2502 significarit
1002 2406 1109 2480 credo
1129 2405 1234 2499 Alpes

165 2531 348 2604 transierit.
371 2532 501 2620 Valete.

303 2669 457 2742 Arrprudaer
467 2669 512 2726 die
526 2670 616 2742 prima
630 2671 809 2744 Septembris.

549 3047 730 3113 urlsloua.
747 3048 852 3113 llllllll.
914 3049 916 3055 ⁴

224 3202 225 3205 ¹
292 3209 485 3261 rnauelscus
508 3211 675 3262 PETRARGA
696 3212 792 3262 NERIO
812 3212 965 3264 Mortuuu
986 3215 1011 3264 S.
1034 3215 1061 3263 P.
1083 3215 1113 3264 D.

164 3336 307 3409 vituperat
321 3355 382 3394 eam
398 3339 534 3395 scribendi
548 3340 684 3395 rationem
703 3358 758 3412 qua
780 3358 867 3396 uuum
881 3341 981 3414 plurali
1003 3358 1122 3397 numero
1146 3355 1238 3394 receu-

252 3430 336 3485 tiores
351 3426 545 3502 'alloquuutur
561 3430 679 3484 Paulum
693 3430 955 3492 Anniheltle'seluium
979 3431 1073 3502 pusilli
1095 3429 1179 3484 animi
1196 3444 1238 3482 ac·

250 3523 327 3574 cusat
340 3520 464 3592 quedub
477 3519 527 3575 lilii
540 3524 660 3577 mortam
673 3521 924 3587 dolorecoufeetus
938 3527 966 3576 et
979 3522 1039 3594 ipse
1053 3519 1161 3583 obierit.

260 3758 378 3831 Mirari
403 3781 508 3854 augur
529 3764 564 3833 iu
585 3763 690 3835 tantis
713 3761 994 3858 aucupationibus
1020 3760 1103 3844 tuis,
1127 3759 1237 3831 iuliis

166 3883 329 3959 fluetibus
351 3905 466 3958 rerum
488 3886 720 3961 maximarum
731 3906 824 3979 ⁴quus
845 3884 896 3957 ab¹
910 3885 1073 3984 aquiluua
1091 3883 1235 3956 veniens
1271 3938 1274 3944 .
1299 3924 1300 3930 κ

165 4029 279 4083 uuvus
301 4008 417 4081 Caesar
437 4009 572 4081 invexit
586 4011 709 4096 ltaliae,
732 4022 767 4104 et
787 4026 936 4105 quorum
956 4020 996 4081 te:
1011 4008 1112 4083 valde
1131 4007 1236 4103 parti-

166 4130 274 4224 cipent
297 4144 357 4207 tua
376 4154 453 4206 sors
479 4132 574 4218 lacit,
598 4133 687 4207 haue
708 4144 836 4208 tautam
863 4134 950 4208 lueis
973 4133 1007 4204 ia
1035 4131 1138 4206 rebus
1160 4131 1236 4205 dili·
