2804 4656
205 308 263 371 ⁶258
543 324 583 370 nu
605 323 705 371 nunus
728 322 949 372 rnurnnnmus

203 465 445 559 amantibusll
470 474 568 549 tuuS,
609 474 645 535 et
686 485 894 556 magnorum
938 465 1071 555 aliquot
1109 465 1285 547 virorum,

202 607 291 678 quos
313 585 451 658 abunde
471 607 579 679 parva
600 586 657 656 illa
677 586 801 657 civitas
823 586 915 669 tulit,
935 585 1159 675 gratissimus
1178 586 1287 656 inter-

201 716 328 778 ventus
359 707 640 779 dubium'omne
672 707 829 778 dimovit.
856 706 905 776 lta
932 706 1024 776 enim
1058 705 1285 778 fluctuantem

201 831 353 904 animum
381 831 565 923 alligastis
582 829 671 900 varii
704 842 739 900 et
761 829 902 900 iucundi
928 833 1011 900 fune
1032 829 1221 912 sermonis,
1250 838 1287 898 ut

201 954 252 1024 ire
285 954 443 1046 cogitans
477 963 601 1037 staret,
635 962 672 1024 et
708 975 777 1023 non
813 953 912 1045 prius
945 951 1014 1024 labi
1047 952 1139 1024 diem
1179 973 1284 1042 quam

199 1086 336 1168 noctem
371 1069 515 1149 adesse
530 1076 771 1172 perpenderet.
800 1075 844 1144 Et
864 1076 922 1145 illo
943 1073 999 1145 die
1020 1087 1055 1146 et
1076 1096 1174 1167 saepe
1198 1075 1284 1146 alias

198 1211 366 1295 expertus
393 1221 484 1284 sum,
511 1203 606 1271 nulla
638 1221 676 1270 re
710 1199 777 1272 alia
806 1200 917 1290 magis
944 1208 1081 1291 tempus
1107 1221 1178 1271 non
1204 1221 1285 1270 sen·

199 1321 364 1392 cientibus
385 1322 484 1413 eripi,
504 1343 610 1413 quam
628 1320 810 1413 colloquiis
830 1321 1033 1391 amicorum.
1052 1323 1171 1412 Magni
1188 1325 1284 1394 fures

198 1444 365 1534 temporis
409 1454 490 1513 sunt
536 1443 655 1527 amici,
700 1442 768 1512 etsi
810 1444 943 1517 nullum
988 1453 1126 1536 tempus
1169 1445 1284 1516 minus

198 1572 369 1657 ereptum,
397 1562 511 1633 minus
538 1563 710 1656 perditum
742 1562 856 1634 videri
884 1564 1025 1648 debeat,
1056 1587 1162 1658 quam
1192 1566 1286 1659 quod

199 1697 278 1780 post
305 1689 417 1757 Deum
447 1687 567 1758 amicis
593 1684 817 1780 impenditur.
851 1688 923 1759 lllic
956 1711 1055 1780 ergo,
1082 1710 1127 1758 nc
1152 1687 1286 1760 infinita

198 1832 413 1895 recenseam,
445 1811 631 1882 meministi
656 1823 695 1882 ut
720 1813 807 1882 forte
835 1811 1013 1883 Ciceronis
1033 1812 1163 1883 mentio
1184 1811 1286 1883 nobis

197 1933 319 2005 oborta
332 1944 396 2019 est,
412 1956 493 2028 quae
510 1933 632 2007 crebra
649 1935 836 2006 admodum
855 1934 967 2006 doctis
984 1933 1184 2005 bominibus
1205 1955 1287 2005 esse

199 2060 297 2128 solet.
320 2058 379 2129 llle
401 2059 542 2130 tandem
560 2059 659 2130 vario
680 2058 853 2151 colloquio
874 2055 979 2128 finem
1000 2057 1103 2127 lecit:
1120 2057 1158 2127 in
1176 2080 1287 2128 unum

196 2181 293 2253 versi
330 2202 475 2252 omues:
512 2182 598 2251 nihil
636 2181 717 2253 inde
754 2179 851 2252 aliud
893 2200 1001 2272 quam
1038 2179 1082 2251 de
1118 2178 1287 2250 Cicerone

80 2313 86 2321 ’
199 2312 381 2374 tractatum
414 2313 478 2373 est.
511 2300 716 2396 Symbolum
746 2300 972 2383 confecimus,
1008 2310 1043 2370 et
1075 2301 1285 2392 palinodiam

200 2423 277 2509 sibi,
297 2444 361 2493 seu
382 2424 630 2517 panegyricum
649 2422 716 2494 dici
731 2426 854 2516 placet,
868 2421 1071 2497 alternando
1083 2423 1283 2494 cecinimus

199 2545 269 2617 Sed
300 2543 466 2636 quoniam
492 2543 529 2613 in
556 2541 660 2614 rebus
694 2546 893 2616 mortalium
925 2545 1010 2615 nihil
1044 2555 1179 2616 constat
1203 2567 1286 2617 esse

198 2668 405 2760 perlectum,
428 2666 616 2758 nullusque
634 2665 813 2739 bominum
835 2680 902 2752 est,
922 2671 957 2739 in
974 2689 1044 2760 quo
1059 2688 1128 2739 non
1142 2667 1282 2760 aliquid,

197 2788 292 2880 quod
317 2788 442 2859 merito
463 2789 557 2880 carpi
578 2796 692 2881 queat,
721 2790 904 2862 modestus
922 2792 1025 2862 etiam
1052 2792 1284 2885 reprehensor

200 2891 364 2996 iuveniat,
388 2910 543 3004 contigit,
566 2921 605 2982 ut
623 2912 705 2983 dum
726 2914 761 2983 in
779 2913 958 2997 Cicerone,
979 2916 1074 2985 velut
1089 2912 1125 2983 in
1142 2913 1282 2984 homine

200 3032 284 3102 mibi
310 3054 415 3126 super
441 3056 562 3105 omnes
587 3035 801 3107 amicissimo
821 3044 856 3104 et
882 3034 1142 3120 colendissimo,
1173 3055 1283 3128 prope

198 3153 313 3224 omnia
346 3156 533 3245 placerent,
569 3157 723 3250 dumque
756 3179 897 3229 auream
927 3159 1019 3227 illam
1047 3143 1281 3248 eloquentiam

198 3287 234 3350 et
270 3279 412 3348 coeleste
453 3278 631 3368 ingenium
669 3281 882 3365 admirarer,
916 3302 1052 3351 morum
1085 3280 1279 3363 levitatem,

189 3394 385 3494 ‘multisque
410 3399 494 3471 mibi
520 3400 773 3492 deprehensam
795 3402 929 3474 indiciis
950 3403 1191 3474 incestantiam
1213 3426 1282 3476 non

198 3525 388 3597 laudarem.
411 3523 475 3595 Ubi
497 3546 577 3594 cum
599 3545 721 3595 omnes
746 3528 806 3616 qui
827 3525 984 3611 aderant,
1009 3526 1073 3597 sed
1094 3535 1175 3596 ante
1195 3527 1282 3596 alios

201 3658 326 3721 senem
340 3649 447 3731 illum,
464 3646 563 3718 cuius
578 3647 663 3717 mibi
680 3667 807 3718 nomen
825 3649 964 3733 excidit,
979 3671 1048 3720 non
1063 3650 1186 3739 imago,
1202 3668 1283 3718 con·

202 3763 534 3873 te'rrailcum'tuum,
558 3769 658 3841 annis
679 3771 873 3843 verendum
893 3772 1097 3865 litterisque,
1118 3772 1283 3843 attonitos

201 3894 357 3966 viderem
385 3872 543 3965 'novitate
573 3892 777 3978 sententiae,
804 3916 862 3966 res
888 3916 1031 3988 poscere
1060 3896 1140 3966 visa
1165 3905 1284 3967 estut

202 4014 316 4085 codex
335 4016 560 4108 epistolarum
583 4037 738 4087 mearum
760 4039 808 4088 cx
828 4002 1284 4110 arculapromeretur.P1o-

204 4134 293 4204 latus
324 4136 358 4203 in
389 4137 541 4208 modium
569 4137 700 4209 addidit
724 4141 896 4212 alimenta
920 4139 1160 4211 sermonibus:
1194 4140 1285 4209 inter
