2730 4680
190 279 228 337 :³8
526 287 567 333 ns
590 287 691 334 nenos
714 286 935 334 rmrrmrmnns
1029 294 1031 296 ·

191 430 281 501 inter
314 427 471 515 nogellas
505 443 620 504 meae,
648 443 737 513 quas
767 423 934 513 epistolas
964 419 1103 514 quidam
1136 429 1273 500 vorant,

191 570 350 642 quasque
371 569 462 617 nunc
484 545 636 616 maxime
661 545 842 617 cuiusdam
871 544 1043 636 ingeniosi
1071 543 1221 613 hominis
1242 552 1277 613 et

191 673 292 743 amici
313 669 432 762 digitis
454 689 638 752 coacervo,
664 669 794 738 nullius
821 651 929 739 ferme
949 689 1053 761 quam
1077 677 1175 737 tunm
1201 688 1277 737 cre-

190 793 290 864 hrius
321 814 446 863 nomen
472 792 549 874 erit,
572 791 651 861 lieet
676 792 731 859 vel
754 802 813 860 tna
836 793 891 860 vel
913 811 990 861 mea
1011 791 1068 860 vel
1095 788 1276 860 amborum

191 938 269 989 sors
291 907 397 987 simul
413 914 648 1005 intemperans
670 925 705 982 et
724 913 857 1006 inepta,
880 935 945 984 nec
966 913 1019 983 sui
1042 922 1146 1005 potus
1172 929 1278 1004 appe-

191 1049 268 1110 tens
290 1039 522 1132 quorumdam
544 1036 830 1109 scholasticorum
848 1037 939 1119 sitis,
957 1038 1095 1120 multas,
1112 1045 1148 1106 nt
1162 1034 1275 1111 audio,

192 1174 278 1233 tuas
296 1161 377 1243 hnc,
399 1170 435 1232 et
455 1183 551 1232 meas
572 1159 653 1231 illuc
675 1168 901 1254 properantes
929 1160 1110 1235 averterit„
1128 1160 1217 1242 Vive
1243 1169 1286 1228 et·

191 1286 278 1356 vale.
1007 1269 1012 1279 ’

334 1428 494 1497 Mediolani,
507 1428 556 1482 ΙΙΙ.
566 1429 632 1483 Idus
647 1428 751 1500 Aprilis
766 1445 894 1499 propera.

601 1944 778 2010 EPISTOLA
801 1946 868 2008 Vlll.

266 2105 459 2155 Frrhltclscns
482 2104 651 2152 PETllllllCA
675 2104 812 2152 nonplro
834 2104 875 2151 DE
897 2103 1045 2152 COLUMNA
1069 2106 1094 2153 S.
1118 2107 1144 2151 Ι).
1169 2108 1198 2152 D.

405 2261 488 2331 AEgre
512 2260 565 2314 sert
589 2260 710 2313 incusari
733 2275 762 2312 se
788 2260 822 2314 ob
846 2265 939 2329 partas
962 2260 1069 2317 divitias

437 2350 589 2404 amicorum
600 2348 735 2402 oblivione
745 2354 856 2418 captum
867 2347 1043 2402 insolescere.

290 2655 456 2748 Epistolae
481 2653 686 2747 principium
715 2666 783 2724 tuae
810 2658 912 2726 laetus
938 2658 1021 2746 legi,
1046 2677 1273 2748 progressum

193 2786 351 2858 moestae,
367 2777 501 2846 exitum
515 2776 682 2862 incertae,
706 2788 852 2871 stupens
869 2777 985 2850 omnia
1003 2800 1114 2873 usque
1132 2780 1220 2851 adeo
1239 2793 1276 2850 ut

192 2922 280 2992 pene
299 2900 333 2969 in
356 2900 500 2970 somniis
526 2922 581 2970 me
607 2900 737 2992 legisse
763 2901 956 2984 crederem;
988 2913 1055 2973 tam
1086 2902 1180 2973 varie
1206 2901 1275 2971 hnc

192 3024 273 3093 illuc
300 3020 451 3093 hiantem
478 3022 556 3094 stilo
583 3024 735 3094 animum
762 3024 877 3115 egisti,
907 3037 944 3096 ut
969 3047 1034 3096 nec
1059 3026 1143 3117 qnid
1169 3026 1273 3095 animi

193 3145 355 3217 scribenti
380 3144 437 3216 tibi
461 3159 572 3230 esset,
601 3170 666 3218 nec
690 3143 795 3239 quam
829 3149 863 3217 in
897 3163 1029 3240 partem
1064 3169 1274 3240 suspensum

192 3271 353 3340 lectorem
376 3267 600 3361 deposituros
622 3292 736 3354 essee,
758 3270 848 3342 inter
873 3270 1060 3360 legendnm
1082 3271 1293 3363 praesagire.

192 3413 344 3486 possem.
366 3392 457 3476 Quid
478 3395 533 3464 vis
554 3394 690 3465 dicam‘l
714 3392 874 3465 Nondum
897 3393 980 3462 mihi
1005 3393 1127 3464 videor
1146 3413 1275 3486 exper-

160 3549 161 3552 ¹
193 3524 309 3587 rectus
335 3528 370 3588 et
395 3515 509 3587 adhue
535 3515 681 3599 somnio,
716 3538 781 3587 nec
812 3539 916 3609 quem
952 3537 1095 3588 sensnm
1131 3516 1201 3587 tuis
1227 3526 1274 3587 exl

192 3636 293 3710 dietis
320 3638 451 3711 eliciam
480 3640 566 3709 scio:
590 3639 639 3710 sie
660 3660 778 3709 amara
798 3637 973 3725 dulcibus
997 3641 1075 3712 laeta
1097 3639 1272 3723 tristibus

192 3759 350 3832 obscuris
379 3765 484 3843 clara,
516 3761 631 3833 dubiis
661 3769 758 3831 certa
786 3764 989 3852 permisces,
1025 3776 1063 3835 ut
1097 3765 1139 3833 sel
1173 3763 1274 3832 melle

193 3887 376 3955 confusum
404 3885 564 3956 hausisse
584 3906 640 3954 me
661 3884 834 3978 suspicer,
857 3895 917 3957 aut
935 3896 1056 3960 nectar
1081 3885 1272 3965 absinthio,

193 4015 253 4074 ant
281 4005 403 4098 siqua
430 4029 577 4100 usquam
604 4028 720 4078 rernm
749 4007 872 4078 similis
897 4012 1068 4095 mixtura,
1101 4032 1182 4102 quae
1209 4033 1272 4101 gu-

194 4141 284 4201 stum
312 4132 444 4221 linquat
477 4130 689 4222 ambignum.
724 4131 791 4202 Sed
812 4131 877 4204 iam
900 4132 1124 4225 pharmacum
1152 4135 1273 4205 huius-
