2992 4664
565 610 750 686 EPISTULA¹
763 610 859 673 XVIII.
920 705 927 719 1

410 770 609 836 rnnuurscus'
625 781 795 832 rernnncn
817 782 859 830 nn
881 781 1029 831 ronurus.

247 927 326 982 Dolet
340 930 460 981 mortem
475 922 561 994 patrie
577 936 691 988 eorum,
708 924 736 974 et
751 919 785 974 ab
799 921 860 975 eius
875 920 1015 991 epitaphio
1031 934 1060 975 se
1077 926 1189 974 excusat

506 1011 542 1067 oh
557 1010 660 1066 malam
675 1008 718 1062 sui
733 1008 931 1093 valetudInem.

277 1290 507 1362 Excellentizte
528 1288 658 1362 vestrae
678 1290 821 1372 litterae,
846 1287 1020 1380 magnifici
1040 1299 1075 1358 et
1091 1286 1263 1360 carissimi

178 1413 307 1487 domini
330 1414 410 1492 mei.
440 1435 507 1484 non
526 1412 603 1484 sine
624 1411 775 1504 suspirio
796 1411 874 1504 legi.
890 1397 1061 1495 Quamvis
1081 1410 1173 1482 enim
1193 1411 1265 1503 pri-

179 1538 259 1610 dem
280 1537 383 1607 famae
405 1515 605 1607 testimonio
631 1535 832 1607 didicissem
853 1536 1036 1606 transitum
1059 1535 1163 1605 clarae
1193 1553 1266 1601 me-

180 1657 448 1730 moriaedomini
483 1658 610 1752 patris,
644 1659 745 1728 aliter
778 1666 896 1728 tamen
928 1679 975 1728 ex
1005 1678 1065 1728 ore
1091 1664 1264 1726 tantorum

170 1781 332 1853 *filiorum
354 1780 438 1851 tanti
456 1780 564 1872 patris
587 1789 689 1851 sonat
714 1779 854 1864 obitus,
882 1801 988 1872 quam
1016 1779 1266 1869 cuiuscumque

179 1902 323 1973 alterius
340 1920 402 1973 ore
424 1902 591 1972 sonuerit.
606 1902 681 1981 Est,
701 1902 820 1984 fateor,
844 1923 953 1992 grave
966 1901 1132 1971 damnum
1155 1898 1264 1993 quod·
1356 1919 1358 1922 ·

181 2046 251 2115 que
267 2045 335 2097 non
354 2023 418 2094 soli
439 2045 505 2095 vus
524 2033 560 2094 et
581 2024 681 2094 amici
699 2023 823 2106 vestri,
849 2024 912 2094 sed
933 2022 1045 2093 omnis
1065 2022 1164 2093 {talin
1180 2043 1267 2114 que-

183 2154 279 2216 ratur
312 2155 348 2216 et
380 2148 519 2236 lugeat,
554 2145 621 2214 nisi
654 2144 747 2237 quod
782 2146 934 2217 conditio
963 2157 1083 2217 nostra
1113 2145 1268 2216 mortalis

181 2290 321 2339 omnem
342 2271 474 2339 luctum
500 2265 605 2339 debet
630 2279 667 2339 et
696 2242 810 2361 potest
835 2268 965 2340 efficaci
994 2268 1127 2341 ratinne
1152 2269 1271 2362 oppri-

183 2401 303 2470 mere3
328 2389 411 2461 dum
434 2391 587 2462 occurrit
611 2390 648 2461 id
677 2389 742 2461 sibi
769 2391 951 2473 accidisse,
982 2401 1020 2460 ut
1045 2391 1093 2462 ait
1119 2392 1266 2470 Seneca,

183 2511 277 2602 quod
294 2532 416 2582 omnes
434 2525 515 2583 ante
537 2533 574 2583 sc
593 2513 705 2606 passi,
729 2534 920 2604 omnesque
943 2513 1097 2605 passuri,
1125 2523 1160 2582 et
1182 2531 1270 2602 prae·

186 2635 304 2707 sertim
326 2635 385 2707 uhi
406 2647 461 2708 est
494 2637 644 2709 iucunda
672 2639 866 2710 recordatio
893 2638 1058 2728 gloriosae
1088 2637 1170 2708 vitae
1197 2638 1269 2707 ieli-

182 2759 303 2849 ciSque
316 2760 451 2843 exitus,
471 2781 541 2851 qua
556 2781 594 2830 se
613 2761 820 2852 superstites
833 2761 1065 2829 consolentur.
1077 2760 1164 2841 Quae
1182 2761 1211 2829 si
1225 2760 1269 2831 de

186 2882 254 2950 uIIo
271 2891 401 2948 nostrae
423 2881 538 2951 aetatis
559 2881 653 2951 clara
672 2879 744 2960 suit,
767 2878 811 2948 de
830 2888 953 2949 vestro
974 2881 1093 2970 utique
1114 2882 1271 2971 genitore

184 3001 375 3072 clarissima
392 3008 457 3071 est.
478 3001 552 3091 Ego
570 3023 660 3071 unns
687 3023 734 3071 ex
756 2998 874 3070 multis
893 3000 978 3071 tanti
996 3003 1174 3096 particeps
1192 3021 1268 3073 sum

184 3123 325 3195 doloris.
344 3123 442 3195 Licet
460 3123 553 3194 euim
576 3124 660 3195 facie
678 3124 886 3214 incognitus
911 3126 1095 3217 sperabam
1115 3125 1181 3226 sibi
1202 3147 1270 3197 non

187 3245 266 3316 viIis
286 3264 380 3330 esse,
400 3266 505 3338 quem
537 3245 670 3342 talibus
688 3242 768 3315 filiis
790 3267 908 3317 carum
931 3247 1047 3319 sciret.
1074 3251 1119 3320 Et
1144 3226 1272 3318 idcirco

188 3368 215 3437 si
235 3365 321 3459 quid
342 3388 481 3459 possem
500 3367 544 3439 ad
567 3370 743 3439 cumulum
767 3369 888 3460 grona
910 3388 986 3438 suae
1008 3367 1167 3440 stabiIIus
1184 3384 1272 3459 quo·

187 3510 257 3582 que
275 3488 491 3582 solidiusque
519 3511 630 3583 quam
655 3511 822 3572 marmor,
850 3512 934 3561 vere
959 3491 1090 3563 domiui
1111 3491 1187 3571 mei,
1216 3511 1272 3560 ro-

189 3611 326 3702 gandus
345 3633 412 3683 nun
427 3632 561 3683 essem:
584 3615 675 3684 ultro
692 3611 783 3682 enim
806 3634 863 3682 me
885 3632 954 3682 non
978 3611 1172 3703 expectatis
1193 3633 1271 3703 pre-

188 3733 290 3805 cibus
311 3733 529 3806 obtulissem.
551 3735 625 3806 Etsi
640 3736 732 3805 enim
745 3734 1050 3827 occupatissimus
1067 3744 1103 3804 et
1118 3754 1139 3802 a
1152 3733 1271 3804 taIium

189 3855 322 3928 dudum
342 3856 621 3929 consideratione
648 3857 835 3929 distractus
858 3858 1082 3950 intentusque
1102 3857 1192 3941 aliis,
1220 3866 1273 3927 ta·

190 4001 270 4051 meu
291 3989 327 4051 et
346 3981 591 4074 occupatIones
608 4001 732 4051 omnes
754 3981 970 4066 reiecissem,
991 3991 1096 4074 atque
1115 3979 1194 4052 huic
1212 3981 1271 4051 uui

189 4101 313 4174 cedere
335 4103 543 4195 coegissem,
566 4113 601 4175 et
622 4103 666 4176 ad
687 4102 872 4177 desuetum
892 4104 958 4177 iter
978 4096 1137 4187 iniectus,
1162 4114 1198 4174 ut
1220 4103 1270 4173 sin
