2934 4650
179 285 238 347 tot
630 300 792 349 maranum

181 441 286 514 boios
310 445 440 515 sociam
463 443 634 513 unamad
654 441 842 514 lobannem
868 453 1024 514 nostrum
1050 445 1161 515 iacies
1191 467 1275 538 per-

181 567 322 638 venire:
345 567 487 641 atteram
519 566 564 636 ad
596 554 775 636 Ni'colaum
801 563 846 635 de
867 563 1012 647 Alexim
1034 577 1069 637 et
1090 574 1129 637 ut
1156 565 1275 636 labori

61 691 63 696 ’
140 761 144 767 ,
182 712 258 761 meo
280 711 418 782 paream
434 688 500 775 dio,
514 709 648 781 quaeso,
662 690 796 759 Donato
810 707 887 758 meo
908 687 953 758 de
974 686 1149 760 Florentia
1172 688 1275 781 quod

181 814 332 884 Fortuna
352 833 418 884 non
439 833 519 882 eurn
539 809 642 882 modo
660 808 894 904 persequitur,
912 810 975 881 sed
988 829 1109 880 omnes
1123 831 1280 902 quoque

181 935 225 1007 de
245 935 374 1028 quibus
392 922 523 1027 aliquid
541 944 668 1026 sperat.
689 930 924 1002 Canoellarius
941 931 1041 1023 quasi
1061 953 1204 1024 semper
1222 953 1274 1003 ex

182 1079 252 1151 quo
273 1058 341 1130 huo
361 1057 449 1128 redii
468 1079 564 1149 aeger
584 1055 698 1138 iacuit,
723 1053 869 1124 necdum
900 1054 1083 1143 grabatulo
1116 1074 1155 1124 sa
1196 1076 1273 1126 mo-

182 1191 251 1252 vet.
286 1176 462 1251 Modicum
497 1177 574 1249 licet
607 1196 749 1270 sperare
775 1174 857 1268 quia
883 1173 988 1244 audio
1010 1173 1173 1245 duritiem
1196 1175 1274 1245 itto-

182 1325 283 1374 rum:
305 1311 340 1373 et
359 1312 526 1372 caeterum
548 1300 672 1370 doleo:
694 1300 773 1391 ptus
795 1316 863 1366 non
893 1317 1047 1390 possum.
1073 1296 1172 1366 Vale.
1202 1297 1274 1366 Ve-

181 1423 293 1508 netiis,
312 1424 390 1492 Xlll
411 1419 538 1494 Martii:
563 1422 614 1518 F.⁴
634 1431 726 1493 tuus.
746 1420 781 1489 Si
799 1421 984 1492 Muranum
1005 1419 1089 1507 iero,
1108 1439 1272 1513 quaeram

183 1567 289 1638 quem
310 1543 420 1617 iubes.

687 1703 764 1711 ῳ...-

602 1899 779 1967 natstotn
799 1900 856 1965 XL.

186 2121 187 2124 ,
214 2073 409 2130 Fannctsctts
430 2072 599 2124 Parauaea
619 2070 757 2121 NICOLAO
778 2072 951 2120 tauanurtt
972 2071 1055 2121 TRIB.
1078 2073 1150 2122 POP.
1172 2074 1254 2124 ΗΘΜ.

661 2170 687 2218 8.
709 2170 737 2219 P.
759 2170 789 2218 D.

265 2372 266 2375 Ἴ
362 2312 511 2384 Allegorioi
525 2311 626 2366 somnii
639 2310 797 2366 narratione
811 2328 908 2367 cavere
925 2329 990 2369 eum
1006 2311 1083 2373 iubet

572 2400 747 2455 inimicorum
761 2401 885 2456 insidias.

283 2641 358 2713 Non
383 2643 482 2712 taoile
512 2641 579 2714 dici
612 2650 743 2734 potest,
770 2641 897 2736 optime
925 2644 992 2725 vir,
1015 2642 1060 2715 de
1080 2642 1272 2715 eventibus

184 2772 377 2859 ereptorum
396 2770 535 2834 tuorum
553 2783 659 2853 quam
689 2762 857 2835 sollicitus
875 2785 1052 2856 quamque
1070 2784 1270 2858 suspensus

186 2886 262 2956 sim.
281 2885 340 2958 stc
364 2907 420 2956 me
446 2886 537 2955 Deus
562 2885 698 2978 diligat,
736 2895 773 2957 ut
805 2887 1063 2979 quodammodo
1090 2886 1269 2981 particeps

185 3007 268 3078 mibi
281 3008 410 3079 vvideor
430 3017 465 3078 et
485 3007 627 3101 periouti
647 3019 682 3080 et
703 3009 830 3081 laboris
856 3020 892 3080 et
917 3010 1048 3100 gloriae.
1070 3009 1121 3105 Et
1139 3032 1269 3082 revera

183 3153 247 3222 neo
284 3132 364 3202 volo
400 3112 637 3216 dissimulare,
673 3155 738 3203 neo
771 3153 913 3226 possum
944 3138 982 3202 ut
1013 3133 1269 3204 contumaciter

183 3252 301 3326 verbis
319 3251 583 3353 disoeptantium
598 3254 762 3326 derebus
781 3254 850 3325 tuis
867 3252 1029 3348 quotiens
1042 3254 1195 3325 Fortuna
1208 3276 1267 3326 me

183 3386 394 3470 praesentem
416 3375 506 3461 feeit,
530 3388 608 3448 tuas
635 3375 850 3468 susceperim
871 3387 999 3470 partes.
1019 3375 1107 3448 Nota
1123 3355 1262 3468 loquor,

183 3501 329 3595 etmihi
354 3503 504 3595 populus
530 3500 649 3584 testis,
675 3509 805 3590 quanto
835 3519 975 3590 semper
1006 3502 1125 3571 favore
1155 3498 1265 3568 animi

182 3636 383 3719 quantoque
410 3621 525 3696 studio
550 3621 724 3692 adversus
751 3620 966 3716 oblatrantes
992 3623 1037 3699 de
1063 3621 1263 3694 tribunatus

183 3745 232 3818 toi
245 3745 379 3839 iustitia
399 3753 435 3816 et
455 3743 500 3815 de
515 3742 705 3824 intentione
722 3724 973 3815 et‘binoeritate
990 3743 1095 3815 animi
1117 3743 1165 3814 tui
1188 3740 1264 3814 dis-

119 3938 131 3965 e
183 3868 292 3955 serui,
307 3889 371 3940 neo
388 3875 556 3938 retronea
573 3872 654 3936 ante
668 3866 859 3970 respiciens
874 3889 962 3966 ,neo
972 3868 1156 3939 attendens
1170 3887 1261 3959 quos

182 4011 343 4079 sermone
372 4010 565 4083 pungerem
593 4010 683 4081 quos
711 3973 888 4098 mutopem.
913 3991 1038 4063 Multos
1063 3991 1147 4062 mihi
1168 4012 1261 4084 quos

181 4113 444 4201 eonciliaveram
476 4111 654 4196 convictu,
683 4111 802 4184 verbis
829 4109 993 4199 alienavi,⁴
1022 4136 1086 4187 neo
1114 4114 1259 4185 miratos
