2934 4650
628 315 787 364 VARIARUM

571 602 747 667 EPISTULA
768 603 850 666 XXV.

248 770 440 821 FRANCISCUS
460 770 629 820 Purnancu
649 771 780 819 ionunru
802 772 843 820 DE
865 771 1030 823 CER'I'ALDO
1053 773 1078 822 S.
1101 775 1129 823 Ρ.
1153 775 1183 823 Ι).

178 928 233 985 Cur
246 930 393 996 Mediolani
410 930 573 985 constiterit.
592 930 632 984 De
646 931 759 984 vulnere
774 931 848 1002 quod
866 932 951 986 codex
967 930 1104 987 Ciceronis
1122 932 1258 988 insnum

265 1034 328 1072 crus
352 1018 453 1072 cadens
475 1017 614 1072 intulerat.
633 1016 673 1070 De
691 1016 856 1088 quibusdam
879 1019 986 1087 magnis
1008 1018 1072 1073 viris
1097 1019 1140 1074 sui
1165 1021 1258 1089 gratia

263 1107 419 1162 honorabili
444 1107 563 1178 exceptis
587 1105 714 1177 hospitio.
739 1106 778 1161 De
800 1106 915 1162 Homeri
937 1108 1072 1180 poematis
1093 1124 1109 1162 a
1133 1108 1256 1165 Leontio

265 1196 349 1250 latine
364 1195 521 1259 reddendis.

274 1431 464 1502 iucundum
496 1434 679 1524 negocium
712 1441 781 1504 tuae
805 1432 896 1519 mihi
922 1453 1072 1527 ¹semper
1105 1432 1254 1503 afferunt
1365 1429 1367 1435 ’

177 1555 357 1647 epistolae:
385 1553 545 1625 sedtum
573 1556 725 1625 maxime
756 1554 838 1626 dum
873 1555 983 1627 solatii
1018 1575 1126 1646 egeus
1154 1575 1250 1638 sum,

177 1697 257 1769 quae
279 1676 361 1746 mihi
382 1687 521 1768 egestas
542 1679 631 1748 inter
657 1679 740 1748 >vitae
767 1678 867 1750 taedia
900 1681 1063 1770 frequens
1087 1687 1151 1751 est.
1173 1677 1250 1746 Non

177 1821 322 1892 possum
344 1822 429 1870 saue
449 1800 657 1893 praetervehi
682 1800 830 1893 primurn
855 1800 940 1871 illud
965 1797 1165 1890 ambiguum
1191 1796 1252 1868 ubi

178 1923 250 2006 ais:
273 1921 395 1994 videre
415 1932 450 1995 te
471 1922 555 1993 satis
573 1945 593 1992 e
615 1944 920 2015 successurorum
941 1943 1096 1993 mearum
1117 1920 1252 1996 Medio·

177 2047 355 2116 lanensem
384 2068 440 2117 me
465 2057 669 2139 perpetuum
697 2046 791 2130 sore3
824 2044 869 2116 de
892 2066 961 2137 quo
992 2044 1088 2137 quod
1121 2047 1251 2116 sentias

178 2166 274 2251 sileS,
297 2168 424 2238 silentii
442 2189 547 2240 causa
568 2190 754 2261 expressa,
774 2189 854 2262 quae
869 2169 946 2263 ipsa
961 2180 1055 2239 certe
1074 2188 1140 2237 non
1159 2169 1249 2252 silet,

177 2292 271 2383 quod
291 2293 454 2363 videlieet
474 2293 507 2361 iu
527 2293 732 2364 senientiam
759 2314 868 2363 meam
892 2292 940 2360 nil
965 2290 1096 2361 audeas
1122 2290 1249 2362 dicere.

178 2416 229 2484 lta
244 2414 325 2485 duru
341 2413 425 2482 nihil
438 2414 535 2495 dicis,
555 2415 653 2504 plura
673 2414 769 2496 dicis
792 2435 896 2504 quam
915 2414 944 2483 si
962 2415 1067 2483 multa
1085 2411 1249 2484 dixisses.

178 2537 277 2628 Saepe
304 2533 420 2604 hercle
453 2534 628 2605 silentium
660 2535 858 2607 artificiosae
888 2533 1095 2627 eloquentiae
1124 2555 1251 2624 magua

177 2677 259 2750 pars
285 2667 348 2755 est.
382 2654 491 2726 Video
523 2676 590 2746 ego
616 2657 650 2727 iu
673 2657 728 2727 his
757 2657 874 2728 verbis
901 2671 970 2729 tarn
995 2658 1115 2750 paucis
1138 2656 1251 2726 rnulti-

177 2778 299 2873 plioem
336 2790 371 2850 ei
408 2779 583 2870 ingentem
626 2779 877 2850 solicitudinem
912 2802 952 2851 ao
986 2777 1250 2872 praevidentiam

179 2910 287 2986 tuam,
302 2925 364 2974 nec
384 2911 475 2974 tuam
495 2901 598 2973 modo
617 2902 679 2973 sed
695 2904 891 2973 muliorum.
906 2901 1017 2971 Amici
1033 2900 1123 2970 enirn
1141 2902 1249 2971 ferme

176 3045 310 3109 omueS,
336 3026 390 3095 his
415 3025 570 3120 exceptis
597 3025 656 3118 qui
682 3023 738 3094 hic
765 3034 859 3110 suut,
886 3025 1015 3117 quique
1042 3021 1108 3093 mei
1134 3021 1248 3093 abitus

108 3180 109 3183 ¹
178 3149 382 3218 mentionem
414 3171 477 3219 ceu
506 3148 692 3219 infaustum
726 3146 855 3240 aliquid
886 3148 1086 3226 exhorrent,
1105 3165 1247 3243 omneS,

174 3272 332 3363 iuquam,
352 3271 432 3340 alibi
449 3292 503 3340 rue
524 3282 690 3341 terrarum
710 3272 859 3350 mallent.
875 3270 912 3337 ln
927 3269 992 3338 hoc
1008 3267 1100 3338 enirn
1118 3265 1250 3358 absque

179 3396 247 3464 ulla
267 3413 409 3486 prorsus
429 3391 647 3462 haesitatione
666 3391 887 3462 conveniunt.
909 3390 978 3462 Sed
1000 3388 1163 3460 ubinam?
1188 3389 1251 3460 Hic

177 3515 350 3588 discordia
370 3518 478 3586 multa
498 3525 562 3586 est.
584 3515 668 3584 Pars
689 3514 882 3600 Patavium,
907 3534 986 3606 pars
1009 3524 1104 3582 trans
1128 3510 1248 3605 Alpes,

177 3663 257 3733 pars
277 3643 312 3710 in
336 3640 481 3733 patriam
502 3649 612 3710 vocat.
635 3639 696 3708 Hae
716 3637 918 3709 iustissimae
938 3657 1042 3707 voces
1064 3643 1191 3717 essent,
1214 3633 1251 3702 ni

178 3761 412 3833 difficultatem
430 3760 694 3853 impossibilitati
717 3762 909 3853 proximam
931 3782 989 3831 res
1010 3758 1164 3829 haberet.
1182 3754 1251 3828 Alii

179 3897 295 3957 autem
315 3887 405 3957 alio:
429 3908 490 3978 pro
509 3884 681 3956 desiderio
709 3905 772 3956 suo
797 3886 945 3977 quisque
966 3882 1049 3954 mihi
1071 3877 1252 3976 praestabit

178 4009 270 4081 hunc
297 4012 354 4081 vel
384 4009 478 4080 illurn
506 4006 682 4078 habitandi
706 4009 828 4087 locum.
852 4007 889 4076 ln
910 4028 978 4099 quo
997 4027 1062 4097 ego
1084 4025 1152 4075 non
1178 4011 1250 4071 tam

180 4133 382 4204 iudiciorum
403 4132 669 4215 dissonantiam,
691 4152 795 4222 quarn
821 4128 949 4200 amoris
976 4139 1011 4199 et
1037 4127 1171 4219 piorum
1200 4127 1250 4197 as-
