2934 4650
554 311 708 360 nnrsronn
729 311 824 359 xxxu.
1171 289 1229 352 385

158 462 194 523 ot
216 451 429 526 crudelitatis
453 465 489 524 et
513 455 707 555 insolentiae
732 453 898 548 supplicia
922 449 1156 540 debebantur,
1184 446 1229 520 de

159 588 192 647 tc
209 597 349 670 quoquc
366 576 496 669 duplex
513 576 679 668 gaudium
699 587 733 648 et
753 575 923 668 geminam
942 577 1031 656 ultro
1048 571 1229 645 victoriam

158 700 400 771 concessisse?
423 698 492 772 oh!
516 701 671 771 mortalia
692 709 830 794 pectora
850 698 886 767 in
902 697 1069 770 extremis
1091 717 1228 789 semper

159 845 255 895 coeca
273 821 431 896 casibus!
451 822 579 894 Audita
599 822 747 914 primum
770 832 881 894 morte
898 822 958 892 lilii
975 828 1229 915 conspectoque

159 946 346 1029 cadavere,
367 942 461 1037 quod
485 941 710 1015 humanitatis
735 943 916 1015 immemor
942 942 1077 1014 hostilis
1100 941 1152 1011 ira
1176 937 1229 1010 di-

158 1076 364 1162 scerpserat,
378 1089 456 1138 cum
472 1078 507 1138 et
518 1068 615 1148 ferro
625 1088 750 1161 posses
770 1068 902 1152 ulcisci,
918 1075 954 1137 et
970 1066 1075 1136 animi
1092 1062 1228 1135 viribus

105 1211 110 1221 “
158 1215 301 1285 gravem
323 1194 414 1262 serre
439 1193 623 1274 fortunam,
651 1193 720 1261 sato
748 1188 974 1261 succumbere
1004 1187 1166 1269 maluisti,
1193 1195 1229 1258 et

160 1324 192 1385 te
211 1312 411 1401 exitialibus
433 1322 536 1406 atque
557 1314 741 1385 mortiferis
762 1315 854 1385 ultus
875 1333 914 1385 es
935 1313 1108 1384 lacrimis:
1131 1332 1228 1381 cum-

156 1461 225 1531 que
245 1436 400 1509 virorum
423 1437 594 1528 exemplis
620 1436 813 1522 illustrium,
837 1456 916 1529 quae
938 1435 1044 1529 probe
1066 1453 1224 1516 noveras

156 1559 370 1633 revocareris
392 1559 562 1631 advitam
582 1570 617 1631 et
637 1560 681 1632 ad
703 1582 813 1653 spem,
835 1559 1051 1651 desperatam
1073 1558 1108 1627 in
1134 1577 1227 1627 mor-

156 1692 224 1754 tem
246 1684 364 1756 nescio
385 1705 453 1776 qna
472 1683 568 1754 ferali
595 1682 778 1754 dulcedine
799 1693 919 1776 raptus
945 1701 994 1753 es.
1022 1681 1143 1753 Nonne
1157 1703 1227 1752 ‘au-

156 1813 235 1888 tem,
257 1825 387 1897 quaeso,
410 1807 522 1875 luctus
543 1804 808 1876 inconsolabiles
829 1804 966 1898 paranti
983 1803 1044 1889 tibi
1065 1823 1227 1875 occurre-

155 1927 215 2001 bat
225 1927 463 2021 Anaxagoras
480 1931 541 2022 qui
554 1927 614 1999 filii
627 1939 773 2000 mortem
787 1928 980 2013 nuncianti,
996 1930 1087 2012 cibit,
1103 1926 1224 2019 inquit,

156 2053 331 2146 inopinam
347 2074 486 2130 aornos:
507 2072 581 2122 cam
604 2054 692 2122 caim
718 2054 792 2145 ipsa
813 2055 961 2123 mortalis
988 2053 1060 2137 sim,
1087 2051 1227 2120 sciebam

154 2198 200 2245 em
219 2196 270 2246 me
286 2176 432 2267 pertitam
450 2195 516 2245 csse
532 2175 729 2245 mortalem?
748 2175 869 2246 Nonne
885 2174 1079 2266 Xenophon
1099 2172 1134 2240 in
1152 2170 1226 2242 ani-

154 2322 249 2370 mum
270 2297 380 2382 venit,
403 2296 459 2368 cui
480 2319 559 2368 cnm
580 2295 784 2370 sacrificanti
805 2297 1029 2391 primogeniti
1051 2316 1145 2367 mors
1165 2291 1226 2365 lilii

153 2423 314 2495 nunciata
340 2429 447 2506 esset,
476 2442 588 2513 neque
612 2433 763 2525 coeptum
791 2420 999 2493 sacrificium
1024 2419 1223 2501 intermisit,

152 2567 266 2638 neque
296 2544 478 2617 succubuit
511 2545 673 2628 fortunae,
709 2545 772 2618 sed
801 2566 945 2639 corpore
974 2551 1080 2637 'atque
1111 2541 1226 2645 animo

153 2668 281 2740 mansit
306 2667 504 2753 immobilis
531 2689 658 2740 corona
682 2667 865 2759 dumtaxat
890 2690 995 2761 quam
1028 2666 1131 2761 capiti
1164 2648 1226 2758 ge-

154 2790 270 2863 stabat
289 2788 460 2882 deposita,
482 2813 526 2862 ne
546 2800 680 2863 tantum
700 2793 830 2861 vulnus
850 2811 924 2860 >non
953 2790 1108 2865 sensisse
1128 2787 1228 2859 vide·

154 2923 263 2986 retur:
285 2933 437 3003 moxque
462 2935 540 2984 cum
566 2913 694 3004 gaudio
720 2913 886 3006 reposita,
914 2908 974 2981 ubi
1000 2911 1133 3003 accepit
1158 2912 1226 2982 sor-

97 3071 100 3075 „
155 3032 234 3104 titer
254 3031 474 3105 dimicantem
493 3031 601 3104 filium
619 3032 839 3115 occubuisse,
860 3035 951 3107 Deos
969 3045 1076 3123 testes
1096 3033 1225 3106 faciens

154 3157 233 3249 plus
254 3177 293 3226 se
314 3155 444 3233 virtute
471 3153 531 3225 filii
563 3155 743 3240 delectari,
772 3178 881 3249 quam⁴
907 3169 1017 3229 morte
1048 3159 1226 3259 torqueri?

153 3278 274 3350 Nonne
297 3279 389 3349 unici
414 3276 651 3380 filiibdolorem
679 3278 899 3352 immodicum
926 3282 1099 3374 castigare
1124 3283 1225 3372 visus

153 3415 208 3475 est
222 3405 387 3490 PericleS,
405 3404 465 3497 qui
486 3402 623 3475 duobus
642 3404 744 3475 simul
765 3404 953 3493 rarissimae
974 3405 1099 3476 indolis
1121 3404 1226 3475 amis—

154 3527 203 3598 sis
230 3523 323 3612 filiis,
345 3548 458 3620 neque
486 3549 647 3599 coronam
669 3528 845 3624 deposuit,
868 3526 1225 3621 nequeconeionibus

152 3647 334 3747 abstinuit,
362 3671 475 3743 neque
502 3653 607 3722 ullum
635 3652 771 3744 penitus
796 3662 855 3722 ant
880 3651 916 3720 in
936 3648 1072 3733 verbis,
1104 3649 1224 3720 autin

152 3772 252 3845 vultu
273 3774 394 3844 mutati
416 3773 520 3845 animi
547 3774 687 3866 signum
705 3772 823 3847 dedit‘.l
842 3775 885 3845 llt
906 3774 935 3844 si
960 3775 1148 3868 longinqua
1170 3795 1224 3845 re-

149 3899 287 3991 spicere
308 3916 407 3968 mens
430 3896 611 3970 lacrimosa
630 3921 699 3971 non
721 3910 864 3992 poterat,
888 3920 1000 3970 nonne
1022 3897 1090 3986 sub
1114 3898 1222 3969 oculis

152 4029 252 4092 erant
274 4042 428 4105 romanae
446 4022 585 4094 virtutis
602 4026 763 4117 exempla
784 4021 986 4094 rarissima?
1002 4023 1122 4095 Nonne
1142 4024 1224 4096 ade-

155 4155 205 4214 rat
228 4146 365 4219 Marcus
391 4146 474 4218 Cato
500 4167 621 4231 senex
637 4147 692 4218 ille
718 4145 988 4232 famosissimus,
1017 4148 1116 4219 cuius
1145 4171 1223 4220 cum

277 4270 312 4315 ttr.
1038 4267 1068 4317 ⁴23
