<?xml version="1.0" encoding="UTF-8"?>
<!DOCTYPE html PUBLIC "-//W3C//DTD XHTML 1.0 Transitional//EN"
    "http://www.w3.org/TR/xhtml1/DTD/xhtml1-transitional.dtd">
<html xmlns="http://www.w3.org/1999/xhtml" xml:lang="en" lang="en">
 <head>
  <title>
</title>
<meta http-equiv="Content-Type" content="text/html;charset=utf-8" />
  <meta name='ocr-system' content='tesseract 3.04.00' />
  <meta name='ocr-capabilities' content='ocr_page ocr_carea ocr_par ocr_line ocrx_word'/>
</head>
<body>
  <div class='ocr_page' id='page_1' title='image "./franciscipetrar00fracgoog_0307.png"; bbox 0 0 2992 4664; ppageno 0'>
   <div class='ocr_carea' id='block_1_1' title="bbox 216 285 964 349">
    <p class='ocr_par' dir='ltr' id='par_1_1' title="bbox 216 285 964 349">
     <span class='ocr_line' id='line_1_1' title="bbox 216 285 964 349; baseline 0.003 -3"><span class='ocrx_word' id='word_1_1' title='bbox 216 285 274 348; x_wconf 67' lang='lat'><strong>290</strong></span> <span class='ocrx_word' id='word_1_2' title='bbox 560 304 599 349; x_wconf 84' lang='lat' dir='ltr'><strong>ns</strong></span> <span class='ocrx_word' id='word_1_3' title='bbox 623 301 721 349; x_wconf 81' lang='lat' dir='ltr'><strong>ussus</strong></span> <span class='ocrx_word' id='word_1_4' title='bbox 743 301 964 349; x_wconf 76' lang='lat' dir='ltr'><strong>rsururunraus</strong></span> 
     </span>
    </p>
   </div>
   <div class='ocr_carea' id='block_1_2' title="bbox 176 442 1285 1743">
    <p class='ocr_par' dir='ltr' id='par_1_2' title="bbox 176 442 1285 1743">
     <span class='ocr_line' id='line_1_2' title="bbox 365 442 1285 538; baseline -0.003 -23"><span class='ocrx_word' id='word_1_5' title='bbox 365 447 497 538; x_wconf 80' lang='lat' dir='ltr'>Perque</span> <span class='ocrx_word' id='word_1_6' title='bbox 516 464 639 515; x_wconf 92' lang='lat' dir='ltr'><strong>omnes</strong></span> <span class='ocrx_word' id='word_1_7' title='bbox 661 446 840 537; x_wconf 67' lang='lat' dir='ltr'><strong>scopulos</strong></span> <span class='ocrx_word' id='word_1_8' title='bbox 862 455 1089 534; x_wconf 88' lang='lat' dir='ltr'><strong>monstraque</strong></span> <span class='ocrx_word' id='word_1_9' title='bbox 1109 442 1285 513; x_wconf 89' lang='lat' dir='ltr'><strong>lluctuum</strong></span> 
     </span>
     <span class='ocr_line' id='line_1_3' title="bbox 366 565 1100 661; baseline -0.001 -24"><span class='ocrx_word' id='word_1_10' title='bbox 366 569 549 639; x_wconf 80' lang='lat' dir='ltr'><strong>Terrarum</strong></span> <span class='ocrx_word' id='word_1_11' title='bbox 570 589 748 661; x_wconf 90' lang='lat' dir='ltr'><strong>sequerer.</strong></span> <span class='ocrx_word' id='word_1_12' title='bbox 770 567 895 637; x_wconf 88' lang='lat' dir='ltr'><strong>Limite</strong></span> <span class='ocrx_word' id='word_1_13' title='bbox 916 566 962 636; x_wconf 92' lang='lat' dir='ltr'><strong>ab</strong></span> <span class='ocrx_word' id='word_1_14' title='bbox 982 565 1100 637; x_wconf 90' lang='lat' dir='ltr'><strong>Indico</strong></span> 
     </span>
     <span class='ocr_line' id='line_1_4' title="bbox 362 687 1002 783; baseline 0 -24"><span class='ocrx_word' id='word_1_15' title='bbox 362 691 442 762; x_wconf 86' lang='lat' dir='ltr'><strong>Vidi</strong></span> <span class='ocrx_word' id='word_1_16' title='bbox 460 689 543 762; x_wconf 90' lang='lat' dir='ltr'><strong>solis</strong></span> <span class='ocrx_word' id='word_1_17' title='bbox 561 712 672 783; x_wconf 89' lang='lat' dir='ltr'><strong>equos</strong></span> <span class='ocrx_word' id='word_1_18' title='bbox 694 709 840 782; x_wconf 82' lang='lat' dir='ltr'><strong>surgere</strong></span> <span class='ocrx_word' id='word_1_19' title='bbox 861 687 1002 768; x_wconf 84' lang='lat' dir='ltr'><strong>nitidos,</strong></span> 
     </span>
     <span class='ocr_line' id='line_1_5' title="bbox 362 813 1033 905; baseline 0.001 -22"><span class='ocrx_word' id='word_1_20' title='bbox 362 813 407 884; x_wconf 87' lang='lat' dir='ltr'><strong>Et</strong></span> <span class='ocrx_word' id='word_1_21' title='bbox 429 833 546 884; x_wconf 86' lang='lat' dir='ltr'><strong>serum</strong></span> <span class='ocrx_word' id='word_1_22' title='bbox 566 814 704 885; x_wconf 79' lang='lat' dir='ltr'><strong>Oceano</strong></span> <span class='ocrx_word' id='word_1_23' title='bbox 726 815 876 905; x_wconf 79' lang='lat' dir='ltr'><strong>mergier</strong></span> <span class='ocrx_word' id='word_1_24' title='bbox 896 813 1033 894; x_wconf 87' lang='lat' dir='ltr'><strong>ultim0;</strong></span> 
     </span>
     <span class='ocr_line' id='line_1_6' title="bbox 363 935 1272 1027; baseline 0 -23"><span class='ocrx_word' id='word_1_25' title='bbox 363 936 493 1007; x_wconf 84' lang='lat' dir='ltr'><strong>Tecum</strong></span> <span class='ocrx_word' id='word_1_26' title='bbox 514 946 611 1006; x_wconf 89' lang='lat' dir='ltr'><strong>trans</strong></span> <span class='ocrx_word' id='word_1_27' title='bbox 632 936 779 1006; x_wconf 88' lang='lat' dir='ltr'><strong>Boream</strong></span> <span class='ocrx_word' id='word_1_28' title='bbox 804 946 971 1027; x_wconf 88' lang='lat' dir='ltr'><strong>transque</strong></span> <span class='ocrx_word' id='word_1_29' title='bbox 991 935 1120 1006; x_wconf 90' lang='lat' dir='ltr'><strong>Notum</strong></span> <span class='ocrx_word' id='word_1_30' title='bbox 1138 955 1272 1026; x_wconf 87' lang='lat' dir='ltr'><strong>vagor;</strong></span> 
     </span>
     <span class='ocr_line' id='line_1_7' title="bbox 365 1056 1058 1140; baseline 0 -12"><span class='ocrx_word' id='word_1_31' title='bbox 365 1060 434 1131; x_wconf 88' lang='lat' dir='ltr'><strong>larn</strong></span> <span class='ocrx_word' id='word_1_32' title='bbox 458 1080 522 1130; x_wconf 91' lang='lat' dir='ltr'><strong>seu</strong></span> <span class='ocrx_word' id='word_1_33' title='bbox 543 1059 702 1130; x_wconf 83' lang='lat' dir='ltr'><strong>fortuitas</strong></span> <span class='ocrx_word' id='word_1_34' title='bbox 722 1057 821 1130; x_wconf 90' lang='lat' dir='ltr'><strong>ducis</strong></span> <span class='ocrx_word' id='word_1_35' title='bbox 843 1056 889 1127; x_wconf 92' lang='lat' dir='ltr'><strong>ad</strong></span> <span class='ocrx_word' id='word_1_36' title='bbox 909 1058 1058 1140; x_wconf 89' lang='lat' dir='ltr'><strong>Insulas,</strong></span> 
     </span>
     <span class='ocr_line' id='line_1_8' title="bbox 365 1178 1098 1261; baseline 0.001 -12"><span class='ocrx_word' id='word_1_37' title='bbox 365 1182 434 1252; x_wconf 87' lang='lat' dir='ltr'><strong>Seu</strong></span> <span class='ocrx_word' id='word_1_38' title='bbox 455 1203 511 1254; x_wconf 91' lang='lat' dir='ltr'><strong>me</strong></span> <span class='ocrx_word' id='word_1_39' title='bbox 532 1181 753 1253; x_wconf 86' lang='lat' dir='ltr'><strong>llrrctisonum</strong></span> <span class='ocrx_word' id='word_1_40' title='bbox 776 1179 924 1252; x_wconf 80' lang='lat' dir='ltr'><strong>retrahis</strong></span> <span class='ocrx_word' id='word_1_41' title='bbox 945 1178 1098 1261; x_wconf 81' lang='lat' dir='ltr'><strong>Antium,</strong></span> 
     </span>
     <span class='ocr_line' id='line_1_9' title="bbox 364 1301 1026 1375; baseline 0.002 -3"><span class='ocrx_word' id='word_1_42' title='bbox 364 1305 433 1374; x_wconf 89' lang='lat' dir='ltr'><strong>Seu</strong></span> <span class='ocrx_word' id='word_1_43' title='bbox 454 1324 510 1374; x_wconf 92' lang='lat' dir='ltr'><strong>me</strong></span> <span class='ocrx_word' id='word_1_44' title='bbox 531 1304 707 1375; x_wconf 88' lang='lat' dir='ltr'><strong>Romuleis</strong></span> <span class='ocrx_word' id='word_1_45' title='bbox 728 1301 867 1374; x_wconf 85' lang='lat' dir='ltr'><strong>arcibus</strong></span> <span class='ocrx_word' id='word_1_46' title='bbox 889 1301 1026 1373; x_wconf 84' lang='lat' dir='ltr'><strong>invehis</strong></span> 
     </span>
     <span class='ocr_line' id='line_1_10' title="bbox 366 1424 1013 1519; baseline 0.003 -26"><span class='ocrx_word' id='word_1_47' title='bbox 366 1425 461 1495; x_wconf 90' lang='lat' dir='ltr'><strong>Totis</strong></span> <span class='ocrx_word' id='word_1_48' title='bbox 482 1425 612 1516; x_wconf 90' lang='lat' dir='ltr'><strong>ingenii</strong></span> <span class='ocrx_word' id='word_1_49' title='bbox 634 1424 817 1516; x_wconf 82' lang='lat' dir='ltr'><strong>gressibus</strong></span> <span class='ocrx_word' id='word_1_50' title='bbox 839 1424 1013 1519; x_wconf 87' lang='lat' dir='ltr'><strong>insequor.</strong></span> 
     </span>
     <span class='ocr_line' id='line_1_11' title="bbox 364 1545 1066 1642; baseline 0.003 -26"><span class='ocrx_word' id='word_1_51' title='bbox 364 1547 420 1618; x_wconf 88' lang='lat' dir='ltr'><strong>Sic</strong></span> <span class='ocrx_word' id='word_1_52' title='bbox 441 1568 495 1618; x_wconf 82' lang='lat' dir='ltr'><strong>ure</strong></span> <span class='ocrx_word' id='word_1_53' title='bbox 516 1557 615 1637; x_wconf 87' lang='lat' dir='ltr'><strong>grata</strong></span> <span class='ocrx_word' id='word_1_54' title='bbox 637 1549 723 1642; x_wconf 83' lang='lat' dir='ltr'><strong>lyrae</strong></span> <span class='ocrx_word' id='word_1_55' title='bbox 744 1548 802 1619; x_wconf 87' lang='lat' dir='ltr'><strong>fila</strong></span> <span class='ocrx_word' id='word_1_56' title='bbox 823 1545 966 1619; x_wconf 88' lang='lat' dir='ltr'><strong>trahunt</strong></span> <span class='ocrx_word' id='word_1_57' title='bbox 983 1555 1066 1628; x_wconf 86' lang='lat' dir='ltr'><strong>tuae,</strong></span> 
     </span>
     <span class='ocr_line' id='line_1_12' title="bbox 176 1664 1049 1743; baseline 0.001 -5"><span class='ocrx_word' id='word_1_58' title='bbox 176 1664 183 1672; x_wconf 81' lang='grc'><strong>’</strong></span> <span class='ocrx_word' id='word_1_59' title='bbox 249 1693 252 1695; x_wconf 61' lang='grc'><strong><em>’</em></strong></span> <span class='ocrx_word' id='word_1_60' title='bbox 366 1669 421 1740; x_wconf 90' lang='lat' dir='ltr'><strong>Sic</strong></span> <span class='ocrx_word' id='word_1_61' title='bbox 442 1670 570 1742; x_wconf 88' lang='lat' dir='ltr'><strong>mulcet</strong></span> <span class='ocrx_word' id='word_1_62' title='bbox 588 1667 712 1741; x_wconf 85' lang='lat' dir='ltr'><strong>calami</strong></span> <span class='ocrx_word' id='word_1_63' title='bbox 731 1669 844 1743; x_wconf 88' lang='lat' dir='ltr'><strong>dulcis</strong></span> <span class='ocrx_word' id='word_1_64' title='bbox 866 1670 1049 1742; x_wconf 79' lang='lat' dir='ltr'><strong>acerbitas.</strong></span> 
     </span>
    </p>
   </div>
   <div class='ocr_carea' id='block_1_3' title="bbox 723 1892 802 1907">
    <p class='ocr_par' dir='ltr' id='par_1_3' title="bbox 723 1892 802 1907">
     <span class='ocr_line' id='line_1_13' title="bbox 723 1892 802 1907; baseline -0.013 0"><span class='ocrx_word' id='word_1_65' title='bbox 723 1892 802 1907; x_wconf 54' lang='lat'><strong>*-</strong></span> 
     </span>
    </p>
   </div>
   <div class='ocr_carea' id='block_1_4' title="bbox 301 2061 1233 2290">
    <p class='ocr_par' dir='ltr' id='par_1_4' title="bbox 301 2061 1233 2290">
     <span class='ocr_line' id='line_1_14' title="bbox 640 2061 889 2124; baseline -0.004 0"><span class='ocrx_word' id='word_1_66' title='bbox 640 2061 817 2124; x_wconf 76' lang='lat' dir='ltr'><strong>uplsrout</strong></span> <span class='ocrx_word' id='word_1_67' title='bbox 845 2061 889 2124; x_wconf 89' lang='lat' dir='ltr'><strong>lll.</strong></span> 
     </span>
     <span class='ocr_line' id='line_1_15' title="bbox 301 2237 1233 2290; baseline -0.004 0"><span class='ocrx_word' id='word_1_68' title='bbox 301 2241 494 2290; x_wconf 79' lang='lat' dir='ltr'><strong>ranucrscus</strong></span> <span class='ocrx_word' id='word_1_69' title='bbox 517 2239 686 2290; x_wconf 72' lang='lat' dir='ltr'><strong>caraunus</strong></span> <span class='ocrx_word' id='word_1_70' title='bbox 708 2239 778 2288; x_wconf 78' lang='lat' dir='ltr'><strong>rua.</strong></span> <span class='ocrx_word' id='word_1_71' title='bbox 800 2239 938 2287; x_wconf 83' lang='lat' dir='ltr'><strong>vrncnro</strong></span> <span class='ocrx_word' id='word_1_72' title='bbox 960 2237 1081 2286; x_wconf 80' lang='lat' dir='ltr'><strong>urnoru</strong></span> <span class='ocrx_word' id='word_1_73' title='bbox 1103 2239 1128 2286; x_wconf 87' lang='lat' dir='ltr'><strong>s.</strong></span> <span class='ocrx_word' id='word_1_74' title='bbox 1151 2239 1178 2286; x_wconf 79' lang='lat' dir='ltr'><strong>r.</strong></span> <span class='ocrx_word' id='word_1_75' title='bbox 1201 2239 1233 2287; x_wconf 91' lang='lat' dir='ltr'><strong>n.</strong></span> 
     </span>
    </p>
   </div>
   <div class='ocr_carea' id='block_1_5' title="bbox 222 2395 1314 2631">
    <p class='ocr_par' dir='ltr' id='par_1_5' title="bbox 222 2395 1314 2631">
     <span class='ocr_line' id='line_1_16' title="bbox 222 2395 1314 2469; baseline -0.003 -16"><span class='ocrx_word' id='word_1_76' title='bbox 222 2401 326 2463; x_wconf 86' lang='lat' dir='ltr'><strong>Quaerit</strong></span> <span class='ocrx_word' id='word_1_77' title='bbox 345 2398 380 2452; x_wconf 91' lang='lat' dir='ltr'><strong>de</strong></span> <span class='ocrx_word' id='word_1_78' title='bbox 399 2403 473 2452; x_wconf 87' lang='lat' dir='ltr'><strong>statu</strong></span> <span class='ocrx_word' id='word_1_79' title='bbox 488 2397 564 2451; x_wconf 87' lang='lat' dir='ltr'><strong>eius:</strong></span> <span class='ocrx_word' id='word_1_80' title='bbox 582 2397 651 2468; x_wconf 93' lang='lat' dir='ltr'><strong>quid</strong></span> <span class='ocrx_word' id='word_1_81' title='bbox 668 2397 800 2466; x_wconf 77' lang='lat' dir='ltr'><strong>Mantuae,</strong></span> <span class='ocrx_word' id='word_1_82' title='bbox 816 2398 883 2468; x_wconf 92' lang='lat' dir='ltr'><strong>quid</strong></span> <span class='ocrx_word' id='word_1_83' title='bbox 898 2397 1015 2469; x_wconf 85' lang='lat' dir='ltr'><strong>Neapoli</strong></span> <span class='ocrx_word' id='word_1_84' title='bbox 1032 2401 1130 2467; x_wconf 79' lang='lat' dir='ltr'><strong>agatur</strong></span> <span class='ocrx_word' id='word_1_85' title='bbox 1147 2395 1255 2466; x_wconf 83' lang='lat' dir='ltr'><strong>aperit:</strong></span> <span class='ocrx_word' id='word_1_86' title='bbox 1277 2396 1314 2450; x_wconf 90' lang='lat' dir='ltr'><strong>de</strong></span> 
     </span>
     <span class='ocr_line' id='line_1_17' title="bbox 310 2484 1313 2569; baseline -0.002 -29"><span class='ocrx_word' id='word_1_87' title='bbox 310 2486 400 2540; x_wconf 88' lang='lat' dir='ltr'><strong>Roma</strong></span> <span class='ocrx_word' id='word_1_88' title='bbox 427 2489 514 2553; x_wconf 87' lang='lat' dir='ltr'><strong>tacet,</strong></span> <span class='ocrx_word' id='word_1_89' title='bbox 541 2501 663 2556; x_wconf 88' lang='lat' dir='ltr'><strong>eumque</strong></span> <span class='ocrx_word' id='word_1_90' title='bbox 684 2485 719 2538; x_wconf 92' lang='lat' dir='ltr'><strong>de</strong></span> <span class='ocrx_word' id='word_1_91' title='bbox 739 2486 828 2557; x_wconf 89' lang='lat' dir='ltr'><strong>pretio</strong></span> <span class='ocrx_word' id='word_1_92' title='bbox 851 2486 940 2540; x_wconf 92' lang='lat' dir='ltr'><strong>tribus</strong></span> <span class='ocrx_word' id='word_1_93' title='bbox 959 2486 1087 2569; x_wconf 80' lang='lat' dir='ltr'><strong>maximis</strong></span> <span class='ocrx_word' id='word_1_94' title='bbox 1101 2487 1161 2540; x_wconf 90' lang='lat' dir='ltr'><strong>eius</strong></span> <span class='ocrx_word' id='word_1_95' title='bbox 1175 2484 1313 2555; x_wconf 85' lang='lat' dir='ltr'><strong>operibus</strong></span> 
     </span>
     <span class='ocr_line' id='line_1_18' title="bbox 312 2572 1022 2631; baseline 0.003 -3"><span class='ocrx_word' id='word_1_96' title='bbox 312 2574 507 2628; x_wconf 84' lang='lat' dir='ltr'><strong>universorum</strong></span> <span class='ocrx_word' id='word_1_97' title='bbox 534 2572 635 2627; x_wconf 91' lang='lat' dir='ltr'><strong>iudicio</strong></span> <span class='ocrx_word' id='word_1_98' title='bbox 651 2573 744 2628; x_wconf 87' lang='lat' dir='ltr'><strong>addito</strong></span> <span class='ocrx_word' id='word_1_99' title='bbox 760 2575 906 2630; x_wconf 77' lang='lat' dir='ltr'><strong>certiorem</strong></span> <span class='ocrx_word' id='word_1_100' title='bbox 922 2577 1022 2631; x_wconf 87' lang='lat' dir='ltr'><strong>reddit.</strong></span> 
     </span>
    </p>
   </div>
   <div class='ocr_carea' id='block_1_6' title="bbox 213 2760 1308 4210">
    <p class='ocr_par' dir='ltr' id='par_1_6' title="bbox 246 2760 1308 3718">
     <span class='ocr_line' id='line_1_19' title="bbox 246 2760 1116 2858; baseline 0.008 -28"><span class='ocrx_word' id='word_1_101' title='bbox 246 2760 384 2853; x_wconf 88' lang='lat' dir='ltr'><strong>Eloquii</strong></span> <span class='ocrx_word' id='word_1_102' title='bbox 403 2763 584 2856; x_wconf 89' lang='lat' dir='ltr'><strong>splendor,</strong></span> <span class='ocrx_word' id='word_1_103' title='bbox 603 2764 714 2834; x_wconf 79' lang='lat' dir='ltr'><strong>Latiae</strong></span> <span class='ocrx_word' id='word_1_104' title='bbox 735 2784 817 2858; x_wconf 91' lang='lat' dir='ltr'><strong>spes</strong></span> <span class='ocrx_word' id='word_1_105' title='bbox 838 2766 950 2837; x_wconf 88' lang='lat' dir='ltr'><strong>altera</strong></span> <span class='ocrx_word' id='word_1_106' title='bbox 970 2766 1116 2857; x_wconf 85' lang='lat' dir='ltr'><strong>linguae,</strong></span> 
     </span>
     <span class='ocr_line' id='line_1_20' title="bbox 320 2885 1182 2980; baseline 0.007 -26"><span class='ocrx_word' id='word_1_107' title='bbox 320 2885 419 2955; x_wconf 90' lang='lat' dir='ltr'><strong>Clare</strong></span> <span class='ocrx_word' id='word_1_108' title='bbox 439 2886 552 2971; x_wconf 88' lang='lat' dir='ltr'><strong>Marc,</strong></span> <span class='ocrx_word' id='word_1_109' title='bbox 576 2894 673 2958; x_wconf 91' lang='lat' dir='ltr'><strong>tauta</strong></span> <span class='ocrx_word' id='word_1_110' title='bbox 692 2908 796 2979; x_wconf 92' lang='lat' dir='ltr'><strong>quem</strong></span> <span class='ocrx_word' id='word_1_111' title='bbox 819 2888 903 2958; x_wconf 85' lang='lat' dir='ltr'><strong>felix</strong></span> <span class='ocrx_word' id='word_1_112' title='bbox 923 2890 1064 2975; x_wconf 87' lang='lat' dir='ltr'><strong>Mantua</strong></span> <span class='ocrx_word' id='word_1_113' title='bbox 1086 2891 1182 2980; x_wconf 88' lang='lat' dir='ltr'><strong>prole</strong></span> 
     </span>
     <span class='ocr_line' id='line_1_21' title="bbox 320 3009 1236 3104; baseline 0.009 -28"><span class='ocrx_word' id='word_1_114' title='bbox 320 3009 514 3079; x_wconf 90' lang='lat' dir='ltr'><strong>Romanurn</strong></span> <span class='ocrx_word' id='word_1_115' title='bbox 529 3009 705 3100; x_wconf 81' lang='lat' dir='ltr'><strong>genuisse</strong></span> <span class='ocrx_word' id='word_1_116' title='bbox 725 3009 833 3082; x_wconf 94' lang='lat' dir='ltr'><strong>decus</strong></span> <span class='ocrx_word' id='word_1_117' title='bbox 855 3032 917 3104; x_wconf 91' lang='lat' dir='ltr'><strong>per</strong></span> <span class='ocrx_word' id='word_1_118' title='bbox 939 3013 1069 3082; x_wconf 88' lang='lat' dir='ltr'><strong>saecula</strong></span> <span class='ocrx_word' id='word_1_119' title='bbox 1090 3012 1236 3103; x_wconf 76' lang='lat' dir='ltr'><strong>gaudet.</strong></span> 
     </span>
     <span class='ocr_line' id='line_1_22' title="bbox 321 3128 1248 3226; baseline 0.004 -27"><span class='ocrx_word' id='word_1_120' title='bbox 321 3128 407 3211; x_wconf 87' lang='lat' dir='ltr'><strong>Quis</strong></span> <span class='ocrx_word' id='word_1_121' title='bbox 430 3141 464 3200; x_wconf 90' lang='lat' dir='ltr'><strong>te</strong></span> <span class='ocrx_word' id='word_1_122' title='bbox 484 3139 655 3203; x_wconf 88' lang='lat' dir='ltr'><strong>terrarum</strong></span> <span class='ocrx_word' id='word_1_123' title='bbox 678 3141 828 3218; x_wconf 89' lang='lat' dir='ltr'><strong>tractus,</strong></span> <span class='ocrx_word' id='word_1_124' title='bbox 850 3143 978 3226; x_wconf 89' lang='lat' dir='ltr'><strong>quotus</strong></span> <span class='ocrx_word' id='word_1_125' title='bbox 1001 3145 1096 3205; x_wconf 88' lang='lat' dir='ltr'><strong>arcet</strong></span> <span class='ocrx_word' id='word_1_126' title='bbox 1116 3133 1248 3205; x_wconf 89' lang='lat' dir='ltr'><strong>Averni</strong></span> 
     </span>
     <span class='ocr_line' id='line_1_23' title="bbox 321 3250 1293 3352; baseline 0.007 -31"><span class='ocrx_word' id='word_1_127' title='bbox 321 3251 502 3322; x_wconf 81' lang='lat' dir='ltr'><strong>Circulus‘?</strong></span> <span class='ocrx_word' id='word_1_128' title='bbox 521 3250 575 3323; x_wconf 79' lang='lat' dir='ltr'><strong>An</strong></span> <span class='ocrx_word' id='word_1_129' title='bbox 597 3274 737 3326; x_wconf 90' lang='lat' dir='ltr'><strong>raucam</strong></span> <span class='ocrx_word' id='word_1_130' title='bbox 757 3255 926 3327; x_wconf 90' lang='lat' dir='ltr'><strong>citharam</strong></span> <span class='ocrx_word' id='word_1_131' title='bbox 948 3255 1010 3327; x_wconf 92' lang='lat' dir='ltr'><strong>tibi</strong></span> <span class='ocrx_word' id='word_1_132' title='bbox 1027 3260 1147 3328; x_wconf 84' lang='lat' dir='ltr'><strong>fuscus</strong></span> <span class='ocrx_word' id='word_1_133' title='bbox 1165 3258 1293 3352; x_wconf 84' lang='lat' dir='ltr'><strong>Apollo</strong></span> 
     </span>
     <span class='ocr_line' id='line_1_24' title="bbox 321 3374 1191 3466; baseline 0.003 -21"><span class='ocrx_word' id='word_1_134' title='bbox 321 3374 484 3458; x_wconf 87' lang='lat' dir='ltr'><strong>Percutit‚</strong></span> <span class='ocrx_word' id='word_1_135' title='bbox 504 3385 540 3444; x_wconf 89' lang='lat' dir='ltr'><strong>et</strong></span> <span class='ocrx_word' id='word_1_136' title='bbox 560 3375 672 3466; x_wconf 87' lang='lat' dir='ltr'><strong>nigrae</strong></span> <span class='ocrx_word' id='word_1_137' title='bbox 694 3386 886 3448; x_wconf 88' lang='lat' dir='ltr'><strong>contexunt</strong></span> <span class='ocrx_word' id='word_1_138' title='bbox 904 3378 1012 3451; x_wconf 85' lang='lat' dir='ltr'><strong>verba</strong></span> <span class='ocrx_word' id='word_1_139' title='bbox 1031 3381 1191 3451; x_wconf 80' lang='lat' dir='ltr'><strong>sorores?</strong></span> 
     </span>
     <span class='ocr_line' id='line_1_25' title="bbox 320 3498 1186 3595; baseline 0.002 -25"><span class='ocrx_word' id='word_1_140' title='bbox 320 3501 375 3570; x_wconf 85' lang='lat' dir='ltr'><strong>An</strong></span> <span class='ocrx_word' id='word_1_141' title='bbox 395 3498 474 3592; x_wconf 91' lang='lat' dir='ltr'><strong>pius</strong></span> <span class='ocrx_word' id='word_1_142' title='bbox 491 3500 644 3595; x_wconf 79' lang='lat' dir='ltr'><strong>Elysiam</strong></span> <span class='ocrx_word' id='word_1_143' title='bbox 667 3504 864 3594; x_wconf 90' lang='lat' dir='ltr'><strong>permulces</strong></span> <span class='ocrx_word' id='word_1_144' title='bbox 886 3504 1041 3575; x_wconf 88' lang='lat' dir='ltr'><strong>carmine</strong></span> <span class='ocrx_word' id='word_1_145' title='bbox 1063 3504 1186 3574; x_wconf 85' lang='lat' dir='ltr'><strong>silvam</strong></span> 
     </span>
     <span class='ocr_line' id='line_1_26' title="bbox 322 3623 1308 3718; baseline 0.007 -26"><span class='ocrx_word' id='word_1_146' title='bbox 322 3625 596 3714; x_wconf 85' lang='lat' dir='ltr'><strong>Tartareumque</strong></span> <span class='ocrx_word' id='word_1_147' title='bbox 613 3623 776 3694; x_wconf 86' lang='lat' dir='ltr'><strong>Helicona</strong></span> <span class='ocrx_word' id='word_1_148' title='bbox 798 3627 894 3709; x_wconf 84' lang='lat' dir='ltr'><strong>colis,</strong></span> <span class='ocrx_word' id='word_1_149' title='bbox 917 3627 1151 3718; x_wconf 74' lang='lat' dir='ltr'><strong>pulcherrime</strong></span> <span class='ocrx_word' id='word_1_150' title='bbox 1172 3636 1308 3714; x_wconf 90' lang='lat' dir='ltr'><strong>vatum,</strong></span> 
     </span>
    </p>

    <p class='ocr_par' dir='ltr' id='par_1_7' title="bbox 213 3745 1217 3847">
     <span class='ocr_line' id='line_1_27' title="bbox 213 3745 1217 3847; baseline -0.001 -32"><span class='ocrx_word' id='word_1_151' title='bbox 213 3842 216 3847; x_wconf 22' lang='lat'>¹</span> <span class='ocrx_word' id='word_1_152' title='bbox 321 3746 365 3816; x_wconf 88' lang='lat' dir='ltr'><strong>Et</strong></span> <span class='ocrx_word' id='word_1_153' title='bbox 386 3745 488 3815; x_wconf 89' lang='lat' dir='ltr'><strong>simul</strong></span> <span class='ocrx_word' id='word_1_154' title='bbox 508 3745 681 3816; x_wconf 89' lang='lat' dir='ltr'><strong>unanimis</strong></span> <span class='ocrx_word' id='word_1_155' title='bbox 700 3757 814 3818; x_wconf 87' lang='lat' dir='ltr'><strong>tecum</strong></span> <span class='ocrx_word' id='word_1_156' title='bbox 836 3747 1005 3839; x_wconf 88' lang='lat' dir='ltr'><strong>spatiatur</strong></span> <span class='ocrx_word' id='word_1_157' title='bbox 1022 3749 1217 3820; x_wconf 80' lang='lat' dir='ltr'><strong>Homerus?</strong></span> 
     </span>
    </p>

    <p class='ocr_par' dir='ltr' id='par_1_8' title="bbox 252 3867 1240 4210">
     <span class='ocr_line' id='line_1_28' title="bbox 252 3867 1230 3965; baseline 0.006 -29"><span class='ocrx_word' id='word_1_158' title='bbox 252 3916 253 3922; x_wconf 19' lang='grc' dir='ltr'>η</span> <span class='ocrx_word' id='word_1_159' title='bbox 324 3867 546 3960; x_wconf 87' lang='lat' dir='ltr'><strong>Solivagique</strong></span> <span class='ocrx_word' id='word_1_160' title='bbox 567 3880 696 3939; x_wconf 90' lang='lat' dir='ltr'><strong>canunt</strong></span> <span class='ocrx_word' id='word_1_161' title='bbox 716 3868 884 3942; x_wconf 66' lang='lat' dir='ltr'><strong>Phoebum</strong></span> <span class='ocrx_word' id='word_1_162' title='bbox 904 3893 967 3964; x_wconf 90' lang='lat' dir='ltr'><strong>per</strong></span> <span class='ocrx_word' id='word_1_163' title='bbox 987 3885 1085 3965; x_wconf 92' lang='lat' dir='ltr'><strong>prata</strong></span> <span class='ocrx_word' id='word_1_164' title='bbox 1108 3883 1230 3964; x_wconf 88' lang='lat' dir='ltr'><strong>poetae,</strong></span> 
     </span>
     <span class='ocr_line' id='line_1_29' title="bbox 322 3990 1229 4085; baseline 0.002 -25"><span class='ocrx_word' id='word_1_165' title='bbox 322 3992 482 4083; x_wconf 92' lang='lat' dir='ltr'><strong>Orpheus</strong></span> <span class='ocrx_word' id='word_1_166' title='bbox 505 4012 545 4063; x_wconf 92' lang='lat' dir='ltr'><strong>ac</strong></span> <span class='ocrx_word' id='word_1_167' title='bbox 567 3990 702 4083; x_wconf 87' lang='lat' dir='ltr'><strong>reliqui,</strong></span> <span class='ocrx_word' id='word_1_168' title='bbox 725 3991 792 4064; x_wconf 90' lang='lat' dir='ltr'><strong>nisi</strong></span> <span class='ocrx_word' id='word_1_169' title='bbox 814 4015 903 4085; x_wconf 90' lang='lat' dir='ltr'><strong>quos</strong></span> <span class='ocrx_word' id='word_1_170' title='bbox 923 3994 1077 4066; x_wconf 87' lang='lat' dir='ltr'><strong>violenta</strong></span> <span class='ocrx_word' id='word_1_171' title='bbox 1098 3997 1229 4085; x_wconf 82' lang='lat' dir='ltr'><strong>relegat</strong></span> 
     </span>
     <span class='ocr_line' id='line_1_30' title="bbox 323 4114 1240 4210; baseline 0.005 -29"><span class='ocrx_word' id='word_1_172' title='bbox 323 4115 417 4183; x_wconf 91' lang='lat' dir='ltr'><strong>Mors</strong></span> <span class='ocrx_word' id='word_1_173' title='bbox 435 4114 574 4205; x_wconf 87' lang='lat' dir='ltr'><strong>propria</strong></span> <span class='ocrx_word' id='word_1_174' title='bbox 595 4114 748 4186; x_wconf 77' lang='lat' dir='ltr'><strong>conscita</strong></span> <span class='ocrx_word' id='word_1_175' title='bbox 768 4138 884 4198; x_wconf 80' lang='lat' dir='ltr'><strong>roano,</strong></span> <span class='ocrx_word' id='word_1_176' title='bbox 910 4118 1068 4210; x_wconf 71' lang='lat' dir='ltr'><strong>saevique</strong></span> <span class='ocrx_word' id='word_1_177' title='bbox 1089 4118 1240 4189; x_wconf 87' lang='lat' dir='ltr'><strong>ministri</strong></span> 
     </span>
    </p>
   </div>
   <div class='ocr_carea' id='block_1_7' title="bbox 0 0 1514 4664">
    <p class='ocr_par' dir='ltr' id='par_1_9' title="bbox 0 0 1514 4664">
     <span class='ocr_line' id='line_1_31' title="bbox 0 0 1514 4664; baseline 0 0"><span class='ocrx_word' id='word_1_178' title='bbox 0 0 1514 4664; x_wconf 95' lang='lat' dir='ltr'><strong> </strong></span> 
     </span>
    </p>
   </div>
  </div>
 </body>
</html>
