2934 4650
556 323 706 374 arrsrout
731 325 826 372 xxxu.
1168 310 1222 370 :tat

155 467 293 539 misisse
316 463 449 550 videor,
472 467 572 538 cuius
591 467 652 552 rei,
675 489 718 539 ne
739 467 783 539 de
803 477 931 539 caetero
948 488 1124 551 moveare,
1147 465 1226 539 red-

153 587 268 661 denda
285 587 371 659 ratio
387 596 451 659 est.
469 587 545 679 Ego
562 587 711 680 quidem,
730 588 850 672 amice,
871 588 955 661 stilo
967 588 1047 660 huic
1064 597 1225 661 constan-

155 724 207 784 ter
229 711 399 794 inhaereo,
423 711 583 805 quotiens
607 711 891 803 grandiusculum
916 711 1045 804 aliquid
1071 708 1225 793 adorior;

155 833 300 928 grandia
328 835 420 905 enim
447 855 511 905 nec
536 832 640 923 huius
673 834 913 928 angustissimi
942 826 1225 927 fugacissimique

156 959 333 1053 temporis,
349 979 413 1028 noo
431 957 557 1050 ingenii
576 957 643 1028 mei
661 969 752 1044 suut,
767 981 830 1032 nec
848 958 952 1031 huius
970 959 1105 1043 calami,
1122 979 1225 1050 quem

155 1091 328 1172 agrestem
346 1079 475 1151 rectius
492 1073 572 1152 cum'
592 1080 724 1165 liceret,
742 1084 918 1156 coelestem
936 1081 1091 1154 urbanus
1111 1080 1227 1153 dicero

157 1201 319 1276 maluisti.
339 1203 388 1273 At
403 1202 563 1296 quotiens
584 1203 629 1275 ad
651 1203 803 1297 plebeias
825 1216 929 1298 atque
947 1205 1095 1276 humiles
1112 1224 1224 1286 curas,

156 1348 244 1420 quas
269 1349 333 1400 uec
353 1327 431 1398 stilo
450 1326 575 1418 dignas
601 1335 732 1421 putem,
754 1328 869 1420 aliqua
895 1349 1009 1400 rerum
1036 1326 1226 1399 necessitas

158 1471 214 1522 mc
238 1448 430 1531 attraxerit,
456 1447 629 1543 plebeium
654 1472 792 1544 quoque
815 1450 1053 1523 characterem
1077 1469 1156 1520 non
1172 1471 1226 1520 re-

156 1593 259 1656 cuso,
276 1595 321 1643 ne
336 1573 423 1643 forte
442 1574 521 1665 plus
541 1591 658 1665 operae
673 1572 793 1645 verbis
810 1572 1006 1666 impendam
1023 1593 1128 1665 quam
1148 1592 1228 1642 sen·

158 1694 273 1765 tentiis
295 1692 486 1780 debeatur„
500 1694 605 1788 idque
629 1695 714 1766 mihi
741 1717 810 1767 non
839 1696 933 1768 aliud
957 1717 1075 1769 cau-sae
1101 1696 1135 1766 iu
1159 1694 1226 1767 illis

157 1818 303 1890 literulis
326 1819 435 1890 fuisse
460 1819 611 1890 noveris.
634 1819 678 1890 Et
701 1819 777 1891 haeo
800 1819 939 1911 quidem
967 1818 1145 1890 hactenus.
1171 1819 1228 1888 Ex

157 1962 250 2012 nunc
268 1951 397 2024 autem,
417 1942 588 2035 quidquid
607 1964 710 2044 agam
727 1952 761 2013 et
780 1942 857 2013 stilo
878 1941 1041 2035 quolibet,
1058 1939 1142 2012 illud
1161 1941 1228 2011 sal-

158 2073 226 2135 tem
245 2087 312 2135 nou
331 2063 508 2138 admittam
529 2074 567 2135 ut
584 2065 706 2159 plurali
722 2085 869 2136 numero
890 2076 967 2136 utar
983 2064 1094 2136 amico
1113 2070 1149 2134 ot
1169 2061 1228 2132 uni

157 2188 319 2281 loquens:
338 2187 443 2281 idque
460 2198 532 2259 tum
552 2198 691 2284 propter
713 2189 897 2281 meipsum
919 2208 995 2259 sum
1014 2188 1167 2258 facturus
1184 2203 1228 2255 ne

158 2310 278 2382 amicis
289 2311 525 2395 mandentum
535 2314 592 2383 vel
604 2310 809 2384 maximone
822 2312 985 2403 exemplo
999 2309 1062 2381 tibi
1074 2328 1226 2388 noceam,

158 2436 257 2507 cuius
275 2436 368 2528 apud
385 2446 419 2508 te
435 2458 504 2508 non
522 2438 598 2507 leve
616 2436 752 2530 pondus
773 2455 853 2506 esse
872 2433 985 2506 video.
1001 2432 1052 2503 Tu
1070 2430 1185 2522 igitur,
1200 2429 1229 2501 si

158 2579 339 2644 meamne,
355 2557 400 2631 ad
414 2559 588 2653 proprium
605 2558 720 2630 stilum
731 2556 825 2641 redi,
840 2569 876 2630 et
893 2555 929 2628 id
945 2575 1091 2648 agamus
1105 2574 1174 2625 non
1192 2562 1230 2624 ut

158 2680 417 2774 auribusvulgi,
431 2682 495 2754 scd
509 2694 546 2754 ut
557 2682 674 2755 decori
684 2693 803 2755 nostro
818 2676 1228 2753 satisfecissevideamur.

256 2805 368 2876 Venio
388 2826 479 2876 nunc
496 2804 541 2877 ad
558 2806 765 2878 acerrimum
782 2805 936 2876 dolorem
960 2822 1090 2885 meum,
1109 2823 1178 2893 quo
1194 2800 1230 2870 in

160 2924 315 2996 secunda
337 2935 433 3019 parte
454 2926 646 2998 litterarum
677 2935 815 2997 tuarum
836 2922 937 3017 quasi
957 2933 1131 2998 venenata
1149 2944 1231 2994 cus-

162 3045 242 3139 pide
260 3068 363 3119 aures
384 3070 479 3121 meas
497 3060 601 3142 atque
623 3048 775 3121 animum
792 3045 982 3141 pupugisti.
1004 3045 1074 3118 Oh!
1103 3049 1231 3120 lactum

162 3170 316 3263 pessime
336 3171 380 3244 de
406 3172 517 3245 amico
545 3172 687 3265 optimo,
719 3169 785 3240 oh!
819 3168 1008 3242 infaustum
1037 3170 1229 3262 negotium,

162 3291 229 3363 oh!
250 3315 323 3364 rem
346 3294 479 3366 tristem
501 3295 735 3366 calamitosam
761 3301 796 3365 et
821 3293 997 3377 miseram,
1014 3292 1076 3365 oh!
1100 3313 1230 3364 novum

162 3427 198 3489 et
220 3416 413 3491 inauditum
441 3419 580 3491 saeoulis
605 3417 781 3489 infortunii
810 3419 941 3510 genus!
968 3415 1230 3487 Assuoleceram

161 3541 280 3610 oculos
306 3539 462 3612 tristibus
489 3540 708 3635 spectaculis,
735 3561 839 3613 aures
863 3539 993 3612 amaris
1014 3536 1229 3620 rumoribus,

163 3671 284 3756 pectus
308 3663 441 3736 cunctis
461 3666 607 3737 fortunae
632 3663 847 3746 vulneribus,
873 3673 908 3735 et
929 3659 1122 3753 cogitabam
1144 3659 1232 3730 assi-

162 3785 232 3858 due
252 3786 336 3880 quid
357 3809 510 3881 unquam
530 3789 619 3872 mali,
642 3788 727 3881 quid
748 3785 872 3881 asperi,
897 3784 983 3878 quid
1008 3781 1125 3855 acerbi
1144 3780 1234 3853 acci·

163 3910 276 3982 disset
292 3910 438 3998 homini,
457 3923 495 3983 ut
510 3912 649 4007 quidem
667 3911 752 3982 mihi
769 3921 805 3983 et
824 3907 923 3993 meis,
942 3906 1106 4001 quoniam
1123 3905 1235 3977 homi-

163 4053 224 4104 nes
245 4055 367 4106 sumus
387 4044 425 4109 et
444 4035 590 4118 nonltii,
612 4036 667 4107 vel
684 4045 892 4107 eventurum
915 4051 996 4103 essa
1017 4032 1075 4102 vel
1093 4026 1235 4101 evenire

164 4176 268 4245 posse
292 4170 386 4230 certe
408 4160 548 4245 scirem,
571 4167 678 4251 utque
706 4158 876 4232 adversus
900 4155 1015 4229 omnia
1039 4155 1149 4228 iacula
1169 4151 1235 4224 du-
