2940 4650
207 303 266 365 500
398 367 401 374 ,
549 315 707 364 sensuum
728 313 943 365 nrrrunnnuu.

207 456 292 528 dere
326 455 525 528 virtutibus.
561 438 804 528 lurisoonsulti
826 456 982 548 insignes
1007 455 1066 528 hic
1094 457 1212 526 etiam
1241 477 1308 528 non

207 578 336 650 desunt
351 578 410 670 qui
433 578 507 648 iure
528 579 622 650 civili
642 589 805 650 asserant
831 578 919 649 hane
947 579 1060 670 ipsam
1086 579 1304 650 sententiam

207 700 346 796 probari
366 701 560 772 clarissima
581 701 723 773 ratione.
745 701 818 771 Nec
838 700 968 772 desunt
987 702 1047 792 qui
1068 723 1122 772 ex
1143 701 1303 772 historiis
1355 744 1358 746 v

209 845 248 894 se
269 826 376 895 multa
398 836 434 895 et
454 823 569 894 valida
586 824 796 916 probaturos
819 822 936 895 dicant
960 822 1005 895 ad
1030 825 1199 897 eiusdem
1223 846 1302 895 sen·

209 948 327 1019 tentiae
342 945 552 1027 firmitatem,
572 945 677 1017 modo
693 944 839 1016 liberam
858 966 982 1016 vocem
1000 945 1106 1017 liceat
1124 947 1297 1017 emittere.

209 1062 308 1140 Nun'o
329 1080 443 1140 tamen
473 1089 575 1139 nemo
594 1079 649 1139 est
668 1068 729 1159 qui
749 1065 875 1137 mutire
895 1064 1035 1149 audeat,
1058 1078 1298 1159 praeterquam

209 1168 245 1261 in
267 1191 421 1281 angulis,
445 1192 480 1261 in
504 1188 669 1273 tenebris,
694 1189 727 1258 in
749 1189 882 1258 timore.
904 1187 980 1278 Ego
1004 1187 1077 1283 ipse
1106 1188 1170 1279 qui
1198 1185 1298 1259 vobis

210 1313 287 1384 haec
313 1312 443 1396 scribo,
465 1323 500 1383 et
519 1312 608 1381 forte
633 1334 696 1404 pro
717 1311 866 1381 veritate
899 1331 968 1380 non
1001 1330 1163 1380 recusem
1192 1310 1293 1394 mori,

211 1437 239 1506 si
271 1456 348 1505 mea
381 1455 474 1504 mors
508 1435 678 1503 collatura
712 1431 842 1524 aliquid
876 1429 1075 1522 reipublicae
1110 1432 1293 1516 videatur,

211 1578 305 1626 nuno
341 1565 598 1645 tace0,‘neque
631 1551 686 1623 his
721 1553 806 1648 ipsis
840 1554 885 1626 ad
917 1573 983 1623 vos
1010 1553 1153 1644 seriptis
1182 1576 1296 1625 meum

211 1698 337 1748 nomen
367 1675 500 1760 adiioio,
528 1675 644 1746 stilum
671 1676 786 1768 ipsum
814 1677 974 1747 sufficere
998 1675 1207 1760 arbitratus
1235 1679 1298 1749 hoo

213 1795 360 1900 adiecto,
392 1798 505 1868 civem
540 1818 722 1868 romanum
756 1819 835 1868 esse
860 1798 921 1888 qui
951 1798 1116 1889 loquitur.
1138 1799 1246 1882 Quod
1270 1801 1297 1870 si

214 1930 286 1992 tuto
308 1919 342 1990 in
364 1922 439 1990 loco
460 1919 552 2013 apud
573 1940 714 2012 aequum
747 1918 895 1991 iudicem
923 1928 959 1991 et
985 1941 1052 1991 uon
1079 1920 1126 1992 ad
1146 1920 1296 1994 tribunal

212 2043 365 2115 hostium
384 2062 441 2112 res
456 2052 594 2132 agatur,
616 2063 726 2134 spero,
745 2042 893 2114 veritate
910 2042 1061 2113 animum
1083 2042 1295 2126 illustrante,

213 2174 249 2237 et
268 2166 423 2255 linguam
451 2184 513 2234 seu
543 2165 714 2235 calamum
736 2163 908 2254 dirigente
928 2166 1014 2248 Deo,
1037 2185 1144 2256 posse
1166 2163 1298 2258 aliquid
1397 2235 1398 2239 ,

194 2287 329 2363 ,dicere
354 2306 425 2378 quo
454 2287 531 2356 luce
557 2286 685 2356 elarius
711 2295 875 2379 appareat
895 2285 1079 2378 imperium
1100 2307 1295 2372 romanum,

214 2429 425 2501 quamquam
445 2406 608 2477 Fortunae
623 2408 746 2478 iniuria
757 2407 911 2478 attritum
926 2428 1213 2501 oppressumque
1228 2409 1294 2493 diu,

214 2543 249 2600 et
270 2550 481 2622 quamquam
503 2529 598 2597 varie
615 2527 661 2598 ab
676 2529 855 2623 Hispanis,
874 2530 983 2613 Afris,
1007 2529 1149 2615 Graecis,
1172 2532 1294 2616 Gallis,

214 2649 403 2721 Theutonis
424 2660 648 2741 occupatum,
668 2649 782 2721 adhuc
803 2661 915 2721 tamen
937 2654 1297 2747 quantulumcumque

213 2783 279 2854 est,
302 2773 422 2843 Romae
442 2791 534 2858 esse,
557 2792 625 2842 non
647 2771 743 2855 alibi,
771 2771 1211 2866 ibidemquemansurum,
1233 2776 1297 2848 etsi

213 2898 298 2969 nihil
316 2917 461 2990 prorsus
480 2920 527 2969 ex
548 2909 643 2969 tanta
663 2896 761 2981 urbe,
784 2908 911 2990 praeter
931 2898 1063 2969 nudum
1082 2919 1215 2971 saxum
1237 2902 1299 2974 Ca-

215 3020 322 3112 pitolii
347 3034 568 3114 superesset:
595 3021 679 3113 quin
713 3019 816 3092 etiam
851 3031 932 3091 tune
965 3020 1106 3113 quando
1137 3025 1298 3096 nondum

214 3143 371 3213 externis
391 3143 553 3214 manibus
581 3142 785 3234 agebamur,
816 3152 1020 3232 tantumque
1048 3141 1195 3212 Romani
1223 3147 1302 3216 Cae-

216 3261 586 3355 saresimperitabant‚
610 3285 679 3335 non
701 3285 807 3355 penes
829 3285 906 3345 eos,
928 3262 991 3334 sed
1010 3285 1117 3356 penes
1138 3264 1303 3359 Capitolii

215 3406 329 3456 arcem
350 3406 390 3454 ac
412 3387 574 3476 populum
598 3403 778 3454 romanum
801 3405 903 3454 omne
931 3384 985 3453 ius
1011 3383 1146 3475 imperii
1168 3387 1302 3473 fuisse,

216 3507 245 3575 si
275 3528 400 3577 verum
434 3516 488 3576 est
518 3504 612 3596 quod
647 3505 749 3575 malae
782 3503 862 3575 fidei
893 3525 1081 3597 possessor
1109 3526 1182 3576 non
1208 3530 1307 3600 prae-

216 3625 356 3700 scribat.

314 3752 353 3820 ln
382 3749 449 3821 hoe
477 3762 593 3822 autem
628 3771 744 3821 rerum
778 3760 870 3822 statu
904 3750 987 3821 dum
1019 3751 1095 3821 dies
1129 3752 1306 3843 trahitur,

216 3873 309 3967 quod
330 3874 417 3943 forle
436 3871 587 3964 desuper
608 3872 725 3943 datum
748 3883 803 3943 est
823 3883 875 3955 ut,
894 3872 1105 3964 quodmodo
1126 3893 1195 3945 nec
1222 3896 1311 3970 spe·-

216 4016 294 4066 rare
310 3994 450 4087 quidem
468 3997 657 4080 auderetis
675 4007 844 4069 tantares
862 4000 896 4069 in
914 3995 1171 4078 laceraverint,
1189 4021 1310 4072 unum

217 4117 311 4206 quod
332 4118 375 4188 ad
402 4127 563 4189 vestram·
582 4130 617 4189 et
644 4119 786 4191 Romani
813 4118 963 4192 nominis
988 4118 1198 4209 dignitatem
1222 4143 1312 4216 spe-
