<?xml version="1.0" encoding="UTF-8"?>
<!DOCTYPE html PUBLIC "-//W3C//DTD XHTML 1.0 Transitional//EN"
    "http://www.w3.org/TR/xhtml1/DTD/xhtml1-transitional.dtd">
<html xmlns="http://www.w3.org/1999/xhtml" xml:lang="en" lang="en">
 <head>
  <title>
</title>
<meta http-equiv="Content-Type" content="text/html;charset=utf-8" />
  <meta name='ocr-system' content='tesseract 3.04.00' />
  <meta name='ocr-capabilities' content='ocr_page ocr_carea ocr_par ocr_line ocrx_word'/>
</head>
<body>
  <div class='ocr_page' id='page_1' title='image "./franciscipetrar00fracgoog_0149.png"; bbox 0 0 2738 4680; ppageno 0'>
   <div class='ocr_carea' id='block_1_1' title="bbox 157 295 947 360">
    <p class='ocr_par' dir='ltr' id='par_1_1' title="bbox 157 295 947 360">
     <span class='ocr_line' id='line_1_1' title="bbox 157 295 947 360; baseline -0.004 -2"><span class='ocrx_word' id='word_1_1' title='bbox 157 306 160 311; x_wconf 87' lang='lat'><em>·</em></span> <span class='ocrx_word' id='word_1_2' title='bbox 204 295 261 360; x_wconf 75' lang='lat' dir='ltr'><strong>l32</strong></span> <span class='ocrx_word' id='word_1_3' title='bbox 537 308 578 356; x_wconf 81' lang='lat' dir='ltr'><strong>aa</strong></span> <span class='ocrx_word' id='word_1_4' title='bbox 598 305 700 357; x_wconf 80' lang='lat' dir='ltr'><strong>naeus</strong></span> <span class='ocrx_word' id='word_1_5' title='bbox 725 304 947 358; x_wconf 78' lang='lat' dir='ltr'><strong>annullamus</strong></span> 
     </span>
    </p>
   </div>
   <div class='ocr_carea' id='block_1_2' title="bbox 203 427 1292 1382">
    <p class='ocr_par' dir='ltr' id='par_1_2' title="bbox 203 427 1292 1382">
     <span class='ocr_line' id='line_1_2' title="bbox 203 427 1287 545; baseline -0.003 -22"><span class='ocrx_word' id='word_1_6' title='bbox 203 453 270 525; x_wconf 90' lang='lat' dir='ltr'><strong>hoc</strong></span> <span class='ocrx_word' id='word_1_7' title='bbox 290 450 385 524; x_wconf 86' lang='lat' dir='ltr'><strong>dixi:</strong></span> <span class='ocrx_word' id='word_1_8' title='bbox 407 469 500 544; x_wconf 85' lang='lat' dir='ltr'><strong>saepe</strong></span> <span class='ocrx_word' id='word_1_9' title='bbox 521 449 624 522; x_wconf 90' lang='lat' dir='ltr'><strong>etiam</strong></span> <span class='ocrx_word' id='word_1_10' title='bbox 652 450 796 545; x_wconf 83' lang='lat' dir='ltr'><strong>scripsi:</strong></span> <span class='ocrx_word' id='word_1_11' title='bbox 817 471 996 542; x_wconf 91' lang='lat' dir='ltr'><strong>nunquam</strong></span> <span class='ocrx_word' id='word_1_12' title='bbox 1018 456 1133 519; x_wconf 90' lang='lat' dir='ltr'><strong>tamen</strong></span> <span class='ocrx_word' id='word_1_13' title='bbox 1159 427 1287 543; x_wconf 85' lang='lat' dir='ltr'><strong>oppor-</strong></span> 
     </span>
     <span class='ocr_line' id='line_1_3' title="bbox 203 571 1288 666; baseline -0.001 -22"><span class='ocrx_word' id='word_1_14' title='bbox 203 573 331 646; x_wconf 91' lang='lat' dir='ltr'><strong>tunius.</strong></span> <span class='ocrx_word' id='word_1_15' title='bbox 353 574 440 645; x_wconf 93' lang='lat' dir='ltr'><strong>Nam</strong></span> <span class='ocrx_word' id='word_1_16' title='bbox 465 573 592 666; x_wconf 88' lang='lat' dir='ltr'><strong>quietis</strong></span> <span class='ocrx_word' id='word_1_17' title='bbox 613 572 796 647; x_wconf 89' lang='lat' dir='ltr'><strong>consilium</strong></span> <span class='ocrx_word' id='word_1_18' title='bbox 816 571 1004 645; x_wconf 89' lang='lat' dir='ltr'><strong>iuvenibus</strong></span> <span class='ocrx_word' id='word_1_19' title='bbox 1024 573 1120 659; x_wconf 91' lang='lat' dir='ltr'><strong>utile,</strong></span> <span class='ocrx_word' id='word_1_20' title='bbox 1143 572 1288 645; x_wconf 87' lang='lat' dir='ltr'><strong>senibus</strong></span> 
     </span>
     <span class='ocr_line' id='line_1_4' title="bbox 203 692 1289 787; baseline -0.004 -19"><span class='ocrx_word' id='word_1_21' title='bbox 203 718 290 769; x_wconf 89' lang='lat' dir='ltr'><strong>vero</strong></span> <span class='ocrx_word' id='word_1_22' title='bbox 309 696 544 768; x_wconf 87' lang='lat' dir='ltr'><strong>necessarium</strong></span> <span class='ocrx_word' id='word_1_23' title='bbox 565 705 631 768; x_wconf 89' lang='lat' dir='ltr'><strong>est.</strong></span> <span class='ocrx_word' id='word_1_24' title='bbox 649 695 720 764; x_wconf 82' lang='lat' dir='ltr'><strong>Oh!</strong></span> <span class='ocrx_word' id='word_1_25' title='bbox 741 696 771 765; x_wconf 90' lang='lat' dir='ltr'><strong>si</strong></span> <span class='ocrx_word' id='word_1_26' title='bbox 788 692 834 766; x_wconf 89' lang='lat' dir='ltr'><strong>sit</strong></span> <span class='ocrx_word' id='word_1_27' title='bbox 853 696 960 766; x_wconf 90' lang='lat' dir='ltr'><strong>otium</strong></span> <span class='ocrx_word' id='word_1_28' title='bbox 977 704 1143 787; x_wconf 87' lang='lat' dir='ltr'><strong>quantam</strong></span> <span class='ocrx_word' id='word_1_29' title='bbox 1162 694 1221 764; x_wconf 90' lang='lat' dir='ltr'><strong>hie</strong></span> <span class='ocrx_word' id='word_1_30' title='bbox 1238 697 1289 765; x_wconf 94' lang='lat' dir='ltr'><strong>lo-</strong></span> 
     </span>
     <span class='ocr_line' id='line_1_5' title="bbox 204 816 1290 914; baseline -0.005 -23"><span class='ocrx_word' id='word_1_31' title='bbox 204 818 335 914; x_wconf 91' lang='lat' dir='ltr'><strong>quendi</strong></span> <span class='ocrx_word' id='word_1_32' title='bbox 354 818 531 892; x_wconf 77' lang='lat' dir='ltr'><strong>materiam</strong></span> <span class='ocrx_word' id='word_1_33' title='bbox 550 839 607 889; x_wconf 91' lang='lat' dir='ltr'><strong>res</strong></span> <span class='ocrx_word' id='word_1_34' title='bbox 625 816 741 891; x_wconf 88' lang='lat' dir='ltr'><strong>dabat.</strong></span> <span class='ocrx_word' id='word_1_35' title='bbox 761 817 831 889; x_wconf 90' lang='lat' dir='ltr'><strong>Sed</strong></span> <span class='ocrx_word' id='word_1_36' title='bbox 848 839 917 889; x_wconf 95' lang='lat' dir='ltr'><strong>non</strong></span> <span class='ocrx_word' id='word_1_37' title='bbox 935 817 1048 907; x_wconf 78' lang='lat' dir='ltr'><strong>magis</strong></span> <span class='ocrx_word' id='word_1_38' title='bbox 1069 837 1126 886; x_wconf 93' lang='lat' dir='ltr'><strong>me</strong></span> <span class='ocrx_word' id='word_1_39' title='bbox 1145 819 1290 908; x_wconf 91' lang='lat' dir='ltr'><strong>loquen-</strong></span> 
     </span>
     <span class='ocr_line' id='line_1_6' title="bbox 204 938 1290 1035; baseline -0.006 -21"><span class='ocrx_word' id='word_1_40' title='bbox 204 951 272 1014; x_wconf 91' lang='lat' dir='ltr'><strong>tem</strong></span> <span class='ocrx_word' id='word_1_41' title='bbox 294 941 459 1034; x_wconf 83' lang='lat' dir='ltr'><strong>intelligis</strong></span> <span class='ocrx_word' id='word_1_42' title='bbox 483 964 588 1035; x_wconf 88' lang='lat' dir='ltr'><strong>qnam</strong></span> <span class='ocrx_word' id='word_1_43' title='bbox 611 951 792 1013; x_wconf 81' lang='lat' dir='ltr'><strong>tacentem.</strong></span> <span class='ocrx_word' id='word_1_44' title='bbox 818 940 872 1010; x_wconf 92' lang='lat' dir='ltr'><strong>Nil</strong></span> <span class='ocrx_word' id='word_1_45' title='bbox 893 938 986 1010; x_wconf 94' lang='lat' dir='ltr'><strong>enim</strong></span> <span class='ocrx_word' id='word_1_46' title='bbox 1008 961 1078 1011; x_wconf 90' lang='lat' dir='ltr'><strong>non</strong></span> <span class='ocrx_word' id='word_1_47' title='bbox 1102 938 1216 1011; x_wconf 90' lang='lat' dir='ltr'><strong>dicam</strong></span> <span class='ocrx_word' id='word_1_48' title='bbox 1238 940 1290 1008; x_wconf 93' lang='lat' dir='ltr'><strong>lo-</strong></span> 
     </span>
     <span class='ocr_line' id='line_1_7' title="bbox 204 1061 1288 1158; baseline -0.004 -21"><span class='ocrx_word' id='word_1_49' title='bbox 204 1065 272 1158; x_wconf 90' lang='lat' dir='ltr'><strong>qui,</strong></span> <span class='ocrx_word' id='word_1_50' title='bbox 295 1063 356 1136; x_wconf 91' lang='lat' dir='ltr'><strong>sed</strong></span> <span class='ocrx_word' id='word_1_51' title='bbox 377 1066 434 1136; x_wconf 85' lang='lat' dir='ltr'><strong>uel</strong></span> <span class='ocrx_word' id='word_1_52' title='bbox 454 1065 609 1156; x_wconf 82' lang='lat' dir='ltr'><strong>cogitare</strong></span> <span class='ocrx_word' id='word_1_53' title='bbox 628 1085 767 1156; x_wconf 83' lang='lat' dir='ltr'>queam,</span> <span class='ocrx_word' id='word_1_54' title='bbox 786 1063 881 1155; x_wconf 89' lang='lat' dir='ltr'><strong>quod</strong></span> <span class='ocrx_word' id='word_1_55' title='bbox 902 1062 964 1133; x_wconf 91' lang='lat' dir='ltr'><strong>tibi</strong></span> <span class='ocrx_word' id='word_1_56' title='bbox 984 1063 1053 1135; x_wconf 90' lang='lat' dir='ltr'><strong>iam</strong></span> <span class='ocrx_word' id='word_1_57' title='bbox 1073 1084 1205 1134; x_wconf 89' lang='lat' dir='ltr'><strong>novum</strong></span> <span class='ocrx_word' id='word_1_58' title='bbox 1227 1061 1288 1133; x_wconf 90' lang='lat' dir='ltr'><strong>sit:</strong></span> 
     </span>
     <span class='ocr_line' id='line_1_8' title="bbox 205 1166 1292 1280; baseline -0.003 -21"><span class='ocrx_word' id='word_1_59' title='bbox 205 1188 366 1280; x_wconf 89' lang='lat' dir='ltr'><strong>quamvis</strong></span> <span class='ocrx_word' id='word_1_60' title='bbox 393 1186 458 1258; x_wconf 90' lang='lat' dir='ltr'><strong>hac</strong></span> <span class='ocrx_word' id='word_1_61' title='bbox 483 1187 517 1256; x_wconf 91' lang='lat' dir='ltr'><strong>in</strong></span> <span class='ocrx_word' id='word_1_62' title='bbox 545 1207 582 1256; x_wconf 93' lang='lat' dir='ltr'><strong>re</strong></span> <span class='ocrx_word' id='word_1_63' title='bbox 609 1206 678 1258; x_wconf 93' lang='lat' dir='ltr'><strong>non</strong></span> <span class='ocrx_word' id='word_1_64' title='bbox 703 1184 807 1256; x_wconf 91' lang='lat' dir='ltr'><strong>modo</strong></span> <span class='ocrx_word' id='word_1_65' title='bbox 840 1207 907 1276; x_wconf 82' lang='lat' dir='ltr'><strong>ego</strong></span> <span class='ocrx_word' id='word_1_66' title='bbox 938 1197 1046 1271; x_wconf 89' lang='lat' dir='ltr'><strong>certe,</strong></span> <span class='ocrx_word' id='word_1_67' title='bbox 1081 1184 1144 1258; x_wconf 88' lang='lat' dir='ltr'><strong>sed</strong></span> <span class='ocrx_word' id='word_1_68' title='bbox 1170 1166 1292 1256; x_wconf 90' lang='lat' dir='ltr'><strong>Cicero</strong></span> 
     </span>
     <span class='ocr_line' id='line_1_9' title="bbox 204 1307 1289 1382; baseline -0.002 -2"><span class='ocrx_word' id='word_1_69' title='bbox 204 1311 334 1382; x_wconf 80' lang='lat' dir='ltr'><strong>frustra</strong></span> <span class='ocrx_word' id='word_1_70' title='bbox 374 1318 408 1380; x_wconf 91' lang='lat' dir='ltr'><strong>te</strong></span> <span class='ocrx_word' id='word_1_71' title='bbox 445 1316 595 1382; x_wconf 89' lang='lat' dir='ltr'><strong>moneat.</strong></span> <span class='ocrx_word' id='word_1_72' title='bbox 636 1310 811 1379; x_wconf 91' lang='lat' dir='ltr'><strong>Bonarum</strong></span> <span class='ocrx_word' id='word_1_73' title='bbox 848 1307 940 1379; x_wconf 91' lang='lat' dir='ltr'><strong>enim</strong></span> <span class='ocrx_word' id='word_1_74' title='bbox 978 1329 1096 1380; x_wconf 91' lang='lat' dir='ltr'><strong>rerum</strong></span> <span class='ocrx_word' id='word_1_75' title='bbox 1134 1307 1289 1380; x_wconf 91' lang='lat' dir='ltr'><strong>omnium</strong></span> 
     </span>
    </p>
   </div>
   <div class='ocr_carea' id='block_1_3' title="bbox 206 1430 1296 2262">
    <p class='ocr_par' dir='ltr' id='par_1_3' title="bbox 206 1430 1296 2262">
     <span class='ocr_line' id='line_1_10' title="bbox 206 1430 1291 1525; baseline -0.005 -20"><span class='ocrx_word' id='word_1_76' title='bbox 206 1432 431 1505; x_wconf 89' lang='lat' dir='ltr'><strong>doctissimus</strong></span> <span class='ocrx_word' id='word_1_77' title='bbox 456 1431 490 1500; x_wconf 96' lang='lat' dir='ltr'><strong>in</strong></span> <span class='ocrx_word' id='word_1_78' title='bbox 522 1431 588 1501; x_wconf 90' lang='lat' dir='ltr'><strong>hac</strong></span> <span class='ocrx_word' id='word_1_79' title='bbox 613 1453 682 1502; x_wconf 91' lang='lat' dir='ltr'><strong>una</strong></span> <span class='ocrx_word' id='word_1_80' title='bbox 711 1431 884 1525; x_wconf 90' lang='lat' dir='ltr'><strong>teipsum</strong></span> <span class='ocrx_word' id='word_1_81' title='bbox 915 1439 1083 1523; x_wconf 91' lang='lat' dir='ltr'><strong>tuumque</strong></span> <span class='ocrx_word' id='word_1_82' title='bbox 1111 1430 1291 1522; x_wconf 80' lang='lat' dir='ltr'><strong>ingenium</strong></span> 
     </span>
     <span class='ocr_line' id='line_1_11' title="bbox 206 1552 1293 1650; baseline -0.004 -23"><span class='ocrx_word' id='word_1_83' title='bbox 206 1575 473 1650; x_wconf 79' lang='lat' dir='ltr'><strong>supergressus,</strong></span> <span class='ocrx_word' id='word_1_84' title='bbox 508 1554 543 1623; x_wconf 95' lang='lat' dir='ltr'><strong>in</strong></span> <span class='ocrx_word' id='word_1_85' title='bbox 577 1552 703 1625; x_wconf 87' lang='lat' dir='ltr'><strong>incude</strong></span> <span class='ocrx_word' id='word_1_86' title='bbox 728 1553 956 1647; x_wconf 74' lang='lat' dir='ltr'><strong>experientiae</strong></span> <span class='ocrx_word' id='word_1_87' title='bbox 986 1552 1143 1625; x_wconf 88' lang='lat' dir='ltr'><strong>exercitii</strong></span> <span class='ocrx_word' id='word_1_88' title='bbox 1169 1553 1293 1623; x_wconf 90' lang='lat' dir='ltr'><strong>malleo</strong></span> 
     </span>
     <span class='ocr_line' id='line_1_12' title="bbox 206 1673 1293 1769; baseline 0.001 -24"><span class='ocrx_word' id='word_1_89' title='bbox 206 1685 318 1747; x_wconf 89' lang='lat' dir='ltr'><strong>artem</strong></span> <span class='ocrx_word' id='word_1_90' title='bbox 339 1676 414 1747; x_wconf 92' lang='lat' dir='ltr'><strong>eius</strong></span> <span class='ocrx_word' id='word_1_91' title='bbox 441 1673 502 1746; x_wconf 91' lang='lat' dir='ltr'><strong>tibi</strong></span> <span class='ocrx_word' id='word_1_92' title='bbox 526 1675 757 1747; x_wconf 83' lang='lat' dir='ltr'><strong>certissimam</strong></span> <span class='ocrx_word' id='word_1_93' title='bbox 783 1676 967 1748; x_wconf 81' lang='lat' dir='ltr'><strong>exaudisti.</strong></span> <span class='ocrx_word' id='word_1_94' title='bbox 994 1677 1164 1769; x_wconf 85' lang='lat' dir='ltr'><strong>Equidem</strong></span> <span class='ocrx_word' id='word_1_95' title='bbox 1185 1697 1293 1768; x_wconf 90' lang='lat' dir='ltr'><strong>quam</strong></span> 
     </span>
     <span class='ocr_line' id='line_1_13' title="bbox 208 1797 1292 1892; baseline 0.006 -24"><span class='ocrx_word' id='word_1_96' title='bbox 208 1799 254 1869; x_wconf 87' lang='lat' dir='ltr'><strong>sit</strong></span> <span class='ocrx_word' id='word_1_97' title='bbox 274 1807 373 1889; x_wconf 82' lang='lat' dir='ltr'><strong>grata</strong></span> <span class='ocrx_word' id='word_1_98' title='bbox 395 1797 565 1868; x_wconf 85' lang='lat' dir='ltr'><strong>securitas</strong></span> <span class='ocrx_word' id='word_1_99' title='bbox 586 1817 762 1890; x_wconf 89' lang='lat' dir='ltr'><strong>nusquam</strong></span> <span class='ocrx_word' id='word_1_100' title='bbox 783 1798 912 1871; x_wconf 88' lang='lat' dir='ltr'><strong>certius</strong></span> <span class='ocrx_word' id='word_1_101' title='bbox 932 1822 1037 1892; x_wconf 90' lang='lat' dir='ltr'><strong>quam</strong></span> <span class='ocrx_word' id='word_1_102' title='bbox 1058 1799 1092 1869; x_wconf 90' lang='lat' dir='ltr'><strong>in</strong></span> <span class='ocrx_word' id='word_1_103' title='bbox 1113 1799 1292 1891; x_wconf 87' lang='lat' dir='ltr'><strong>periculo:</strong></span> 
     </span>
     <span class='ocr_line' id='line_1_14' title="bbox 207 1920 1293 2015; baseline 0 -23"><span class='ocrx_word' id='word_1_104' title='bbox 207 1943 315 2014; x_wconf 92' lang='lat' dir='ltr'><strong>quam</strong></span> <span class='ocrx_word' id='word_1_105' title='bbox 336 1921 437 2013; x_wconf 89' lang='lat' dir='ltr'><strong>quies</strong></span> <span class='ocrx_word' id='word_1_106' title='bbox 455 1920 568 1993; x_wconf 88' lang='lat' dir='ltr'><strong>dulcis</strong></span> <span class='ocrx_word' id='word_1_107' title='bbox 586 1943 759 2014; x_wconf 86' lang='lat' dir='ltr'><strong>nusquam</strong></span> <span class='ocrx_word' id='word_1_108' title='bbox 780 1923 906 1994; x_wconf 89' lang='lat' dir='ltr'><strong>melius</strong></span> <span class='ocrx_word' id='word_1_109' title='bbox 923 1945 1029 2015; x_wconf 90' lang='lat' dir='ltr'><strong>quam</strong></span> <span class='ocrx_word' id='word_1_110' title='bbox 1047 1923 1081 1992; x_wconf 92' lang='lat' dir='ltr'><strong>in</strong></span> <span class='ocrx_word' id='word_1_111' title='bbox 1098 1920 1217 1992; x_wconf 91' lang='lat' dir='ltr'><strong>labore</strong></span> <span class='ocrx_word' id='word_1_112' title='bbox 1234 1942 1293 1992; x_wconf 79' lang='lat' dir='ltr'><strong>co</strong></span> 
     </span>
     <span class='ocr_line' id='line_1_15' title="bbox 208 2042 1292 2138; baseline 0 -24"><span class='ocrx_word' id='word_1_113' title='bbox 208 2043 397 2137; x_wconf 81' lang='lat' dir='ltr'><strong>gnoscitur.</strong></span> <span class='ocrx_word' id='word_1_114' title='bbox 425 2042 460 2113; x_wconf 89' lang='lat' dir='ltr'><strong>Si</strong></span> <span class='ocrx_word' id='word_1_115' title='bbox 487 2043 562 2116; x_wconf 88' lang='lat' dir='ltr'><strong>haec</strong></span> <span class='ocrx_word' id='word_1_116' title='bbox 588 2065 672 2136; x_wconf 79' lang='lat' dir='ltr'><strong>crgo</strong></span> <span class='ocrx_word' id='word_1_117' title='bbox 701 2066 786 2116; x_wconf 87' lang='lat' dir='ltr'><strong>vera</strong></span> <span class='ocrx_word' id='word_1_118' title='bbox 813 2054 910 2131; x_wconf 90' lang='lat' dir='ltr'><strong>sunt,</strong></span> <span class='ocrx_word' id='word_1_119' title='bbox 932 2044 1018 2138; x_wconf 89' lang='lat' dir='ltr'><strong>quid</strong></span> <span class='ocrx_word' id='word_1_120' title='bbox 1042 2045 1139 2115; x_wconf 86' lang='lat' dir='ltr'><strong>iuvat</strong></span> <span class='ocrx_word' id='word_1_121' title='bbox 1163 2042 1292 2114; x_wconf 91' lang='lat' dir='ltr'><strong>totiens</strong></span> 
     </span>
     <span class='ocr_line' id='line_1_16' title="bbox 208 2164 1296 2262; baseline -0.002 -26"><span class='ocrx_word' id='word_1_122' title='bbox 208 2166 373 2259; x_wconf 83' lang='lat' dir='ltr'><strong>experiri,</strong></span> <span class='ocrx_word' id='word_1_123' title='bbox 395 2166 491 2259; x_wconf 92' lang='lat' dir='ltr'><strong>quod</strong></span> <span class='ocrx_word' id='word_1_124' title='bbox 510 2167 665 2259; x_wconf 91' lang='lat' dir='ltr'><strong>periculo</strong></span> <span class='ocrx_word' id='word_1_125' title='bbox 685 2165 816 2260; x_wconf 92' lang='lat' dir='ltr'><strong>aliquid</strong></span> <span class='ocrx_word' id='word_1_126' title='bbox 837 2189 985 2262; x_wconf 89' lang='lat' dir='ltr'><strong>semper,</strong></span> <span class='ocrx_word' id='word_1_127' title='bbox 1004 2167 1135 2238; x_wconf 90' lang='lat' dir='ltr'><strong>notitiae</strong></span> <span class='ocrx_word' id='word_1_128' title='bbox 1155 2166 1224 2236; x_wconf 91' lang='lat' dir='ltr'><strong>iam</strong></span> <span class='ocrx_word' id='word_1_129' title='bbox 1241 2164 1296 2235; x_wconf 94' lang='lat' dir='ltr'><strong>ni-</strong></span> 
     </span>
    </p>
   </div>
   <div class='ocr_carea' id='block_1_4' title="bbox 114 2287 1304 4214">
    <p class='ocr_par' dir='ltr' id='par_1_4' title="bbox 114 2287 1304 4214">
     <span class='ocr_line' id='line_1_17' title="bbox 210 2287 1294 2362; baseline 0.002 -4"><span class='ocrx_word' id='word_1_130' title='bbox 210 2289 258 2358; x_wconf 90' lang='lat' dir='ltr'><strong>hil</strong></span> <span class='ocrx_word' id='word_1_131' title='bbox 280 2289 442 2361; x_wconf 78' lang='lat' dir='ltr'><strong>adiiciat?</strong></span> <span class='ocrx_word' id='word_1_132' title='bbox 466 2290 610 2360; x_wconf 87' lang='lat' dir='ltr'><strong>Frustra</strong></span> <span class='ocrx_word' id='word_1_133' title='bbox 635 2287 762 2360; x_wconf 92' lang='lat' dir='ltr'><strong>dubios</strong></span> <span class='ocrx_word' id='word_1_134' title='bbox 787 2311 891 2361; x_wconf 88' lang='lat' dir='ltr'><strong>casus</strong></span> <span class='ocrx_word' id='word_1_135' title='bbox 917 2300 1088 2362; x_wconf 87' lang='lat' dir='ltr'><strong>retentare</strong></span> <span class='ocrx_word' id='word_1_136' title='bbox 1114 2289 1294 2360; x_wconf 89' lang='lat' dir='ltr'><strong>temeritas</strong></span> 
     </span>
     <span class='ocr_line' id='line_1_18' title="bbox 211 2409 1296 2505; baseline 0.001 -23"><span class='ocrx_word' id='word_1_137' title='bbox 211 2422 276 2496; x_wconf 92' lang='lat' dir='ltr'><strong>est,</strong></span> <span class='ocrx_word' id='word_1_138' title='bbox 298 2434 369 2505; x_wconf 92' lang='lat' dir='ltr'><strong>qua</strong></span> <span class='ocrx_word' id='word_1_139' title='bbox 389 2410 475 2481; x_wconf 92' lang='lat' dir='ltr'><strong>nihil</strong></span> <span class='ocrx_word' id='word_1_140' title='bbox 497 2410 611 2481; x_wconf 92' lang='lat' dir='ltr'><strong>minus</strong></span> <span class='ocrx_word' id='word_1_141' title='bbox 632 2409 801 2482; x_wconf 89' lang='lat' dir='ltr'><strong>doctrinae</strong></span> <span class='ocrx_word' id='word_1_142' title='bbox 820 2413 1027 2504; x_wconf 88' lang='lat' dir='ltr'><strong>professioni</strong></span> <span class='ocrx_word' id='word_1_143' title='bbox 1047 2413 1142 2483; x_wconf 88' lang='lat' dir='ltr'><strong>aetati</strong></span> <span class='ocrx_word' id='word_1_144' title='bbox 1163 2435 1204 2484; x_wconf 90' lang='lat' dir='ltr'><strong>ac</strong></span> <span class='ocrx_word' id='word_1_145' title='bbox 1224 2421 1296 2483; x_wconf 86' lang='lat' dir='ltr'><strong>sta-</strong></span> 
     </span>
     <span class='ocr_line' id='line_1_19' title="bbox 210 2531 1295 2627; baseline 0.005 -25"><span class='ocrx_word' id='word_1_146' title='bbox 210 2533 260 2604; x_wconf 91' lang='lat' dir='ltr'><strong>tui</strong></span> <span class='ocrx_word' id='word_1_147' title='bbox 286 2542 322 2604; x_wconf 88' lang='lat' dir='ltr'><strong>et</strong></span> <span class='ocrx_word' id='word_1_148' title='bbox 346 2542 482 2604; x_wconf 76' lang='lat' dir='ltr'><strong>naturae</strong></span> <span class='ocrx_word' id='word_1_149' title='bbox 508 2531 733 2625; x_wconf 91' lang='lat' dir='ltr'><strong>moribusque</strong></span> <span class='ocrx_word' id='word_1_150' title='bbox 758 2533 827 2605; x_wconf 90' lang='lat' dir='ltr'><strong>tuis</strong></span> <span class='ocrx_word' id='word_1_151' title='bbox 852 2537 1029 2622; x_wconf 87' lang='lat' dir='ltr'><strong>convenit,</strong></span> <span class='ocrx_word' id='word_1_152' title='bbox 1056 2534 1189 2627; x_wconf 88' lang='lat' dir='ltr'><strong>quaesi</strong></span> <span class='ocrx_word' id='word_1_153' title='bbox 1214 2555 1235 2606; x_wconf 87' lang='lat' dir='ltr'><strong>a</strong></span> <span class='ocrx_word' id='word_1_154' title='bbox 1261 2546 1295 2607; x_wconf 90' lang='lat' dir='ltr'><strong>te</strong></span> 
     </span>
     <span class='ocr_line' id='line_1_20' title="bbox 114 2655 1296 2754; baseline -0.001 -25"><span class='ocrx_word' id='word_1_155' title='bbox 114 2749 118 2754; x_wconf 9' lang='grc' dir='ltr'><strong>ἱ</strong></span> <span class='ocrx_word' id='word_1_156' title='bbox 210 2678 351 2751; x_wconf 89' lang='lat' dir='ltr'><strong>semper</strong></span> <span class='ocrx_word' id='word_1_157' title='bbox 376 2657 456 2728; x_wconf 92' lang='lat' dir='ltr'><strong>olim</strong></span> <span class='ocrx_word' id='word_1_158' title='bbox 482 2659 602 2750; x_wconf 91' lang='lat' dir='ltr'><strong>procul</strong></span> <span class='ocrx_word' id='word_1_159' title='bbox 622 2655 744 2742; x_wconf 86' lang='lat' dir='ltr'><strong>abfuit,</strong></span> <span class='ocrx_word' id='word_1_160' title='bbox 772 2657 854 2731; x_wconf 86' lang='lat' dir='ltr'><strong>vide</strong></span> <span class='ocrx_word' id='word_1_161' title='bbox 874 2681 918 2730; x_wconf 95' lang='lat' dir='ltr'><strong>ne</strong></span> <span class='ocrx_word' id='word_1_162' title='bbox 938 2661 1038 2731; x_wconf 88' lang='lat' dir='ltr'><strong>cuius</strong></span> <span class='ocrx_word' id='word_1_163' title='bbox 1065 2657 1140 2730; x_wconf 92' lang='lat' dir='ltr'><strong>vitii</strong></span> <span class='ocrx_word' id='word_1_164' title='bbox 1165 2678 1296 2751; x_wconf 87' lang='lat' dir='ltr'><strong>expers</strong></span> 
     </span>
     <span class='ocr_line' id='line_1_21' title="bbox 210 2779 1296 2876; baseline 0.004 -28"><span class='ocrx_word' id='word_1_165' title='bbox 210 2781 325 2852; x_wconf 88' lang='lat' dir='ltr'><strong>iunior</strong></span> <span class='ocrx_word' id='word_1_166' title='bbox 343 2779 440 2853; x_wconf 87' lang='lat' dir='ltr'><strong>fuisti</strong></span> <span class='ocrx_word' id='word_1_167' title='bbox 458 2780 534 2851; x_wconf 93' lang='lat' dir='ltr'><strong>eius</strong></span> <span class='ocrx_word' id='word_1_168' title='bbox 554 2780 788 2874; x_wconf 90' lang='lat' dir='ltr'><strong>suspicionem</strong></span> <span class='ocrx_word' id='word_1_169' title='bbox 806 2789 927 2876; x_wconf 91' lang='lat' dir='ltr'><strong>sponte</strong></span> <span class='ocrx_word' id='word_1_170' title='bbox 948 2781 1078 2853; x_wconf 90' lang='lat' dir='ltr'><strong>subeas</strong></span> <span class='ocrx_word' id='word_1_171' title='bbox 1095 2789 1199 2852; x_wconf 86' lang='lat' dir='ltr'><strong>aetate</strong></span> <span class='ocrx_word' id='word_1_172' title='bbox 1219 2781 1296 2863; x_wconf 88' lang='lat' dir='ltr'><strong>hac,</strong></span> 
     </span>
     <span class='ocr_line' id='line_1_22' title="bbox 215 2901 1297 2989; baseline -0.002 -15"><span class='ocrx_word' id='word_1_173' title='bbox 215 2903 272 2974; x_wconf 90' lang='lat' dir='ltr'><strong>cui</strong></span> <span class='ocrx_word' id='word_1_174' title='bbox 292 2911 328 2974; x_wconf 90' lang='lat' dir='ltr'><strong>et</strong></span> <span class='ocrx_word' id='word_1_175' title='bbox 347 2902 539 2975; x_wconf 87' lang='lat' dir='ltr'><strong>necessitas</strong></span> <span class='ocrx_word' id='word_1_176' title='bbox 566 2926 684 2975; x_wconf 89' lang='lat' dir='ltr'><strong>rerum</strong></span> <span class='ocrx_word' id='word_1_177' title='bbox 706 2901 828 2989; x_wconf 91' lang='lat' dir='ltr'><strong>minor,</strong></span> <span class='ocrx_word' id='word_1_178' title='bbox 846 2912 882 2974; x_wconf 92' lang='lat' dir='ltr'><strong>et</strong></span> <span class='ocrx_word' id='word_1_179' title='bbox 901 2902 977 2975; x_wconf 85' lang='lat' dir='ltr'><strong>ueri</strong></span> <span class='ocrx_word' id='word_1_180' title='bbox 997 2902 1161 2975; x_wconf 92' lang='lat' dir='ltr'><strong>iudicium</strong></span> <span class='ocrx_word' id='word_1_181' title='bbox 1184 2901 1297 2974; x_wconf 89' lang='lat' dir='ltr'><strong>maius</strong></span> 
     </span>
     <span class='ocr_line' id='line_1_23' title="bbox 212 3022 1296 3118; baseline -0.004 -23"><span class='ocrx_word' id='word_1_182' title='bbox 212 3023 268 3095; x_wconf 88' lang='lat' dir='ltr'><strong>sit.</strong></span> <span class='ocrx_word' id='word_1_183' title='bbox 294 3025 392 3096; x_wconf 91' lang='lat' dir='ltr'><strong>Ultro</strong></span> <span class='ocrx_word' id='word_1_184' title='bbox 416 3026 509 3097; x_wconf 91' lang='lat' dir='ltr'><strong>enim</strong></span> <span class='ocrx_word' id='word_1_185' title='bbox 535 3024 697 3118; x_wconf 89' lang='lat' dir='ltr'><strong>periculis</strong></span> <span class='ocrx_word' id='word_1_186' title='bbox 722 3045 763 3096; x_wconf 92' lang='lat' dir='ltr'><strong>ac</strong></span> <span class='ocrx_word' id='word_1_187' title='bbox 788 3023 1049 3098; x_wconf 88' lang='lat' dir='ltr'><strong>difficultatibus</strong></span> <span class='ocrx_word' id='word_1_188' title='bbox 1078 3046 1116 3097; x_wconf 92' lang='lat' dir='ltr'><strong>se</strong></span> <span class='ocrx_word' id='word_1_189' title='bbox 1137 3022 1296 3096; x_wconf 86' lang='lat' dir='ltr'><strong>offerenti</strong></span> 
     </span>
     <span class='ocr_line' id='line_1_24' title="bbox 212 3145 1298 3242; baseline 0 -26"><span class='ocrx_word' id='word_1_190' title='bbox 212 3145 426 3218; x_wconf 89' lang='lat' dir='ltr'><strong>inevitabilis</strong></span> <span class='ocrx_word' id='word_1_191' title='bbox 452 3156 508 3218; x_wconf 92' lang='lat' dir='ltr'><strong>est</strong></span> <span class='ocrx_word' id='word_1_192' title='bbox 534 3148 602 3217; x_wconf 90' lang='lat' dir='ltr'><strong>ista</strong></span> <span class='ocrx_word' id='word_1_193' title='bbox 631 3147 795 3240; x_wconf 91' lang='lat' dir='ltr'><strong>suspicio.</strong></span> <span class='ocrx_word' id='word_1_194' title='bbox 828 3148 899 3220; x_wconf 88' lang='lat' dir='ltr'><strong>Neo</strong></span> <span class='ocrx_word' id='word_1_195' title='bbox 927 3157 1076 3219; x_wconf 87' lang='lat' dir='ltr'><strong>excusat</strong></span> <span class='ocrx_word' id='word_1_196' title='bbox 1108 3145 1298 3242; x_wconf 90' lang='lat' dir='ltr'><strong>superioris</strong></span> 
     </span>
     <span class='ocr_line' id='line_1_25' title="bbox 215 3268 1298 3362; baseline 0.001 -22"><span class='ocrx_word' id='word_1_197' title='bbox 215 3270 421 3355; x_wconf 88' lang='lat' dir='ltr'><strong>auotoritas,</strong></span> <span class='ocrx_word' id='word_1_198' title='bbox 443 3290 524 3361; x_wconf 86' lang='lat' dir='ltr'><strong>quae</strong></span> <span class='ocrx_word' id='word_1_199' title='bbox 546 3269 664 3361; x_wconf 90' lang='lat' dir='ltr'><strong>utique</strong></span> <span class='ocrx_word' id='word_1_200' title='bbox 693 3270 724 3340; x_wconf 92' lang='lat' dir='ltr'><strong>si</strong></span> <span class='ocrx_word' id='word_1_201' title='bbox 744 3271 898 3362; x_wconf 81' lang='lat' dir='ltr'><strong>coegerit</strong></span> <span class='ocrx_word' id='word_1_202' title='bbox 917 3281 1125 3343; x_wconf 87' lang='lat' dir='ltr'><strong>excusaret:</strong></span> <span class='ocrx_word' id='word_1_203' title='bbox 1149 3268 1213 3341; x_wconf 87' lang='lat' dir='ltr'><strong>scd</strong></span> <span class='ocrx_word' id='word_1_204' title='bbox 1229 3272 1298 3342; x_wconf 87' lang='lat' dir='ltr'><strong>Ro-</strong></span> 
     </span>
     <span class='ocr_line' id='line_1_26' title="bbox 211 3388 1298 3485; baseline 0 -25"><span class='ocrx_word' id='word_1_205' title='bbox 211 3411 337 3462; x_wconf 92' lang='lat' dir='ltr'><strong>manus</strong></span> <span class='ocrx_word' id='word_1_206' title='bbox 359 3391 531 3472; x_wconf 81' lang='lat' dir='ltr'><strong>Pontifex,</strong></span> <span class='ocrx_word' id='word_1_207' title='bbox 558 3388 626 3460; x_wconf 91' lang='lat' dir='ltr'><strong>etsi</strong></span> <span class='ocrx_word' id='word_1_208' title='bbox 645 3399 680 3460; x_wconf 88' lang='lat' dir='ltr'><strong>te</strong></span> <span class='ocrx_word' id='word_1_209' title='bbox 704 3390 764 3461; x_wconf 95' lang='lat' dir='ltr'><strong>diu</strong></span> <span class='ocrx_word' id='word_1_210' title='bbox 789 3390 959 3463; x_wconf 88' lang='lat' dir='ltr'><strong>fidissimo</strong></span> <span class='ocrx_word' id='word_1_211' title='bbox 985 3401 1090 3485; x_wconf 91' lang='lat' dir='ltr'><strong>atque</strong></span> <span class='ocrx_word' id='word_1_212' title='bbox 1116 3391 1298 3463; x_wconf 87' lang='lat' dir='ltr'><strong>officiosis-</strong></span> 
     </span>
     <span class='ocr_line' id='line_1_27' title="bbox 214 3511 1296 3606; baseline -0.002 -23"><span class='ocrx_word' id='word_1_213' title='bbox 214 3512 302 3586; x_wconf 92' lang='lat' dir='ltr'><strong>simo</strong></span> <span class='ocrx_word' id='word_1_214' title='bbox 323 3534 410 3584; x_wconf 89' lang='lat' dir='ltr'><strong>usus</strong></span> <span class='ocrx_word' id='word_1_215' title='bbox 434 3511 491 3596; x_wconf 91' lang='lat' dir='ltr'><strong>sit,</strong></span> <span class='ocrx_word' id='word_1_216' title='bbox 513 3512 594 3583; x_wconf 91' lang='lat' dir='ltr'><strong>huic</strong></span> <span class='ocrx_word' id='word_1_217' title='bbox 616 3511 689 3606; x_wconf 87' lang='lat' dir='ltr'><strong>ipse</strong></span> <span class='ocrx_word' id='word_1_218' title='bbox 710 3512 852 3585; x_wconf 91' lang='lat' dir='ltr'><strong>idoneos</strong></span> <span class='ocrx_word' id='word_1_219' title='bbox 877 3515 1012 3586; x_wconf 88' lang='lat' dir='ltr'><strong>muneri</strong></span> <span class='ocrx_word' id='word_1_220' title='bbox 1033 3515 1159 3584; x_wconf 91' lang='lat' dir='ltr'><strong>multos</strong></span> <span class='ocrx_word' id='word_1_221' title='bbox 1180 3511 1296 3584; x_wconf 88' lang='lat' dir='ltr'><strong>habet.</strong></span> 
     </span>
     <span class='ocr_line' id='line_1_28' title="bbox 213 3634 1300 3730; baseline 0 -26"><span class='ocrx_word' id='word_1_222' title='bbox 213 3634 329 3728; x_wconf 82' lang='lat' dir='ltr'><strong>Atque</strong></span> <span class='ocrx_word' id='word_1_223' title='bbox 351 3635 483 3706; x_wconf 91' lang='lat' dir='ltr'><strong>utinam</strong></span> <span class='ocrx_word' id='word_1_224' title='bbox 504 3657 574 3706; x_wconf 94' lang='lat' dir='ltr'><strong>non</strong></span> <span class='ocrx_word' id='word_1_225' title='bbox 595 3644 644 3705; x_wconf 95' lang='lat' dir='ltr'><strong>tot</strong></span> <span class='ocrx_word' id='word_1_226' title='bbox 665 3647 798 3730; x_wconf 90' lang='lat' dir='ltr'><strong>essent,</strong></span> <span class='ocrx_word' id='word_1_227' title='bbox 822 3657 911 3728; x_wconf 90' lang='lat' dir='ltr'><strong>qnos</strong></span> <span class='ocrx_word' id='word_1_228' title='bbox 932 3635 1089 3707; x_wconf 91' lang='lat' dir='ltr'><strong>avaritiae</strong></span> <span class='ocrx_word' id='word_1_229' title='bbox 1113 3634 1244 3706; x_wconf 84' lang='lat' dir='ltr'><strong>stimuli</strong></span> <span class='ocrx_word' id='word_1_230' title='bbox 1264 3643 1300 3705; x_wconf 90' lang='lat' dir='ltr'><strong>et</strong></span> 
     </span>
     <span class='ocr_line' id='line_1_29' title="bbox 213 3755 1299 3863; baseline 0.001 -36"><span class='ocrx_word' id='word_1_231' title='bbox 213 3757 317 3830; x_wconf 89' lang='lat' dir='ltr'><strong>flatus</strong></span> <span class='ocrx_word' id='word_1_232' title='bbox 342 3755 539 3863; x_wconf 68' lang='lat' dir='ltr'><strong>ambitionis</strong></span> <span class='ocrx_word' id='word_1_233' title='bbox 565 3757 600 3827; x_wconf 92' lang='lat' dir='ltr'><strong>in</strong></span> <span class='ocrx_word' id='word_1_234' title='bbox 625 3779 728 3829; x_wconf 92' lang='lat' dir='ltr'><strong>omne</strong></span> <span class='ocrx_word' id='word_1_235' title='bbox 754 3758 983 3851; x_wconf 87' lang='lat' dir='ltr'><strong>praecipitium</strong></span> <span class='ocrx_word' id='word_1_236' title='bbox 1017 3758 1211 3853; x_wconf 88' lang='lat' dir='ltr'><strong>impellunt,</strong></span> <span class='ocrx_word' id='word_1_237' title='bbox 1238 3758 1299 3850; x_wconf 93' lang='lat' dir='ltr'><strong>qui</strong></span> 
     </span>
     <span class='ocr_line' id='line_1_30' title="bbox 214 3881 1300 3975; baseline 0.001 -26"><span class='ocrx_word' id='word_1_238' title='bbox 214 3882 349 3953; x_wconf 91' lang='lat' dir='ltr'><strong>nullum</strong></span> <span class='ocrx_word' id='word_1_239' title='bbox 368 3882 434 3954; x_wconf 92' lang='lat' dir='ltr'><strong>iter</strong></span> <span class='ocrx_word' id='word_1_240' title='bbox 460 3883 589 3952; x_wconf 90' lang='lat' dir='ltr'><strong>nullam</strong></span> <span class='ocrx_word' id='word_1_241' title='bbox 615 3881 782 3952; x_wconf 89' lang='lat' dir='ltr'><strong>horreant</strong></span> <span class='ocrx_word' id='word_1_242' title='bbox 801 3881 920 3954; x_wconf 92' lang='lat' dir='ltr'><strong>mundi</strong></span> <span class='ocrx_word' id='word_1_243' title='bbox 941 3883 1093 3975; x_wconf 79' lang='lat' dir='ltr'><strong>plagam,</strong></span> <span class='ocrx_word' id='word_1_244' title='bbox 1120 3904 1191 3973; x_wconf 90' lang='lat' dir='ltr'><strong>qua</strong></span> <span class='ocrx_word' id='word_1_245' title='bbox 1211 3902 1300 3953; x_wconf 91' lang='lat' dir='ltr'><strong>ven-</strong></span> 
     </span>
     <span class='ocr_line' id='line_1_31' title="bbox 214 4002 1300 4099; baseline 0.001 -26"><span class='ocrx_word' id='word_1_246' title='bbox 214 4002 281 4081; x_wconf 87' lang='lat' dir='ltr'><strong>tosi</strong></span> <span class='ocrx_word' id='word_1_247' title='bbox 301 4003 453 4077; x_wconf 91' lang='lat' dir='ltr'><strong>honores</strong></span> <span class='ocrx_word' id='word_1_248' title='bbox 474 4016 510 4077; x_wconf 92' lang='lat' dir='ltr'><strong>et</strong></span> <span class='ocrx_word' id='word_1_249' title='bbox 525 4006 691 4099; x_wconf 80' lang='lat' dir='ltr'><strong>periturae</strong></span> <span class='ocrx_word' id='word_1_250' title='bbox 711 4003 844 4076; x_wconf 83' lang='lat' dir='ltr'><strong>divitiae</strong></span> <span class='ocrx_word' id='word_1_251' title='bbox 864 4004 1044 4077; x_wconf 90' lang='lat' dir='ltr'><strong>adeantur.</strong></span> <span class='ocrx_word' id='word_1_252' title='bbox 1064 4004 1158 4076; x_wconf 87' lang='lat' dir='ltr'><strong>Cede</strong></span> <span class='ocrx_word' id='word_1_253' title='bbox 1178 4003 1300 4077; x_wconf 90' lang='lat' dir='ltr'><strong>tironi-</strong></span> 
     </span>
     <span class='ocr_line' id='line_1_32' title="bbox 215 4121 1304 4214; baseline 0.004 -20"><span class='ocrx_word' id='word_1_254' title='bbox 215 4121 291 4209; x_wconf 78' lang='lat' dir='ltr'><strong>bus</strong></span> <span class='ocrx_word' id='word_1_255' title='bbox 313 4137 478 4200; x_wconf 87' lang='lat' dir='ltr'><strong>veterane</strong></span> <span class='ocrx_word' id='word_1_256' title='bbox 498 4127 622 4214; x_wconf 89' lang='lat' dir='ltr'><strong>inclite,</strong></span> <span class='ocrx_word' id='word_1_257' title='bbox 642 4139 679 4200; x_wconf 91' lang='lat' dir='ltr'><strong>et</strong></span> <span class='ocrx_word' id='word_1_258' title='bbox 698 4126 853 4201; x_wconf 87' lang='lat' dir='ltr'><strong>vicissim</strong></span> <span class='ocrx_word' id='word_1_259' title='bbox 873 4128 922 4198; x_wconf 90' lang='lat' dir='ltr'><strong>illi</strong></span> <span class='ocrx_word' id='word_1_260' title='bbox 938 4128 1063 4200; x_wconf 89' lang='lat' dir='ltr'><strong>cedant</strong></span> <span class='ocrx_word' id='word_1_261' title='bbox 1080 4125 1152 4200; x_wconf 90' lang='lat' dir='ltr'><strong>tibi.</strong></span> <span class='ocrx_word' id='word_1_262' title='bbox 1172 4125 1304 4208; x_wconf 82' lang='lat' dir='ltr'><strong>Vidisti</strong></span> 
     </span>
    </p>
   </div>
   <div class='ocr_carea' id='block_1_5' title="bbox 0 0 1389 4680">
    <p class='ocr_par' dir='ltr' id='par_1_5' title="bbox 0 0 1389 4680">
     <span class='ocr_line' id='line_1_33' title="bbox 0 0 1389 4680; baseline 0 0"><span class='ocrx_word' id='word_1_263' title='bbox 0 0 1389 4680; x_wconf 95' lang='lat' dir='ltr'><strong> </strong></span> 
     </span>
    </p>
   </div>
  </div>
 </body>
</html>
