2738 4680
291 302 386 353 LIBER
406 300 916 357 v1ttslltttsett1tttts-uu1srotn
937 305 990 355 llll.
1141 297 1178 357 97

103 441 244 527 fallitur,
266 451 302 514 et
324 461 420 535 saepe
442 442 548 514 tutior
561 450 618 513 est
633 443 692 535 qui
711 443 828 515 minus
846 452 973 537 sperat.
990 443 1082 516 lllille
1098 457 1181 518 sunt

102 587 229 648 rerum,
252 563 348 635 mille
368 563 547 636 hominum
576 567 724 658 species
763 568 826 639 sed
859 568 893 638 in
927 567 982 640 his
1014 568 1178 641 omnibus

100 680 195 759 nteit
215 685 330 778 magis
364 708 470 778 quam
505 708 587 782 spes
620 709 691 759 una
724 687 963 761 circumvenit.
984 692 1057 763 Hac
1077 713 1122 763 ne
1143 692 1180 762 in

99 806 200 880 linem
222 809 479 880 circumvenias
505 812 641 903 aperire
674 812 793 882 oculos
825 812 962 906 incipio.
985 814 1100 886 Satius
1124 825 1181 887 est

98 932 188 1003 enim
225 951 306 1001 sero
326 953 433 1025 quam
458 953 638 1025 nunquam
660 953 795 1025 sapere.
818 933 925 1006 Cuius
958 935 1008 1007 rei
1029 935 1180 1032 primum

98 1055 278 1148 prodigus,
306 1054 438 1127 exhinc
470 1059 590 1148 largus
624 1057 773 1144 fueram,
803 1057 872 1128 iam
894 1078 1020 1152 parcus
1042 1060 1182 1152 iamque

97 1201 224 1252 avarus
260 1189 296 1250 et
328 1187 436 1250 tenax
468 1177 546 1249 lieri
577 1179 694 1251 velim.
722 1181 815 1252 Hora
835 1180 976 1274 quidem
997 1180 1177 1269 admonet,

98 1303 290 1375 necessitas
310 1302 416 1394 cogit;
443 1309 595 1374 nonest
620 1302 756 1375 iocandi
783 1305 896 1376 locus:
917 1305 1179 1398 praeveniemur

98 1433 128 1497 et
146 1435 406 1520 praevertemur
423 1425 458 1496 in
477 1425 616 1510 mediis,
638 1424 724 1497 mihi
743 1427 860 1510 crede,
883 1425 1083 1500 conatibus:
1112 1429 1179 1500 nisi

97 1548 374 1641 expergiscimur
392 1560 428 1620 et
447 1548 645 1635 obstamus,
668 1561 703 1620 et
723 1549 791 1621 nisi
812 1551 892 1623 totis
914 1550 1020 1622 animi
1041 1551 1177 1625 viribus

97 1674 331 1766 assurgimus
355 1673 605 1767 opprimemur.
632 1671 833 1766 Itaqueiam
848 1694 904 1745 me
924 1676 1000 1767 ipse
1020 1696 1178 1747 mearum

98 1806 207 1868 status
228 1819 362 1883 rerum,
383 1806 418 1868 et
437 1797 611 1867 intellecta
627 1795 696 1867 iam
713 1795 856 1869 tandem
877 1797 1021 1890 periculi
1044 1797 1177 1890 magni-

99 1922 186 2009 tudo,
210 1942 281 1993 non
301 1921 418 1993 minus
432 1942 535 2014 quam
552 1919 817 1991 Themistoclem
839 1920 984 2014 trophea
1005 1920 1176 2006 Miltiadis,

97 2067 114 2116 e
133 2067 258 2118 somno
277 2044 443 2118 excitant.
462 2044 564 2137 Saepe
583 2064 639 2113 me
656 2041 894 2138 semisopitum
913 2043 1029 2116 adhuc
1046 2045 1176 2117 clausis

97 2170 203 2242 oculis
225 2166 290 2240 sed
307 2176 517 2260 experrecto
537 2166 653 2238 animo
674 2187 758 2238 cura
778 2165 864 2256 vigil
886 2167 1004 2238 stratis
1025 2169 1173 2254 excutit,

95 2293 138 2365 ita
159 2302 198 2364 ut
217 2294 345 2376 lumen,
369 2289 464 2385 quod
486 2288 569 2360 mihi
582 2289 626 2361 de
639 2311 737 2362 more
758 2281 896 2382 pernox
916 2288 1078 2373 excubat,
1105 2311 1176 2362 non

95 2414 245 2501 videam,
282 2413 346 2486 sed
375 2424 546 2508 praetenta
578 2435 684 2484 manu
713 2412 833 2506 quasi.
843 2434 909 2507 per
938 2412 1103 2486 tenebras
1129 2413 1176 2485 ad

95 2536 292 2629 proximum
312 2537 480 2606 famulum
500 2532 727 2615 excitandum
739 2531 959 2628 proficiscar.
980 2534 1176 2606 Interdum·

95 2679 158 2753 que
176 2659 264 2730 mihi
285 2657 423 2744 accidit,
447 2659 543 2752 quod
565 2659 698 2745 rideas,
722 2669 760 2731 ut
781 2660 913 2754 apertis
934 2659 1071 2731 interim
1091 2680 1176 2731 ocu-

95 2784 143 2870 lis,
158 2793 385 2876 conspectum
398 2785 515 2855 lumen
529 2780 753 2868 extinxerim,
774 2804 819 2853 ne
841 2784 1098 2877 superveniens
1123 2786 1175 2854 fa-

95 2907 207 2978 mulus
224 2908 357 2979 frustra
372 2907 455 2998 quia
478 2925 516 2978 se
533 2913 701 2977 vexatum
719 2906 861 2976 intuens
880 2925 999 2977 secum
1020 2905 1096 2999 ipse
1116 2909 1176 2977 vel

94 3033 215 3103 tacitus
237 3051 336 3102 meas
358 3030 488 3102 rideret
512 3029 672 3125 ineptias,
693 3040 730 3101 et
749 3029 868 3102 nescio
892 3028 977 3122 quid
1002 3030 1096 3101 aliud
1121 3052 1176 3103 re-

95 3177 165 3226 rum
188 3154 331 3226 nescius
349 3153 530 3246 cogitaret.
553 3152 610 3224 Sio
631 3175 718 3238 sum,
741 3154 949 3246 etquamvis
972 3173 1080 3225 morae
1103 3175 1176 3246 poea

95 3278 210 3363 niteat,
235 3277 372 3349 consilii
404 3300 474 3349 non
507 3277 625 3372 pudet.
648 3278 785 3350 Utinam
819 3276 896 3348 haec
928 3277 1048 3350 iuveni
1074 3298 1174 3348 mens

94 3404 234 3475 luisset!
260 3402 374 3496 Unum
393 3403 460 3473 hoc
479 3404 603 3473 saltem
621 3402 777 3493 gratulor
795 3398 869 3471 seni
887 3399 963 3472 erit.
982 3400 1071 3471 Utile
1089 3398 1175 3470 illud

94 3536 125 3596 et
142 3524 283 3618 magnis
303 3524 483 3623 principiis
504 3535 730 3616 oportunum:
757 3520 821 3594 sed
846 3524 913 3594 hoc
938 3544 1079 3616 quoque
1104 3544 1174 3594 non

96 3649 211 3721 inutile
232 3671 298 3720 nec
319 3649 571 3741 spernendum:
596 3659 633 3719 ct
658 3647 688 3718 si
714 3647 748 3717 in
775 3648 943 3718 alterutro
968 3644 1174 3737 delinquen-

96 3771 172 3844 dum
189 3783 282 3856 erat,
303 3795 403 3844 mane
420 3772 633 3843 dormitasse
654 3770 836 3843 maluerim
853 3792 957 3862 quam
977 3789 1068 3839 sero.
1087 3766 1173 3837 Gra-

97 3892 186 3966 viora
208 3904 293 3967 sunt
311 3895 404 3966 enirn
425 3916 506 3989 quae
527 3894 573 3966 ad
593 3893 727 3966 exitum
755 3902 926 3987 spectant:
948 3889 1173 3986 periculosis-

99 4014 199 4089 simus
225 4040 327 4090 error
352 4029 548 4090 extremus:
581 4018 626 4090 de
661 4016 822 4089 omnibus
854 4014 937 4086 vitae
971 4014 1071 4085 annis
1103 4034 1172 4084 una

100 4140 211 4216 mortis
229 4142 317 4215 hora
336 4142 546 4234 pronuntiat.
570 4139 624 4214 Ad
644 4141 732 4212 hanc
749 4136 911 4231 componi
931 4137 1120 4229 singularis
1138 4147 1173 4207 et

216 4273 254 4310 tu.
1002 4261 1015 4307 l
