2940 4650
201 308 259 366 506
543 319 702 367 errabunt
723 319 938 372 transumunt.

201 464 319 534 saeculi
350 465 458 535 nostri
485 463 649 557 superbia
680 465 762 535 lecit
794 465 953 537 homines
984 469 1056 540 Deo
1084 491 1211 562 pares.
1241 470 1298 544 Au

200 586 314 679 potius
341 586 579 660 misericordia
605 586 770 660 iudicium
792 589 939 658 fraenat?
964 590 1034 661 Sed
1054 592 1156 676 vide,
1180 593 1295 666 iudex

200 708 400 794 infallibilis,
415 709 498 781 vide
513 710 653 781 nedum
675 709 795 802 paucis
816 732 939 803 parces
960 712 1090 802 perdas
1120 718 1293 789 innume·
1408 714 1413 729 ¹

198 853 273 916 roe,
296 842 331 902 et
356 832 467 927 pietas
494 832 672 902 sceleratis
693 831 850 904 exhibita
876 833 921 903 sit
948 835 1140 907 crudelitas
1161 837 1287 924 bonis,

198 953 420 1046 innoxiisque
448 954 668 1048 pernicies...
704 955 774 1026 Sed
798 954 884 1046 quid
916 958 1039 1047 loquor
1069 958 1288 1032 homuncio?

196 1080 276 1170 quis
297 1101 364 1168 ego
389 1100 467 1148 sum
500 1078 559 1170 qui
595 1087 709 1148 tecum
741 1077 897 1168 litigem?
918 1078 992 1149 Tibi
1014 1101 1078 1150 nos
1099 1103 1143 1152 ac
1161 1090 1284 1155 nostra

196 1201 459 1273 committimus:
475 1213 512 1272 tu
531 1201 671 1285 videris
694 1202 755 1292 qui
776 1201 919 1286 creasti,
941 1223 1077 1273 memor
1097 1202 1283 1276 imbecilli-

197 1335 302 1398 tatem
323 1334 479 1394 nostram
500 1321 631 1394 diutius
654 1322 720 1393 sub
750 1333 925 1395 tantarum
954 1344 1199 1398 aerumnarum
1223 1351 1282 1400 ou-

198 1450 290 1519 mulo
312 1469 378 1517 non
401 1465 504 1539 posse
526 1444 730 1517 subsistere.
766 1447 887 1539 ltaque
907 1448 958 1517 fer
978 1469 1078 1540 opem
1111 1461 1282 1543 opportu-

196 1591 291 1651 nam,
313 1569 395 1639 dum
418 1567 533 1639 adbuc
562 1568 753 1660 quidquam
785 1567 907 1661 reliqui
929 1576 999 1652 est,
1033 1591 1093 1655 ue,
1113 1571 1145 1640 si
1166 1572 1280 1663 perire
1321 1577 1324 1582 ’

193 1690 406 1785 permiseris,
448 1691 617 1761 suscitare
651 1687 782 1761 babeas
812 1711 901 1783 quos
936 1693 1074 1761 salvare
1107 1695 1279 1784 potueris.

194 1812 341 1897 Adesto,
376 1834 458 1906 spes
493 1825 621 1894 nostra,
654 1823 688 1884 et
718 1813 812 1903 quod
842 1813 998 1904 quotidie
1023 1814 1214 1898 iteramuS,
1246 1816 1279 1885 iu

195 1934 404 2007 adiutorium
422 1944 581 2006 nostrum
595 1935 737 2005 intende
750 1957 790 2006 ac
802 1935 942 2006 festina:
965 1946 1000 2006 et
1013 1937 1069 2006 vel
1083 1945 1134 2007 tot
1158 1937 1280 2008 mundi

194 2059 296 2141 mala,
319 2060 375 2129 vel
397 2058 564 2129 muudum
585 2057 699 2149 ipsum
722 2055 821 2127 linias
842 2078 1037 2149 precamur.

607 2518 788 2583 EPISTOLA
809 2513 871 2581 111.¹

266 2709 459 2759 FRANCISCUS
480 2709 650 2759 Perustae
672 2711 898 2761 GUBERNATORI
918 2712 1043 2762 PATRIAE
1065 2713 1092 2762 S.
1114 2714 1144 2762 P·
1170 2717 1202 2765 D.

517 2851 558 2906 De
575 2851 637 2906 vitae
656 2867 713 2906 suae
733 2851 921 2923 dispositione.

286 3098 412 3167 Fervet
437 3100 574 3170 animus
596 3109 630 3169 te
658 3097 796 3169 videndi
822 3099 1014 3185 desiderio,
1042 3109 1141 3190 pater
1169 3104 1277 3174 alme.

187 3217 256 3290 Sed
276 3218 400 3290 civitas
422 3231 528 3292 terret
554 3220 741 3313 obstatque
768 3220 865 3292 visco
898 3222 981 3292 illita
1009 3221 1138 3309 tenaci,
1169 3225 1277 3296 cuius

185 3341 264 3437 odio
290 3344 445 3414 caritatis
471 3341 622 3414 vincitur
643 3344 757 3416 ardor.
780 3342 912 3415 Crebro
933 3345 978 3415 ad
1005 3356 1038 3417 te
1066 3345 1189 3417 venire
1216 3368 1278 3418 as-

186 3465 309 3537 siduus
330 3466 469 3558 quidem
491 3468 643 3558 impetus
671 3475 795 3558 urget:
822 3478 905 3537 tunc
939 3465 1016 3538 sine
1043 3490 1139 3539 mora
1166 3491 1276 3562 egre-

276 3654 283 3684 ¹
301 3655 371 3705 lianc
386 3655 518 3720 epistolam
538 3654 651 3718 reperies
668 3661 724 3718 post
741 3661 874 3704 tractatum
889 3655 924 3703 De
943 3654 998 3707 Vita
1018 3653 1138 3706 Solitaria
1159 3655 1205 3705 Fr.
1225 3656 1278 3706 Pe·

182 3739 271 3785 trarcau
290 3737 442 3800 impressum
464 3735 602 3799 Mediolani
622 3749 688 3784 anan
707 3735 800 3784 damini
817 3733 884 3784 llas
898 3737 1102 3798 permanaturam
1122 3735 1277 3788 [ildericum

181 3816 365 3874 Salnaenaeler,
383 3816 427 3880 qui
443 3824 588 3867 asservatur
607 3816 633 3864 in
656 3815 753 3865 urbana
772 3815 887 3866 biblioth.
910 3814 1076 3866 casanatensi
1090 3815 1129 3878 (N.
1151 3816 1193 3867 Vl.
1213 3820 1274 3882 l3):

181 3898 346 3962 eiusdemque
360 3899 474 3961 epistole
487 3899 591 3962 primam
609 3904 706 3960 partem
723 3897 802 3947 babes
819 3898 896 3947 etiam
909 3897 935 3946 iu
949 3898 1058 3959 quodam
1073 3896 1207 3949 volumine
1230 3901 1277 3951 cui

182 3977 282 4027 titulus:
304 3978 445 4042 llodulplraa
461 3977 589 4041 Apriaola:
606 3977 637 4026 de
663 3975 795 4036 {armando
817 3976 908 4026 studio.
930 3975 1036 4026 Basileoe
1056 3988 1102 4038 per
1126 3974 1276 4029 Hunutcuu

181 4055 285 4107 Puunuu
308 4073 391 4110 measa
411 4058 502 4110 Martio
526 4059 573 4109 Aa.
598 4055 752 4119 Muttini,
777 4057 845 4120 quod
867 4065 908 4108 est
931 4057 1017 4109 Romae
1042 4056 1069 4106 iu
1091 4055 1156 4106 Bibl.
1186 4058 1276 4123 Auge-

181 4135 228 4186 lice
242 4134 343 4201 (Μ).
766 4170 768 4176 .
984 4168 986 4173 «
