2738 4680
202 299 261 361 tlt
461 362 465 368 ,
542 314 583 362 nu
604 313 705 362 nunus
727 311 949 361 riurnnrunus

202 456 293 528 inter
313 456 399 528 baec
421 455 536 527 studia
555 466 591 526 et
613 456 676 525 lias
698 476 802 526 curas
829 455 990 548 spiritum
1016 453 1194 528 exhalare.
1220 457 1286 527 Ubi

203 580 294 650 enim
310 580 434 650 molins
448 578 594 672 possim,
611 588 671 649 aut
682 577 768 670 quid
780 579 917 669 agendo
931 579 1040 650 tutius
1055 579 1136 650 hinc
1149 579 1284 665 abeam,

203 723 309 793 quum
330 701 479 784 amando
496 710 531 772 et
548 700 775 772 memorando
792 708 827 770 et
843 700 1020 773 laudando
1041 722 1180 796 semper
1193 725 1285 785 eum,

203 826 263 917 qui
289 823 356 894 nisi
382 845 438 894 me
464 847 603 918 semper
631 832 797 908 amasset,
821 821 906 892 nihil
930 822 1072 917 penitus
1097 827 1170 911 vel,
1193 826 1288 918 quod

203 948 321 1018 minus
346 957 402 1018 est
427 947 546 1030 nihilo,
570 946 678 1017 miser
701 966 832 1026 essem,
860 956 896 1018 et
921 945 1054 1017 sieins
1078 968 1177 1018 amor
1202 970 1289 1040 erga

203 1094 259 1143 me
280 1070 383 1142 finem
410 1070 606 1153 habuisset,
637 1091 711 1141 mea
738 1067 843 1139 finem
870 1070 1011 1139 miseria
1029 1090 1099 1140 non
1118 1058 1291 1142 h‘aberet‘l

183 1246 185 1257 1
203 1195 330 1266 Amavi
345 1216 412 1286 ego
429 1194 629 1265 Ciceronem
651 1194 774 1276 lateor,
790 1203 825 1263 et
837 1192 1020 1283 Virgilium
1039 1193 1153 1263 amavi
1176 1212 1287 1287 usque

204 1319 292 1391 adeo
312 1318 452 1410 quidem
474 1319 553 1387 stilo
573 1316 765 1388 delectatus
782 1327 818 1387 et
835 1314 988 1406 ingenie,
1007 1326 1046 1387 ut
1061 1315 1146 1385 nihil
1164 1337 1287 1411 supra:

204 1441 291 1512 alios
305 1461 453 1532 quoque
471 1459 577 1532 quam
600 1437 767 1530 plurimos
787 1458 834 1506 ex
852 1437 1041 1507 illustrium
1057 1446 1209 1521 caterva,
1224 1438 1289 1515 sed

204 1563 269 1638 hos
286 1562 335 1632 ita
354 1562 456 1654 qnasi
477 1561 534 1632 ille
551 1561 638 1632 mibi
653 1580 781 1652 parens
798 1557 922 1669 luerit,
940 1559 1006 1662 isle
1026 1541 1227 1652 germanus.
1250 1562 1289 1632 10

204 1685 297 1756 hunc
323 1707 477 1756 amorem
499 1707 553 1755 me
578 1682 762 1756 amborum
789 1682 892 1754 duxit
916 1682 1112 1768 admiratio,
1133 1691 1169 1753 et
1189 1686 1308 1757 fami?

206 1808 340 1879 liaritas
371 1809 612 1880 camillorum
641 1805 789 1899 ingeniis
819 1809 924 1898 longo
954 1806 1068 1888 studio
1095 1818 1288 1895 contracta,

205 1939 369 2022 quantam
388 1932 566 2003 visiscum
581 1929 779 2002 hominibus
797 1931 860 2000 vix
880 1931 1036 2002 contrabi
1053 1952 1157 2023 posse
1174 1945 1288 2025 putes.

205 2054 330 2125 Amavi
352 2054 511 2126 similiter
532 2057 707 2126 Platonem
729 2075 776 2124 ex
797 2055 927 2128 Graecis
953 2066 1057 2147 atque
1083 2056 1288 2142 Homerum,

204 2170 353 2269 quorum
375 2179 513 2271 ingenia
539 2179 670 2251 nostris
695 2178 849 2256 admota,
881 2197 976 2269 saepe
996 2177 1118 2248 iudicii
1142 2178 1289 2250 dubium

206 2323 263 2372 me
275 2303 400 2373 fecere.
415 2303 482 2372 Sed
496 2302 564 2372 iam
583 2323 675 2373 nunc
692 2303 804 2372 maius
820 2299 935 2392 agitur
948 2299 1142 2391 negotium,
1163 2302 1289 2374 maior-

206 2446 274 2516 que
297 2425 419 2495 salutis
439 2446 546 2517 quam
572 2424 781 2517 eloquentiae
806 2445 892 2494 cura
916 2433 981 2493 est.
1008 2422 1094 2514 Legi
1121 2446 1203 2516 quae
1228 2426 1296 2505 de-⁸

207 2545 393 2630 leotabant,
414 2548 493 2637 lego
514 2567 594 2639 quae
615 2544 760 2640 prosint.
779 2545 841 2616 His
858 2544 944 2628 mibi
960 2545 1204 2622 nuncanimus
1224 2559 1289 2632 est

205 2667 311 2739 immo
335 2690 420 2741 vero
446 2668 649 2761 iampridem
676 2668 753 2752 luit,
776 2690 890 2760 neque
916 2667 1007 2739 enim
1034 2665 1288 2764 nuncincipio.

207 2791 330 2884 Neque
349 2814 436 2864 vero
457 2815 512 2864 me
537 2791 573 2863 id
594 2803 673 2864 ante
695 2803 833 2887 tempus
853 2813 958 2883 agere
981 2810 1083 2863 coma·
1099 2791 1223 2886 probat
1242 2795 1292 2865 al·

206 2913 368 2987 bescens.
390 2916 533 3008 lamque
553 2925 710 2988 oratores
735 2915 803 2986 mei
825 2915 953 2987 luerint
975 2912 1199 3002 Ambrosius,
1221 2916 1290 2990 bu·

208 3039 388 3128 gustinuS,
404 3039 638 3134 Hieronymus
656 3050 690 3111 et
708 3039 916 3131 Gregorius:
937 3036 1165 3131 philosophus
1186 3061 1291 3124 meus

122 3233 128 3249 ,
206 3161 352 3246 Ρ60100,
368 3170 468 3253 poeta
480 3163 607 3245 David,
630 3186 747 3256 quem,
764 3173 801 3234 nt
815 3162 916 3246 nosti,
939 3163 1066 3232 multos
1083 3170 1164 3246 ante
1178 3184 1291 3235 annos
1310 3139 1313 3146 ¹

207 3282 319 3378 prima
339 3284 464 3374 egloga
484 3284 628 3356 bucolici
649 3286 816 3358 carminis
839 3285 886 3357 ita
914 3306 1005 3355 cum
1023 3285 1186 3368 Homero,
1213 3285 1293 3356 Vir·

119 3482 120 3485 ,
210 3406 363 3500 gilioque
389 3408 579 3498 composui,
607 3419 645 3478 ut
670 3407 716 3478 ibi
744 3408 885 3515 quidem
905 3406 1049 3515 victoria
1074 3428 1205 3501 anceps
1234 3407 1290 3490 sit,

209 3528 266 3601 bie
286 3551 383 3615 vern,
406 3529 471 3600 etsi
487 3530 610 3602 adbuc
632 3528 747 3602 obstet
771 3530 934 3602 radicatae
947 3529 1217 3613 ,consuetudinis
1237 3531 1293 3601 vis

212 3653 371 3745 antiqua,
398 3651 543 3723 dubium
569 3654 746 3724 tamenin
774 3675 811 3723 re
835 3673 916 3723 esse
948 3674 1017 3723 000
1052 3652 1132 3722 01011
1164 3650 1293 3723 victrix

212 3775 443 3869 experientia,
465 3786 569 3869 atque
589 3776 699 3848 oculis
727 3796 805 3848 sese
831 3776 1018 3848 infundens
1043 3775 1176 3866 fulgida
1201 3776 1296 3848 veri-

214 3879 420 3994 tassNeque
431 3900 514 3972 ideo
530 3901 612 3994 quia
630 3900 694 3972 bos
709 3899 936 3994 praetulerim,
956 3901 1033 3970 illos
1050 3897 1185 3985 abiicio,
1200 3899 1294 3992 quod

214 4041 252 4091 se
278 4023 403 4095 iecisse
429 4022 662 4120 Hieronymus
684 4021 835 4094 scribere
862 4023 976 4116 potius
1002 4042 1113 4116 quam
1134 4020 1295 4114 sequenti

215 4145 514 4238 stiloapprobare
547 4126 646 4220 uisus
678 4156 733 4219 est
761 4145 853 4218 mibi.
882 4147 968 4236 ligow
992 4156 1159 4238 utrosque
1190 4144 1293 4217 simul
