2738 4680
208 346 265 407 tlt
545 359 587 407 nn
607 360 708 409 neom
730 358 952 407 ramulnenses

207 524 306 596 agas,
333 522 467 595 proque
490 500 657 572 effrenata
681 500 824 572 libidine
851 501 1054 573 modestiam
1084 502 1193 584 colas
1223 523 1287 595 pro

207 633 406 717 contemptu
427 622 487 694 Dei
509 632 545 693 et
564 622 757 702 hominnm,
777 621 872 714 quod
894 621 1001 692 tutius
1021 619 1094 707 fiet,
1117 621 1286 692 mundum

209 765 354 840 spernas
373 766 415 816 ac
434 756 469 817 te
493 744 621 837 ipsum,
644 753 679 814 et
698 742 918 814 hortatricem
944 743 1126 814 criminum
1145 765 1286 815 carnem

208 877 318 952 tuam,
340 889 410 960 qua
426 868 473 937 nil
494 865 555 937 tibi
576 866 749 937 inimicius
770 866 855 936 vitae
872 877 939 950 est,
963 866 1063 965 cuius
1083 866 1229 938 consilio
1253 877 1288 938 et

208 992 243 1060 in
263 1012 331 1076 me,
353 999 390 1062 et
408 989 503 1083 quod
527 1000 584 1060 est
607 992 711 1081 longe
732 987 981 1080 gravissimum
1003 998 1107 1082 atque
1132 990 1290 1061 miserri-

208 1135 320 1199 mum,
343 1112 378 1183 in
394 1115 505 1184 Deum
532 1123 629 1184 tuum
656 1113 785 1183 nefarie
806 1111 994 1184 rebellasti.
1015 1113 1152 1184 Mecum
1173 1121 1288 1184 tamen

208 1248 247 1308 ut
265 1234 456 1308 videbitur:
478 1257 557 1307 cum
578 1237 638 1306 illo
665 1237 761 1334 prins
787 1238 822 1306 in
848 1236 993 1328 gratiam
1020 1235 1144 1308 redeas
1164 1236 1287 1307 velim:

209 1359 360 1451 alioquin
386 1358 517 1429 domini
545 1358 611 1429 mei
637 1339 771 1429 bostem
796 1361 919 1431 volens
945 1361 1033 1430 meis
1065 1357 1134 1430 snb
1155 1357 1290 1430 laribus

209 1503 278 1552 non
304 1479 442 1551 videbo.
469 1481 568 1551 lllum
596 1481 626 1552 si
653 1481 716 1552 rite
742 1482 936 1574 placaveris
957 1481 1037 1576 (est
1064 1482 1155 1553 enim
1183 1503 1290 1577 supra

211 1602 317 1676 fidem
336 1603 429 1675 mitis
442 1625 484 1674 ac
497 1603 695 1699 placabilis)
709 1606 808 1677 facile
826 1581 901 1700 ipse
922 1623 1019 1675 meas
1039 1603 1184 1675 iniurias
1203 1602 1292 1674 obli-

210 1727 328 1800 viscar
347 1729 414 1800 etsi
435 1729 554 1799 multae
575 1726 657 1814 sint,
675 1735 711 1799 et
726 1704 782 1800 cui
802 1727 966 1799 dominus
982 1726 1186 1821 pepercerit,
1208 1747 1292 1797 con-

211 1872 338 1923 servus
361 1850 498 1922 veniam
521 1872 591 1922 non
612 1851 769 1942 negab03
791 1873 905 1944 neque
930 1849 1089 1922 oblivisci
1109 1861 1232 1943 potero
1251 1848 1293 1917 il-

185 2051 191 2060 Ι
211 1973 271 2045 lud
292 1973 538 2056 Ecclesiastici.
559 1973 611 2043 Nc
627 1972 786 2069 despicias
805 1975 970 2043 bominem
992 1981 1193 2043 avertentem
1213 1993 1248 2040 se
1271 1995 1293 2041 a

209 2108 353 2190 peccato,
376 2119 481 2188 acque
500 2100 701 2192 improperes
718 2100 764 2169 ei:
785 2107 945 2166 memento
962 2097 1117 2184 quonium
1133 2095 1293 2164 omuesin

211 2223 453 2315 corruptionem
477 2243 599 2291 sumus.
627 2220 696 2292 Sed
719 2221 796 2292 baec
828 2220 1008 2290 hactenus.
1036 2216 1164 2310 Scripsi
1193 2219 1293 2310 plura

211 2363 317 2434 qnam
337 2341 480 2413 credidi.
508 2341 743 2413 Misericordia
769 2341 873 2413 hodie
897 2340 984 2411 iram
1007 2338 1105 2422 vicit;
1126 2338 1203 2410 baec
1230 2335 1292 2408 tibi

212 2473 340 2550 autem,
362 2463 596 2535 infelicissime
613 2463 830 2547 adolescens
849 2465 980 2535 frustra
991 2463 1133 2555 quidem
1147 2470 1185 2533 ut
1198 2472 1291 2557 puto,

214 2587 278 2658 sed
297 2586 380 2678 quia
398 2586 550 2658 maxime
568 2608 684 2659 meum
695 2598 771 2659 erat
785 2607 880 2680 saepe
894 2587 954 2658 tibi
968 2596 1102 2658 rectum
1116 2587 1182 2657 iter
1193 2604 1294 2656 mon-

214 2718 342 2792 strare,
365 2709 489 2779 iterum
511 2718 616 2802 atque
641 2710 767 2783 iterum
793 2733 837 2782 ne
861 2721 960 2782 tuum
986 2711 1116 2781 crimen
1141 2710 1294 2801 aliquam

215 2832 299 2902 mihi
318 2833 430 2924 cnlpoe
451 2826 681 2924 suspicionem
703 2833 915 2929 applicuisse
935 2834 1129 2916 videretur,
1152 2831 1182 2903 si
1205 2831 1293 2903 lein

213 2973 316 3024 omne
338 2957 466 3025 malum
494 2957 590 3049 lapso
615 2955 650 3024 in
677 2955 851 3028 silentium
872 2976 939 3046 ego
961 2954 1165 3038 collaberer,
1189 2965 1293 3046 teque

214 3075 427 3166 praecipitem
453 3076 577 3148 tacitus
604 3088 814 3170 spectarem;
842 3077 917 3148 haee
945 3076 1016 3163 tibi,
1038 3078 1188 3169 inquam,
1212 3075 1295 3146 vita

215 3195 362 3288 perditae
386 3207 421 3268 et
446 3196 591 3269 obiectae
618 3201 693 3293 spei
718 3199 873 3273 remedia
896 3211 999 3293 atque
1024 3200 1180 3271 instituta
1204 3217 1296 3291 prae·

217 3318 414 3411 scripserim
436 3339 498 3414 pro
517 3321 693 3416 desperati
713 3344 755 3393 ao
780 3323 928 3414 neglecti
951 3321 1083 3394 veterni
1110 3321 1159 3394 tui
1186 3319 1296 3414 quali-

217 3452 286 3514 tate
305 3441 439 3528 brevia,
463 3444 532 3528 sed,
555 3444 589 3515 ni
609 3446 756 3539 respuis
776 3447 988 3518 nuncetiam
1007 3443 1167 3517 fortassis
1187 3442 1293 3514 utilia.

216 3565 288 3636 Etsi
303 3567 394 3639 enim
409 3565 532 3638 acriter
545 3568 689 3640 intuenti
702 3571 834 3640 nullum
850 3570 884 3640 in
901 3579 934 3640 te
948 3568 1031 3639 mibi
1048 3565 1295 3661 prognosticon

217 3691 338 3762 salutis
360 3702 533 3785 appareat,
555 3689 615 3763 dat
635 3699 747 3762 tamen
776 3691 849 3786 spei
871 3692 1000 3785 aliquid
1026 3701 1113 3762 aetas
1134 3700 1209 3774 toa,
1234 3688 1295 3760 sed

216 3815 326 3884 multo
342 3813 490 3907 amplius
509 3813 585 3883 laesi
598 3813 727 3884 domini
747 3815 944 3900 clementia,
959 3835 1040 3907 quae
1059 3812 1122 3883 sibi
1139 3832 1236 3905 saepe
1252 3810 1298 3882 de

218 3934 377 4007 hostibus
398 3935 529 4007 amicos
549 3936 639 4008 feeit.
656 3937 729 4011 Nec
749 3938 862 4009 minus
883 3960 990 4030 quam
1010 3937 1105 4030 quod
1125 3936 1159 4007 in
1179 3935 1297 4007 multis

217 4056 329 4147 potuit
350 4058 384 4127 in
410 4070 442 4129 te
467 4068 595 4151 potest,
624 4059 727 4131 modo
752 4060 800 4130 illi
827 4059 872 4132 ad
897 4069 931 4132 te
957 4059 1087 4131 aditum
1114 4057 1295 4154 praebeas,

217 4175 421 4273 obicemque
441 4182 633 4255 dimoveas.
654 4184 704 4255 De
724 4183 789 4258 boc
808 4193 920 4256 tamen
938 4183 1012 4275 ipse
1029 4182 1173 4254 videris.
1197 4180 1297 4267 Quod
