2730 4680
229 295 268 356 tt
568 304 611 352 na
631 303 733 352 araus
753 303 976 352 camerimnus

227 444 262 515 in
280 451 374 515 statu
390 462 454 535 par
467 437 673 532 obsequium
692 438 870 531 impendit.
888 437 991 522 Quod
1006 438 1064 509 vel
1080 436 1228 509 Athenis
1246 443 1301 510 vei

226 567 348 638 Romae
368 567 497 636 iactum
517 562 651 657 opinari
672 562 762 633 licet.
789 561 875 633 Nam
896 570 933 631 et
951 570 1100 653 utroque
1120 561 1301 632 trahentes

225 690 444 763 coniecturas
463 686 576 759 babeo
595 685 641 758 de
662 686 869 778 scriptorum
888 682 999 766 dictis,
1021 705 1086 755 nec
1106 681 1152 754 ab
1171 684 1301 754 utrius-

226 834 295 906 que
315 811 412 883 urbis
434 811 578 903 reliquis
598 807 756 880 moribus
777 829 833 877 res
859 805 1035 890 abhorret,
1056 817 1092 877 et
1116 805 1301 899 utrobique

111 969 113 973 ·
225 937 352 1007 factum
373 954 455 1006 esse
474 933 520 1003 nil
544 932 712 1028 prohibet,
735 931 930 1023 praesertim
947 952 1027 1000 curn
1048 928 1205 1000 historici
1223 930 1301 1023 qui-

225 1057 305 1129 dam
339 1057 492 1129 Cimonis
525 1054 790 1126 Atheniensium
816 1055 933 1145 magni
958 1052 1059 1124 ducis
1095 1050 1215 1138 filiam,
1244 1055 1300 1124 alii

225 1180 389 1254 humilem
415 1190 451 1251 et
471 1181 625 1271 ignotam
649 1178 824 1249 faeminam
844 1177 982 1272 scriptis
999 1176 1198 1248 indiderint.
1225 1178 1301 1249 Coe·

225 1313 336 1374 terum
358 1313 397 1373 ut
415 1302 557 1373 omissis
577 1299 694 1373 dubiis
714 1311 811 1373 certa
831 1317 1115 1385 commemorem,
1137 1323 1218 1372 cum
1239 1301 1301 1372 ad-

225 1425 361 1496 miratio
379 1424 527 1518 primum
544 1436 621 1496 orta
641 1412 735 1517 quod
758 1427 845 1495 ultra
861 1425 1055 1496 naturalem
1075 1421 1217 1494 modum
1233 1420 1300 1493 cibi

224 1548 324 1641 inops
354 1549 426 1618 vita
458 1547 738 1642 protenderetur,
765 1547 892 1618 deinde
916 1544 1116 1618 observatio
1141 1547 1301 1617 intentior

104 1744 106 1751 ,
223 1671 378 1743 adhibita
398 1682 505 1754 esset,
524 1682 629 1764 atque
650 1671 697 1742 ita
718 1694 813 1743 resa
832 1669 1037 1744 custodibus
1058 1671 1238 1754 intellecta,
1257 1671 1301 1742 ad

224 1793 398 1865 triumviri
426 1794 484 1887 qui
506 1796 685 1889 suppliciis
706 1805 871 1890 praeerat,
898 1818 940 1867 ac
959 1817 1021 1888 per
1039 1817 1120 1869 eum
1147 1793 1192 1864 ad
1210 1815 1302 1887 prae-

224 1917 309 1991 toris
329 1918 389 2012 qui
416 1919 621 1990 seutentiam
643 1921 781 2002 tulerat,
809 1919 890 1990 inde
910 1930 1027 1990 autem
1053 1917 1099 1988 ad
1118 1920 1300 1989 consulum

223 2040 378 2114 notitiam
408 2042 639 2138 pervenisset,
673 2044 731 2112 vei
765 2041 979 2112 humanitate
1008 2040 1121 2111 Attica
1153 2041 1212 2110 vel
1235 2041 1301 2109 Ro-

223 2185 324 2236 mana
351 2164 532 2236 maiestate
553 2164 698 2255 dignum
719 2184 819 2258 opus,
841 2163 959 2234 donati
985 2162 1103 2233 liberis
1122 2161 1302 2254 ereptique

225 2285 362 2377 legibus
383 2286 443 2370 rei,
462 2294 497 2357 et
515 2287 697 2379 utriusque
713 2285 795 2357 ffliae
812 2286 974 2378 pietatem
992 2285 1146 2379 parentis
1162 2283 1303 2356 absolu·

226 2410 272 2480 tio
297 2419 483 2480 consecuta
503 2417 567 2479 est.
586 2408 674 2479 Nam
694 2410 807 2492 cuius,
828 2431 901 2494 oro,
928 2408 1080 2480 animum
1108 2408 1302 2503 spectacula

222 2530 280 2602 illa
299 2553 369 2603 non
395 2530 585 2616 flecterent,
608 2514 745 2602 iuvenis
770 2542 863 2602 natae
876 2531 985 2603 ubera
1004 2530 1163 2603 famelica
1189 2541 1300 2608 mater

222 2673 321 2737 anuS,
345 2653 407 2725 sed
427 2656 537 2727 multo
562 2653 715 2725 maxime
735 2654 851 2726 inedia
871 2658 1046 2727 coniectus
1064 2664 1100 2726 et
1120 2654 1218 2727 senio
1238 2677 1299 2748 pa-

224 2785 276 2848 ter
301 2774 470 2868 sagiensi
503 2777 624 2869 itaque
650 2776 731 2848 hino
762 2776 844 2849 iliud
873 2780 1024 2871 amplum
1059 2779 1222 2848 sacellum
1253 2800 1300 2848 ex

223 2920 362 2971 caruere
383 2907 418 2971 et
442 2899 477 2970 in
498 2899 700 2972 memoriam
726 2901 774 2993 pii
798 2911 896 2972 actus
915 2901 1034 2994 pietati
1060 2912 1299 2972 consecratum

223 3022 336 3095 locum
371 3024 530 3116 legimus.
564 3025 636 3096 lam
665 3024 744 3118 quis
777 3025 862 3096 iilud
887 3023 980 3118 apud
1013 3023 1299 3095 Lacedaemonios

221 3166 290 3216 non
312 3146 445 3217 audivit
466 3158 503 3218 ut
520 3144 701 3218 fidissimae
717 3170 848 3219 uxores
866 3147 966 3240 quasi
983 3146 1080 3218 viros
1102 3145 1298 3239 capitalium

223 3289 341 3340 rerum
363 3288 443 3341 reos
470 3289 672 3362 supremum
692 3272 895 3342 allocuturae
919 3270 1094 3362 permissu
1112 3269 1297 3341 custodum

223 3406 327 3463 noctu
347 3411 521 3462 carcerem
542 3390 720 3484 ingressae,
741 3415 811 3485 quo
832 3403 986 3489 tempore
1005 3413 1101 3464 more
1119 3392 1235 3484 gentis
1254 3393 1299 3464 dc

222 3513 463 3586 condemnatis
491 3515 698 3609 supplicium
721 3515 938 3602 sumebatur,
959 3515 1165 3610 permutatis
1192 3516 1300 3588 vesti-

221 3634 290 3708 bus
311 3646 346 3708 et
366 3657 428 3731 per
449 3638 598 3729 speciem
616 3637 746 3709 doloris
766 3638 935 3732 capitibus
955 3637 1141 3721 obvolutis
1159 3647 1196 3708 et
1212 3638 1298 3711 hora

222 3762 405 3833 consilium
420 3761 616 3845 adiuvante,
629 3762 696 3833 iilis
708 3762 860 3849 emissis,
870 3785 990 3835 eorum
1004 3763 1038 3833 in
1053 3785 1091 3833 se
1105 3763 1297 3857 periculum

223 3885 488 3956 transtulerunt:
502 3894 608 3977 utque
622 3885 657 3955 in
667 3882 789 3956 eadem
805 3884 892 3956 urbe
904 3885 1066 3957 Leonidae
1079 3885 1185 3976 Regis
1199 3905 1299 3956 soror

223 4005 333 4098 virgo,
355 4006 441 4078 viris
467 4006 500 4078 in
522 4009 664 4080 consilio
685 4006 939 4093 haesitantibus,
960 4009 1072 4105 prima
1089 4007 1218 4079 beilum
1237 4028 1298 4099 pa-

226 4128 300 4199 triae
329 4126 512 4205 imminens
543 4130 794 4227 deprehendit?
823 4133 909 4218 Quis
942 4155 1010 4206 non
1036 4133 1134 4205 novit
1153 4132 1188 4202 in
1214 4129 1297 4202 Asia
