<?xml version="1.0" encoding="UTF-8"?>
<!DOCTYPE html PUBLIC "-//W3C//DTD XHTML 1.0 Transitional//EN"
    "http://www.w3.org/TR/xhtml1/DTD/xhtml1-transitional.dtd">
<html xmlns="http://www.w3.org/1999/xhtml" xml:lang="en" lang="en">
 <head>
  <title>
</title>
<meta http-equiv="Content-Type" content="text/html;charset=utf-8" />
  <meta name='ocr-system' content='tesseract 3.04.00' />
  <meta name='ocr-capabilities' content='ocr_page ocr_carea ocr_par ocr_line ocrx_word'/>
</head>
<body>
  <div class='ocr_page' id='page_1' title='image "./franciscipetrar00fracgoog_0302.png"; bbox 0 0 2992 4664; ppageno 0'>
   <div class='ocr_carea' id='block_1_1' title="bbox 355 270 1254 364">
    <p class='ocr_par' dir='ltr' id='par_1_1' title="bbox 355 270 1254 364">
     <span class='ocr_line' id='line_1_1' title="bbox 355 270 1254 364; baseline 0.004 -11"><span class='ocrx_word' id='word_1_1' title='bbox 355 270 447 354; x_wconf 44' lang='lat' dir='ltr'>n‘rnnn</span> <span class='ocrx_word' id='word_1_2' title='bbox 469 305 791 364; x_wconf 81' lang='lat' dir='ltr'>vrcrsrunsonunrns.</span> <span class='ocrx_word' id='word_1_3' title='bbox 806 307 1008 356; x_wconf 78' lang='lat' dir='ltr'>-nrrsronu</span> <span class='ocrx_word' id='word_1_4' title='bbox 1032 309 1073 356; x_wconf 86' lang='lat' dir='ltr'>rx.</span> <span class='ocrx_word' id='word_1_5' title='bbox 1195 296 1254 358; x_wconf 67' lang='lat'>985</span> 
     </span>
    </p>
   </div>
   <div class='ocr_carea' id='block_1_2' title="bbox 167 453 1304 2997">
    <p class='ocr_par' dir='ltr' id='par_1_2' title="bbox 167 453 1304 2997">
     <span class='ocr_line' id='line_1_2' title="bbox 170 453 1254 547; baseline 0 -22"><span class='ocrx_word' id='word_1_6' title='bbox 170 454 303 526; x_wconf 90' lang='lat' dir='ltr'>videre.</span> <span class='ocrx_word' id='word_1_7' title='bbox 333 455 453 547; x_wconf 89' lang='lat' dir='ltr'>ltaque</span> <span class='ocrx_word' id='word_1_8' title='bbox 479 454 614 547; x_wconf 80' lang='lat' dir='ltr'><strong>pridem</strong></span> <span class='ocrx_word' id='word_1_9' title='bbox 638 474 779 526; x_wconf 74' lang='lat' dir='ltr'>coronae</span> <span class='ocrx_word' id='word_1_10' title='bbox 802 453 930 527; x_wconf 91' lang='lat' dir='ltr'>iudicio</span> <span class='ocrx_word' id='word_1_11' title='bbox 956 456 1038 528; x_wconf 91' lang='lat' dir='ltr'>victi</span> <span class='ocrx_word' id='word_1_12' title='bbox 1065 457 1161 528; x_wconf 90' lang='lat' dir='ltr'>estis.</span> <span class='ocrx_word' id='word_1_13' title='bbox 1185 457 1254 527; x_wconf 90' lang='lat' dir='ltr'>Vos</span> 
     </span>
     <span class='ocr_line' id='line_1_3' title="bbox 170 576 1254 675; baseline 0.004 -29"><span class='ocrx_word' id='word_1_14' title='bbox 170 579 437 669; x_wconf 85' lang='lat' dir='ltr'>tamenlrustra</span> <span class='ocrx_word' id='word_1_15' title='bbox 458 577 604 648; x_wconf 90' lang='lat' dir='ltr'>nitimini</span> <span class='ocrx_word' id='word_1_16' title='bbox 623 589 659 649; x_wconf 91' lang='lat' dir='ltr'>et</span> <span class='ocrx_word' id='word_1_17' title='bbox 678 576 842 663; x_wconf 88' lang='lat' dir='ltr'>obstatis,</span> <span class='ocrx_word' id='word_1_18' title='bbox 870 599 934 650; x_wconf 90' lang='lat' dir='ltr'>nec</span> <span class='ocrx_word' id='word_1_19' title='bbox 960 600 1254 675; x_wconf 76' lang='lat' dir='ltr'>verumcernere</span> 
     </span>
     <span class='ocr_line' id='line_1_4' title="bbox 170 699 1255 792; baseline 0.004 -24"><span class='ocrx_word' id='word_1_20' title='bbox 170 699 296 770; x_wconf 90' lang='lat' dir='ltr'>interni</span> <span class='ocrx_word' id='word_1_21' title='bbox 318 700 459 770; x_wconf 91' lang='lat' dir='ltr'>luminis</span> <span class='ocrx_word' id='word_1_22' title='bbox 478 710 593 772; x_wconf 93' lang='lat' dir='ltr'>tumor</span> <span class='ocrx_word' id='word_1_23' title='bbox 614 701 716 772; x_wconf 90' lang='lat' dir='ltr'>sinit:</span> <span class='ocrx_word' id='word_1_24' title='bbox 740 700 856 792; x_wconf 85' lang='lat' dir='ltr'>magni</span> <span class='ocrx_word' id='word_1_25' title='bbox 878 702 987 773; x_wconf 84' lang='lat' dir='ltr'>fateor</span> <span class='ocrx_word' id='word_1_26' title='bbox 1009 700 1074 771; x_wconf 91' lang='lat' dir='ltr'>viri</span> <span class='ocrx_word' id='word_1_27' title='bbox 1096 701 1124 771; x_wconf 89' lang='lat' dir='ltr'>si</span> <span class='ocrx_word' id='word_1_28' title='bbox 1147 701 1255 772; x_wconf 90' lang='lat' dir='ltr'>maio-</span> 
     </span>
     <span class='ocr_line' id='line_1_5' title="bbox 170 821 1253 918; baseline 0 -24"><span class='ocrx_word' id='word_1_29' title='bbox 170 844 243 895; x_wconf 89' lang='lat' dir='ltr'>rem</span> <span class='ocrx_word' id='word_1_30' title='bbox 266 822 336 915; x_wconf 90' lang='lat' dir='ltr'>pati</span> <span class='ocrx_word' id='word_1_31' title='bbox 358 825 519 917; x_wconf 90' lang='lat' dir='ltr'>possetis.</span> <span class='ocrx_word' id='word_1_32' title='bbox 541 821 757 894; x_wconf 80' lang='lat' dir='ltr'>Athamana</span> <span class='ocrx_word' id='word_1_33' title='bbox 778 822 957 918; x_wconf 88' lang='lat' dir='ltr'>superbia,</span> <span class='ocrx_word' id='word_1_34' title='bbox 979 822 1062 895; x_wconf 91' lang='lat' dir='ltr'>dum</span> <span class='ocrx_word' id='word_1_35' title='bbox 1086 844 1191 916; x_wconf 90' lang='lat' dir='ltr'>supra</span> <span class='ocrx_word' id='word_1_36' title='bbox 1218 825 1253 894; x_wconf 94' lang='lat' dir='ltr'>id</span> 
     </span>
     <span class='ocr_line' id='line_1_6' title="bbox 169 942 1253 1038; baseline -0.001 -23"><span class='ocrx_word' id='word_1_37' title='bbox 169 945 265 1038; x_wconf 92' lang='lat' dir='ltr'>quod</span> <span class='ocrx_word' id='word_1_38' title='bbox 286 953 341 1016; x_wconf 91' lang='lat' dir='ltr'>est</span> <span class='ocrx_word' id='word_1_39' title='bbox 360 942 579 1038; x_wconf 88' lang='lat' dir='ltr'>opinionibus</span> <span class='ocrx_word' id='word_1_40' title='bbox 599 943 696 1015; x_wconf 86' lang='lat' dir='ltr'>lalsis</span> <span class='ocrx_word' id='word_1_41' title='bbox 717 945 897 1027; x_wconf 81' lang='lat' dir='ltr'>attollitur,</span> <span class='ocrx_word' id='word_1_42' title='bbox 916 945 1004 1015; x_wconf 86' lang='lat' dir='ltr'>inira</span> <span class='ocrx_word' id='word_1_43' title='bbox 1018 943 1054 1014; x_wconf 94' lang='lat' dir='ltr'>id</span> <span class='ocrx_word' id='word_1_44' title='bbox 1066 943 1159 1037; x_wconf 94' lang='lat' dir='ltr'>quod</span> <span class='ocrx_word' id='word_1_45' title='bbox 1173 966 1253 1014; x_wconf 93' lang='lat' dir='ltr'>esse</span> 
     </span>
     <span class='ocr_line' id='line_1_7' title="bbox 170 1065 1254 1162; baseline -0.002 -22"><span class='ocrx_word' id='word_1_46' title='bbox 170 1078 307 1162; x_wconf 86' lang='lat' dir='ltr'>poterat</span> <span class='ocrx_word' id='word_1_47' title='bbox 327 1088 416 1137; x_wconf 90' lang='lat' dir='ltr'>vero</span> <span class='ocrx_word' id='word_1_48' title='bbox 432 1065 559 1138; x_wconf 91' lang='lat' dir='ltr'>iudicio</span> <span class='ocrx_word' id='word_1_49' title='bbox 580 1067 712 1140; x_wconf 91' lang='lat' dir='ltr'>deiecta</span> <span class='ocrx_word' id='word_1_50' title='bbox 732 1067 911 1160; x_wconf 79' lang='lat' dir='ltr'>redigitur.</span> <span class='ocrx_word' id='word_1_51' title='bbox 938 1067 1100 1160; x_wconf 86' lang='lat' dir='ltr'>Plerique</span> <span class='ocrx_word' id='word_1_52' title='bbox 1128 1079 1254 1138; x_wconf 86' lang='lat' dir='ltr'>morta·</span> 
     </span>
     <span class='ocr_line' id='line_1_8' title="bbox 169 1187 1253 1286; baseline -0.003 -25"><span class='ocrx_word' id='word_1_53' title='bbox 169 1192 254 1262; x_wconf 91' lang='lat' dir='ltr'>lium</span> <span class='ocrx_word' id='word_1_54' title='bbox 276 1190 401 1261; x_wconf 74' lang='lat' dir='ltr'>alienae</span> <span class='ocrx_word' id='word_1_55' title='bbox 423 1188 544 1280; x_wconf 86' lang='lat' dir='ltr'>gloriae</span> <span class='ocrx_word' id='word_1_56' title='bbox 561 1191 714 1283; x_wconf 90' lang='lat' dir='ltr'>appetitu</span> <span class='ocrx_word' id='word_1_57' title='bbox 736 1191 910 1286; x_wconf 90' lang='lat' dir='ltr'>propriam</span> <span class='ocrx_word' id='word_1_58' title='bbox 934 1189 1094 1261; x_wconf 89' lang='lat' dir='ltr'>amisere.</span> <span class='ocrx_word' id='word_1_59' title='bbox 1110 1187 1253 1274; x_wconf 86' lang='lat' dir='ltr'>Quodsi</span> 
     </span>
     <span class='ocr_line' id='line_1_9' title="bbox 170 1310 1255 1405; baseline -0.001 -23"><span class='ocrx_word' id='word_1_60' title='bbox 170 1333 237 1383; x_wconf 81' lang='lat' dir='ltr'>vos</span> <span class='ocrx_word' id='word_1_61' title='bbox 259 1312 328 1382; x_wconf 88' lang='lat' dir='ltr'>lruc</span> <span class='ocrx_word' id='word_1_62' title='bbox 348 1313 434 1384; x_wconf 86' lang='lat' dir='ltr'>forte</span> <span class='ocrx_word' id='word_1_63' title='bbox 456 1312 544 1383; x_wconf 88' lang='lat' dir='ltr'>livor</span> <span class='ocrx_word' id='word_1_64' title='bbox 571 1312 719 1404; x_wconf 86' lang='lat' dir='ltr'>impulit,</span> <span class='ocrx_word' id='word_1_65' title='bbox 741 1310 905 1405; x_wconf 90' lang='lat' dir='ltr'>quamvis</span> <span class='ocrx_word' id='word_1_66' title='bbox 936 1310 1120 1404; x_wconf 85' lang='lat' dir='ltr'>utrobique</span> <span class='ocrx_word' id='word_1_67' title='bbox 1141 1322 1176 1381; x_wconf 91' lang='lat' dir='ltr'>et</span> <span class='ocrx_word' id='word_1_68' title='bbox 1203 1322 1255 1382; x_wconf 89' lang='lat' dir='ltr'>tu·</span> 
     </span>
     <span class='ocr_line' id='line_1_10' title="bbox 171 1432 1254 1526; baseline -0.003 -19"><span class='ocrx_word' id='word_1_69' title='bbox 171 1437 277 1507; x_wconf 88' lang='lat' dir='ltr'>moris</span> <span class='ocrx_word' id='word_1_70' title='bbox 298 1444 333 1506; x_wconf 87' lang='lat' dir='ltr'>ot</span> <span class='ocrx_word' id='word_1_71' title='bbox 352 1435 472 1506; x_wconf 88' lang='lat' dir='ltr'>livoris</span> <span class='ocrx_word' id='word_1_72' title='bbox 493 1436 592 1505; x_wconf 92' lang='lat' dir='ltr'>multi</span> <span class='ocrx_word' id='word_1_73' title='bbox 607 1435 678 1505; x_wconf 91' lang='lat' dir='ltr'>sint</span> <span class='ocrx_word' id='word_1_74' title='bbox 696 1435 854 1518; x_wconf 90' lang='lat' dir='ltr'>comites,</span> <span class='ocrx_word' id='word_1_75' title='bbox 873 1455 916 1506; x_wconf 93' lang='lat' dir='ltr'>eo</span> <span class='ocrx_word' id='word_1_76' title='bbox 930 1444 1048 1506; x_wconf 91' lang='lat' dir='ltr'>tamen</span> <span class='ocrx_word' id='word_1_77' title='bbox 1067 1432 1103 1506; x_wconf 91' lang='lat' dir='ltr'>id</span> <span class='ocrx_word' id='word_1_78' title='bbox 1123 1433 1254 1526; x_wconf 83' lang='lat' dir='ltr'>aegrius</span> 
     </span>
     <span class='ocr_line' id='line_1_11' title="bbox 170 1556 1253 1653; baseline -0.001 -27"><span class='ocrx_word' id='word_1_79' title='bbox 170 1558 205 1627; x_wconf 95' lang='lat' dir='ltr'>in</span> <span class='ocrx_word' id='word_1_80' title='bbox 226 1569 261 1631; x_wconf 91' lang='lat' dir='ltr'>te</span> <span class='ocrx_word' id='word_1_81' title='bbox 280 1560 354 1632; x_wconf 86' lang='lat' dir='ltr'>fero</span> <span class='ocrx_word' id='word_1_82' title='bbox 373 1579 444 1651; x_wconf 93' lang='lat' dir='ltr'>quo</span> <span class='ocrx_word' id='word_1_83' title='bbox 464 1557 499 1628; x_wconf 94' lang='lat' dir='ltr'>in</span> <span class='ocrx_word' id='word_1_84' title='bbox 533 1557 639 1630; x_wconf 83' lang='lat' dir='ltr'>Calvo</span> <span class='ocrx_word' id='word_1_85' title='bbox 673 1558 827 1653; x_wconf 83' lang='lat' dir='ltr'>aliquam</span> <span class='ocrx_word' id='word_1_86' title='bbox 861 1566 956 1630; x_wconf 87' lang='lat' dir='ltr'>certe</span> <span class='ocrx_word' id='word_1_87' title='bbox 989 1579 1054 1629; x_wconf 92' lang='lat' dir='ltr'>nec</span> <span class='ocrx_word' id='word_1_88' title='bbox 1087 1556 1253 1648; x_wconf 84' lang='lat' dir='ltr'>exiguam</span> 
     </span>
     <span class='ocr_line' id='line_1_12' title="bbox 170 1679 1255 1764; baseline 0.001 -14"><span class='ocrx_word' id='word_1_89' title='bbox 170 1701 240 1751; x_wconf 93' lang='lat' dir='ltr'>non</span> <span class='ocrx_word' id='word_1_90' title='bbox 262 1681 381 1751; x_wconf 89' lang='lat' dir='ltr'>livoris</span> <span class='ocrx_word' id='word_1_91' title='bbox 403 1679 467 1751; x_wconf 89' lang='lat' dir='ltr'>sed</span> <span class='ocrx_word' id='word_1_92' title='bbox 484 1679 566 1764; x_wconf 89' lang='lat' dir='ltr'>odii,</span> <span class='ocrx_word' id='word_1_93' title='bbox 587 1681 621 1750; x_wconf 92' lang='lat' dir='ltr'>in</span> <span class='ocrx_word' id='word_1_94' title='bbox 643 1691 677 1752; x_wconf 91' lang='lat' dir='ltr'>te</span> <span class='ocrx_word' id='word_1_95' title='bbox 697 1682 828 1752; x_wconf 87' lang='lat' dir='ltr'>nullam</span> <span class='ocrx_word' id='word_1_96' title='bbox 848 1679 917 1752; x_wconf 91' lang='lat' dir='ltr'>odii</span> <span class='ocrx_word' id='word_1_97' title='bbox 939 1701 1082 1752; x_wconf 89' lang='lat' dir='ltr'>causam</span> <span class='ocrx_word' id='word_1_98' title='bbox 1104 1680 1192 1762; x_wconf 88' lang='lat' dir='ltr'>seio,</span> <span class='ocrx_word' id='word_1_99' title='bbox 1219 1691 1255 1751; x_wconf 92' lang='lat' dir='ltr'>et</span> 
     </span>
     <span class='ocr_line' id='line_1_13' title="bbox 169 1800 1254 1896; baseline -0.003 -23"><span class='ocrx_word' id='word_1_100' title='bbox 169 1803 346 1895; x_wconf 90' lang='lat' dir='ltr'>aliquanto</span> <span class='ocrx_word' id='word_1_101' title='bbox 367 1803 452 1872; x_wconf 91' lang='lat' dir='ltr'>mihi</span> <span class='ocrx_word' id='word_1_102' title='bbox 472 1803 615 1896; x_wconf 91' lang='lat' dir='ltr'>quidem</span> <span class='ocrx_word' id='word_1_103' title='bbox 636 1801 813 1893; x_wconf 79' lang='lat' dir='ltr'>indignius</span> <span class='ocrx_word' id='word_1_104' title='bbox 833 1800 974 1872; x_wconf 89' lang='lat' dir='ltr'>videtur</span> <span class='ocrx_word' id='word_1_105' title='bbox 994 1801 1028 1871; x_wconf 95' lang='lat' dir='ltr'>iu</span> <span class='ocrx_word' id='word_1_106' title='bbox 1049 1812 1119 1872; x_wconf 90' lang='lat' dir='ltr'>tam</span> <span class='ocrx_word' id='word_1_107' title='bbox 1145 1803 1254 1872; x_wconf 89' lang='lat' dir='ltr'>altum</span> 
     </span>
     <span class='ocr_line' id='line_1_14' title="bbox 169 1922 1252 2019; baseline 0 -27"><span class='ocrx_word' id='word_1_108' title='bbox 169 1924 344 2016; x_wconf 81' lang='lat' dir='ltr'>ingenium</span> <span class='ocrx_word' id='word_1_109' title='bbox 378 1924 475 1996; x_wconf 92' lang='lat' dir='ltr'>humi</span> <span class='ocrx_word' id='word_1_110' title='bbox 506 1945 648 2019; x_wconf 90' lang='lat' dir='ltr'>serpere</span> <span class='ocrx_word' id='word_1_111' title='bbox 666 1925 803 1997; x_wconf 88' lang='lat' dir='ltr'>solitam</span> <span class='ocrx_word' id='word_1_112' title='bbox 825 1923 990 1996; x_wconf 89' lang='lat' dir='ltr'>invidiam</span> <span class='ocrx_word' id='word_1_113' title='bbox 1014 1922 1252 1995; x_wconf 83' lang='lat' dir='ltr'>adscendisse.</span> 
     </span>
     <span class='ocr_line' id='line_1_15' title="bbox 168 2046 1249 2132; baseline -0.001 -15"><span class='ocrx_word' id='word_1_114' title='bbox 168 2046 360 2118; x_wconf 89' lang='lat' dir='ltr'>Aeternum</span> <span class='ocrx_word' id='word_1_115' title='bbox 382 2051 476 2132; x_wconf 88' lang='lat' dir='ltr'>vale,</span> <span class='ocrx_word' id='word_1_116' title='bbox 498 2058 533 2119; x_wconf 93' lang='lat' dir='ltr'>et</span> <span class='ocrx_word' id='word_1_117' title='bbox 559 2070 605 2120; x_wconf 86' lang='lat' dir='ltr'>ex</span> <span class='ocrx_word' id='word_1_118' title='bbox 622 2047 734 2118; x_wconf 87' lang='lat' dir='ltr'>Graiis</span> <span class='ocrx_word' id='word_1_119' title='bbox 758 2048 956 2130; x_wconf 88' lang='lat' dir='ltr'>Isocratem,</span> <span class='ocrx_word' id='word_1_120' title='bbox 980 2047 1249 2117; x_wconf 86' lang='lat' dir='ltr'>Demosthenem</span> 
     </span>
     <span class='ocr_line' id='line_1_16' title="bbox 169 2166 1256 2272; baseline -0.001 -33"><span class='ocrx_word' id='word_1_121' title='bbox 169 2178 205 2240; x_wconf 91' lang='lat' dir='ltr'>et</span> <span class='ocrx_word' id='word_1_122' title='bbox 226 2168 449 2256; x_wconf 85' lang='lat' dir='ltr'>Aeschinem,</span> <span class='ocrx_word' id='word_1_123' title='bbox 470 2192 517 2272; x_wconf 76' lang='lat' dir='ltr'>eu</span> <span class='ocrx_word' id='word_1_124' title='bbox 534 2168 666 2243; x_wconf 89' lang='lat' dir='ltr'>nostris</span> <span class='ocrx_word' id='word_1_125' title='bbox 686 2168 882 2242; x_wconf 88' lang='lat' dir='ltr'>oratoribus</span> <span class='ocrx_word' id='word_1_126' title='bbox 905 2169 1071 2240; x_wconf 83' lang='lat' dir='ltr'>Crassum</span> <span class='ocrx_word' id='word_1_127' title='bbox 1092 2178 1128 2238; x_wconf 90' lang='lat' dir='ltr'>et</span> <span class='ocrx_word' id='word_1_128' title='bbox 1145 2166 1256 2238; x_wconf 84' lang='lat' dir='ltr'>Anto·</span> 
     </span>
     <span class='ocr_line' id='line_1_17' title="bbox 170 2289 1256 2382; baseline 0 -24"><span class='ocrx_word' id='word_1_129' title='bbox 170 2289 270 2374; x_wconf 73' lang='lat' dir='ltr'>nium</span> <span class='ocrx_word' id='word_1_130' title='bbox 298 2294 435 2363; x_wconf 86' lang='lat' dir='ltr'>salvere</span> <span class='ocrx_word' id='word_1_131' title='bbox 468 2290 560 2374; x_wconf 87' lang='lat' dir='ltr'>iube,</span> <span class='ocrx_word' id='word_1_132' title='bbox 597 2291 783 2364; x_wconf 84' lang='lat' dir='ltr'>Corvinum</span> <span class='ocrx_word' id='word_1_133' title='bbox 818 2309 959 2382; x_wconf 91' lang='lat' dir='ltr'>quoque</span> <span class='ocrx_word' id='word_1_134' title='bbox 991 2289 1190 2372; x_wconf 90' lang='lat' dir='ltr'>Messalam,</span> <span class='ocrx_word' id='word_1_135' title='bbox 1220 2298 1256 2358; x_wconf 91' lang='lat' dir='ltr'>et</span> 
     </span>
     <span class='ocr_line' id='line_1_18' title="bbox 171 2411 1254 2505; baseline 0 -24"><span class='ocrx_word' id='word_1_136' title='bbox 171 2414 412 2495; x_wconf 87' lang='lat' dir='ltr'>Hortensium,</span> <span class='ocrx_word' id='word_1_137' title='bbox 433 2415 462 2485; x_wconf 93' lang='lat' dir='ltr'>si</span> <span class='ocrx_word' id='word_1_138' title='bbox 484 2413 588 2486; x_wconf 92' lang='lat' dir='ltr'>modo</span> <span class='ocrx_word' id='word_1_139' title='bbox 608 2415 655 2485; x_wconf 93' lang='lat' dir='ltr'>illi</span> <span class='ocrx_word' id='word_1_140' title='bbox 678 2413 844 2485; x_wconf 89' lang='lat' dir='ltr'>memoria</span> <span class='ocrx_word' id='word_1_141' title='bbox 865 2433 970 2505; x_wconf 92' lang='lat' dir='ltr'>quarn</span> <span class='ocrx_word' id='word_1_142' title='bbox 998 2411 1136 2481; x_wconf 91' lang='lat' dir='ltr'>biennio</span> <span class='ocrx_word' id='word_1_143' title='bbox 1157 2420 1254 2481; x_wconf 90' lang='lat' dir='ltr'>ante-</span> 
     </span>
     <span class='ocr_line' id='line_1_19' title="bbox 173 2533 1253 2630; baseline -0.006 -23"><span class='ocrx_word' id='word_1_144' title='bbox 173 2558 278 2630; x_wconf 89' lang='lat' dir='ltr'>quam</span> <span class='ocrx_word' id='word_1_145' title='bbox 301 2537 381 2607; x_wconf 91' lang='lat' dir='ltr'>hinc</span> <span class='ocrx_word' id='word_1_146' title='bbox 406 2538 574 2628; x_wconf 83' lang='lat' dir='ltr'>migraret</span> <span class='ocrx_word' id='word_1_147' title='bbox 594 2537 775 2621; x_wconf 88' lang='lat' dir='ltr'>amiserat,</span> <span class='ocrx_word' id='word_1_148' title='bbox 809 2536 926 2608; x_wconf 89' lang='lat' dir='ltr'>carnis</span> <span class='ocrx_word' id='word_1_149' title='bbox 958 2536 1051 2607; x_wconf 84' lang='lat' dir='ltr'>fasce</span> <span class='ocrx_word' id='word_1_150' title='bbox 1084 2533 1253 2627; x_wconf 86' lang='lat' dir='ltr'>deposito,</span> 
     </span>
     <span class='ocr_line' id='line_1_20' title="bbox 169 2657 1304 2754; baseline -0.002 -26"><span class='ocrx_word' id='word_1_151' title='bbox 169 2660 343 2744; x_wconf 87' lang='lat' dir='ltr'>restituta,</span> <span class='ocrx_word' id='word_1_152' title='bbox 359 2660 441 2731; x_wconf 86' lang='lat' dir='ltr'>huie</span> <span class='ocrx_word' id='word_1_153' title='bbox 458 2661 555 2734; x_wconf 89' lang='lat' dir='ltr'>alteri</span> <span class='ocrx_word' id='word_1_154' title='bbox 574 2683 643 2732; x_wconf 90' lang='lat' dir='ltr'>non</span> <span class='ocrx_word' id='word_1_155' title='bbox 661 2671 779 2754; x_wconf 90' lang='lat' dir='ltr'>erepta</span> <span class='ocrx_word' id='word_1_156' title='bbox 797 2670 861 2731; x_wconf 89' lang='lat' dir='ltr'>est.</span> <span class='ocrx_word' id='word_1_157' title='bbox 876 2658 1062 2731; x_wconf 89' lang='lat' dir='ltr'>Mediolani</span> <span class='ocrx_word' id='word_1_158' title='bbox 1079 2658 1111 2727; x_wconf 95' lang='lat' dir='ltr'>in</span> <span class='ocrx_word' id='word_1_159' title='bbox 1128 2657 1255 2728; x_wconf 87' lang='lat' dir='ltr'>subur·</span> <span class='ocrx_word' id='word_1_160' title='bbox 1300 2720 1304 2726; x_wconf 90' lang='lat'><em>.</em></span> 
     </span>
     <span class='ocr_line' id='line_1_21' title="bbox 167 2779 1254 2865; baseline -0.002 -15"><span class='ocrx_word' id='word_1_161' title='bbox 167 2780 236 2864; x_wconf 91' lang='lat' dir='ltr'>bio,</span> <span class='ocrx_word' id='word_1_162' title='bbox 258 2781 422 2853; x_wconf 86' lang='lat' dir='ltr'>Kalendis</span> <span class='ocrx_word' id='word_1_163' title='bbox 445 2782 636 2854; x_wconf 82' lang='lat' dir='ltr'>Sextilibus</span> <span class='ocrx_word' id='word_1_164' title='bbox 658 2803 751 2855; x_wconf 90' lang='lat' dir='ltr'>anno</span> <span class='ocrx_word' id='word_1_165' title='bbox 771 2781 886 2853; x_wconf 87' lang='lat' dir='ltr'>aetatis</span> <span class='ocrx_word' id='word_1_166' title='bbox 901 2781 1049 2865; x_wconf 85' lang='lat' dir='ltr'>ultimae,</span> <span class='ocrx_word' id='word_1_167' title='bbox 1071 2779 1254 2851; x_wconf 89' lang='lat' dir='ltr'>millesimo</span> 
     </span>
     <span class='ocr_line' id='line_1_22' title="bbox 169 2901 858 2997; baseline -0.004 -23"><span class='ocrx_word' id='word_1_168' title='bbox 169 2901 416 2976; x_wconf 83' lang='lat' dir='ltr'>tercentesimo</span> <span class='ocrx_word' id='word_1_169' title='bbox 436 2905 728 2997; x_wconf 81' lang='lat' dir='ltr'>quiuquagesimo</span> <span class='ocrx_word' id='word_1_170' title='bbox 749 2904 858 2974; x_wconf 89' lang='lat' dir='ltr'>tertio.</span> 
     </span>
    </p>
   </div>
   <div class='ocr_carea' id='block_1_3' title="bbox 675 3114 752 3122">
    <p class='ocr_par' dir='ltr' id='par_1_3' title="bbox 675 3114 752 3122">
     <span class='ocr_line' id='line_1_23' title="bbox 675 3114 752 3122; baseline -0.026 0"><span class='ocrx_word' id='word_1_171' title='bbox 675 3114 752 3122; x_wconf 69' lang='lat'>--—-</span> 
     </span>
    </p>
   </div>
   <div class='ocr_carea' id='block_1_4' title="bbox 291 3303 1132 3507">
    <p class='ocr_par' dir='ltr' id='par_1_4' title="bbox 291 3303 1132 3507">
     <span class='ocr_line' id='line_1_24' title="bbox 598 3303 829 3369; baseline -0.013 -1"><span class='ocrx_word' id='word_1_172' title='bbox 598 3303 775 3369; x_wconf 82' lang='lat' dir='ltr'>EPISTOLA</span> <span class='ocrx_word' id='word_1_173' title='bbox 797 3304 829 3365; x_wconf 90' lang='lat' dir='ltr'>ll.</span> 
     </span>
     <span class='ocr_line' id='line_1_25' title="bbox 291 3438 1132 3507; baseline -0.004 -1"><span class='ocrx_word' id='word_1_174' title='bbox 291 3438 484 3507; x_wconf 81' lang='lat' dir='ltr'>rnnn&#39;crscns</span> <span class='ocrx_word' id='word_1_175' title='bbox 506 3457 674 3505; x_wconf 79' lang='lat' dir='ltr'>rnrnuncu</span> <span class='ocrx_word' id='word_1_176' title='bbox 696 3457 837 3505; x_wconf 82' lang='lat' dir='ltr'>rroaurro</span> <span class='ocrx_word' id='word_1_177' title='bbox 859 3456 982 3505; x_wconf 83' lang='lat' dir='ltr'>rnrccn</span> <span class='ocrx_word' id='word_1_178' title='bbox 1004 3458 1029 3504; x_wconf 90' lang='lat' dir='ltr'>s.</span> <span class='ocrx_word' id='word_1_179' title='bbox 1052 3459 1079 3505; x_wconf 85' lang='lat' dir='ltr'>r.</span> <span class='ocrx_word' id='word_1_180' title='bbox 1104 3459 1132 3503; x_wconf 92' lang='lat' dir='ltr'>n.</span> 
     </span>
    </p>
   </div>
   <div class='ocr_carea' id='block_1_5' title="bbox 242 3592 1183 3755">
    <p class='ocr_par' dir='ltr' id='par_1_5' title="bbox 242 3592 1183 3755">
     <span class='ocr_line' id='line_1_26' title="bbox 242 3592 1183 3666; baseline -0.005 -16"><span class='ocrx_word' id='word_1_181' title='bbox 242 3598 278 3650; x_wconf 87' lang='lat' dir='ltr'>Se</span> <span class='ocrx_word' id='word_1_182' title='bbox 293 3602 404 3666; x_wconf 88' lang='lat' dir='ltr'>captum</span> <span class='ocrx_word' id='word_1_183' title='bbox 419 3595 600 3650; x_wconf 87' lang='lat' dir='ltr'>admiratione</span> <span class='ocrx_word' id='word_1_184' title='bbox 615 3595 770 3648; x_wconf 89' lang='lat' dir='ltr'>carminum</span> <span class='ocrx_word' id='word_1_185' title='bbox 786 3595 846 3647; x_wconf 91' lang='lat' dir='ltr'>eius</span> <span class='ocrx_word' id='word_1_186' title='bbox 861 3609 981 3664; x_wconf 88' lang='lat' dir='ltr'>quorum</span> <span class='ocrx_word' id='word_1_187' title='bbox 1000 3609 1032 3647; x_wconf 80' lang='lat' dir='ltr'>cx</span> <span class='ocrx_word' id='word_1_188' title='bbox 1048 3592 1183 3646; x_wconf 89' lang='lat' dir='ltr'>industria</span> 
     </span>
     <span class='ocr_line' id='line_1_27' title="bbox 453 3681 968 3755; baseline -0.01 -17"><span class='ocrx_word' id='word_1_189' title='bbox 453 3683 590 3755; x_wconf 84' lang='lat' dir='ltr'>poeticam</span> <span class='ocrx_word' id='word_1_190' title='bbox 604 3682 690 3737; x_wconf 88' lang='lat' dir='ltr'>veluti</span> <span class='ocrx_word' id='word_1_191' title='bbox 704 3682 825 3752; x_wconf 70' lang='lat' dir='ltr'>syllogen</span> <span class='ocrx_word' id='word_1_192' title='bbox 839 3681 968 3735; x_wconf 79' lang='lat' dir='ltr'>contexit.</span> 
     </span>
    </p>
   </div>
   <div class='ocr_carea' id='block_1_6' title="bbox 242 3901 1108 4228">
    <p class='ocr_par' dir='ltr' id='par_1_6' title="bbox 242 3901 1108 4228">
     <span class='ocr_line' id='line_1_28' title="bbox 242 3901 878 4008; baseline -0.008 -34"><span class='ocrx_word' id='word_1_193' title='bbox 242 3906 372 3996; x_wconf 82' lang='lat' dir='ltr'>Regem</span> <span class='ocrx_word' id='word_1_194' title='bbox 395 3915 428 3976; x_wconf 89' lang='lat' dir='ltr'>te</span> <span class='ocrx_word' id='word_1_195' title='bbox 450 3904 564 4000; x_wconf 78' lang='lat' dir='ltr'>Lyrioi</span> <span class='ocrx_word' id='word_1_196' title='bbox 588 3902 750 3974; x_wconf 90' lang='lat' dir='ltr'>carminis</span> <span class='ocrx_word' id='word_1_197' title='bbox 772 3901 878 4008; x_wconf 89' lang='lat' dir='ltr'>ltalus</span> 
     </span>
     <span class='ocr_line' id='line_1_29' title="bbox 318 4020 1108 4119; baseline -0.009 -22"><span class='ocrx_word' id='word_1_198' title='bbox 318 4025 420 4098; x_wconf 90' lang='lat' dir='ltr'>Orbis</span> <span class='ocrx_word' id='word_1_199' title='bbox 443 4049 546 4119; x_wconf 90' lang='lat' dir='ltr'>quern</span> <span class='ocrx_word' id='word_1_200' title='bbox 570 4035 756 4108; x_wconf 90' lang='lat' dir='ltr'>memorat,</span> <span class='ocrx_word' id='word_1_201' title='bbox 779 4026 978 4115; x_wconf 81' lang='lat' dir='ltr'>plectroque</span> <span class='ocrx_word' id='word_1_202' title='bbox 1000 4020 1108 4092; x_wconf 86' lang='lat' dir='ltr'>lesbia</span> 
     </span>
     <span class='ocr_line' id='line_1_30' title="bbox 316 4144 1027 4228; baseline -0.003 -10"><span class='ocrx_word' id='word_1_203' title='bbox 316 4149 442 4220; x_wconf 86' lang='lat' dir='ltr'>Nervis</span> <span class='ocrx_word' id='word_1_204' title='bbox 465 4150 520 4219; x_wconf 93' lang='lat' dir='ltr'>cui</span> <span class='ocrx_word' id='word_1_205' title='bbox 544 4147 663 4220; x_wconf 92' lang='lat' dir='ltr'>tribuit</span> <span class='ocrx_word' id='word_1_206' title='bbox 683 4148 784 4218; x_wconf 89' lang='lat' dir='ltr'>Musa</span> <span class='ocrx_word' id='word_1_207' title='bbox 806 4144 1027 4228; x_wconf 81' lang='lat' dir='ltr'>sonantibus⁷</span> 
     </span>
    </p>
   </div>
   <div class='ocr_carea' id='block_1_7' title="bbox 0 0 1500 4664">
    <p class='ocr_par' dir='ltr' id='par_1_7' title="bbox 0 0 1500 4664">
     <span class='ocr_line' id='line_1_31' title="bbox 0 0 1500 4664; baseline 0 0"><span class='ocrx_word' id='word_1_208' title='bbox 0 0 1500 4664; x_wconf 95' lang='lat' dir='ltr'> </span> 
     </span>
    </p>
   </div>
  </div>
 </body>
</html>
