2738 4680
225 297 283 358 l3l
565 309 605 356 nu
627 307 728 356 nunus
749 304 973 357 ruunrunrnus

224 453 278 523 cio
303 449 506 546 imputanda
532 447 706 521 simulatio
732 449 808 519 veri
827 447 992 519 adiutrix.
1015 448 1058 519 Ut
1077 449 1127 518 sis
1148 444 1249 532 liber,
1273 458 1309 520 ut

225 576 274 648 sis
294 588 384 658 tuus,
409 586 447 645 ut
467 574 516 646 sis
539 575 671 658 salvuS,
695 579 733 642 ut
753 571 801 642 sis
824 570 937 642 bonus
958 570 1052 643 omni
1071 569 1214 662 ingenio
1235 571 1306 642 eni-

225 697 367 769 tendum
389 707 454 767 est.
472 695 576 791 Apud
597 694 806 787 scriptorum
823 691 956 786 aliquos
979 693 1125 787 Ulysses
1147 693 1307 785 arguitur

225 819 410 890 simulasse
434 817 697 908 insaniamque
723 815 879 887 militiam
904 815 1136 899 detrectarem
1161 824 1197 887 et
1223 836 1307 886 sane

225 941 254 1012 si
279 962 364 1013 vera
384 939 574 1024 simulatio,
601 947 638 1009 et
656 939 833 1011 accusatio
859 939 950 1009 iusta
977 947 1042 1020 est,
1070 957 1146 1009 snae
1171 939 1249 1030 opis
1273 947 1307 1008 et

224 1061 359 1134 consilii
390 1075 552 1154 egentem
585 1061 755 1133 Graeciam
788 1061 879 1133 inter
914 1061 1087 1137 maximos
1119 1072 1306 1154 apparatus

224 1185 304 1257 belli
317 1185 498 1257 iustissimi
513 1183 694 1255 militarem
706 1182 995 1255 virnmdeserere
1005 1180 1227 1254 voluissebt
1240 1206 1306 1255 non

223 1306 260 1378 in
278 1308 395 1399 regina
413 1305 620 1401 Scytharum
638 1304 791 1376 Thamiri
808 1304 992 1376 simulatus
1011 1316 1135 1388 metus
1155 1326 1219 1376 nec
1236 1305 1307 1378 dis-

224 1432 408 1502 simulatus
428 1430 464 1498 in
484 1428 635 1510 Caesare,
657 1428 778 1500 necin
800 1425 961 1499 Ventidio
987 1427 1147 1499 simulata
1173 1427 1307 1522 cupidi-

223 1562 277 1623 tas
295 1574 336 1623 ac
351 1549 499 1622 formido
516 1549 796 1643 reprehenditur;
809 1571 879 1620 non
896 1552 931 1620 in
948 1549 1177 1620 Themistocle
1197 1548 1305 1620 simu-

222 1679 313 1748 latus
334 1673 492 1759 morbus,
512 1695 580 1744 non
602 1673 637 1742 in
654 1672 797 1743 Claudio
817 1672 952 1743 Nerone
969 1673 1075 1763 inque
1094 1670 1170 1742 aliis
1188 1670 1306 1742 multis

222 1797 441 1869 dissimulata
465 1795 652 1890 profectio:
683 1793 810 1888 quippe
834 1793 929 1886 quod
955 1795 1009 1865 his
1036 1792 1169 1865 artibus
1198 1794 1305 1865 decus

223 1917 290 1989 sibi
311 1928 523 2011 quaererent,
546 1917 759 1989 exercitibus
782 1919 943 2000 salutem,
966 1929 1002 1990 et
1020 1917 1143 2010 patriae
1170 1916 1307 1989 liberta·

224 2053 304 2113 tem.
323 2042 395 2112 Tua
417 2040 591 2112 simulatio
608 2041 693 2115 nulli
709 2041 887 2123 damnum,
908 2039 968 2110 tibi
990 2061 1110 2133 pacem
1130 2039 1239 2110 animi
1255 2042 1307 2111 fu-

222 2186 373 2265 gamque
394 2164 637 2256 periculorum,
659 2162 783 2258 patriae
804 2162 960 2256 requiem
981 2185 1021 2235 ac
1041 2161 1207 2255 gaudium
1223 2150 1308 2234 'alla-

223 2298 301 2358 tnra
317 2296 382 2358 est.
405 2287 444 2357 ln
465 2287 534 2357 tuis
553 2296 622 2357 tam
642 2285 818 2357 diuturnis
839 2287 1017 2379 tantisque
1038 2284 1217 2357 laboribus
1238 2308 1306 2357 non

222 2419 281 2481 tua
302 2411 515 2481 veltuorum
538 2409 643 2491 salus
663 2429 731 2478 non
753 2416 822 2478 tuae
839 2412 897 2480 vel
917 2408 1127 2480 universalis
1148 2408 1305 2480 ecclesiae

222 2533 366 2605 libertas
386 2532 511 2621 agitur,
531 2553 595 2623 pro
614 2551 684 2622 qua
701 2532 786 2603 viris
806 2533 908 2604 iustis
929 2556 970 2606 ac
990 2532 1137 2605 fortibus
1155 2541 1191 2603 et
1211 2530 1306 2604 labo-

225 2675 304 2725 rare
321 2653 536 2747 propositum
553 2664 608 2724 est
624 2665 659 2724 et
674 2655 778 2724 mori:
798 2656 861 2726 sed
880 2656 1010 2750 (patere
1027 2678 1084 2727 me
1101 2656 1203 2729 solita
1217 2653 1307 2726 fidu-

221 2775 275 2847 cia
295 2797 421 2847 verum
440 2775 532 2867 loqui
550 2774 643 2869 apud
659 2776 756 2847 illum
772 2777 829 2848 cui
847 2779 932 2861 nihil
949 2779 1023 2850 dixi
1043 2801 1195 2870 unquam
1211 2777 1306 2872 quod

221 2900 255 2971 in
276 2899 392 2970 animo
409 2921 479 2972 non
499 2907 605 2985 esset,
624 2899 708 2970 nihil
728 2901 820 2972 tacui
837 2901 932 2993 quod
952 2914 1056 2987 esset,
1074 2903 1233 2994 permitte
1251 2925 1305 2974 me

222 3045 291 3094 nou
318 3024 440 3096 minori
466 3022 533 3095 fide
553 3047 658 3118 quam
686 3025 831 3098 audacia
855 3027 1008 3097 animum
1033 3035 1131 3098 tuum
1159 3027 1219 3099 ubi
1244 3049 1305 3100 cu·

221 3142 352 3216 raudus
384 3152 439 3216 est
466 3145 635 3239 pungere)
666 3146 895 3220 ministerium
921 3149 1036 3242 agitur
1064 3149 1305 3243 nescioquod

222 3267 346 3338 alienae
366 3265 548 3364 cupidinis,
567 3279 603 3338 et
621 3272 804 3362 negocium
828 3272 1003 3364 voraginis
1023 3273 1220 3367 inexpletae.
1242 3271 1305 3344 Vis

163 3492 167 3495 ὴ
222 3401 260 3462 tu
280 3387 325 3462 ah
345 3390 440 3462 omni
465 3388 651 3486 cupiditate
672 3414 810 3486 semper
830 3406 936 3489 atquc
962 3395 1149 3469 ambitione
1169 3395 1305 3467 liberri-

223 3531 315 3597 mus,
342 3511 466 3582 alienae
485 3533 577 3584 nuno
603 3514 761 3586 avaritiae
781 3537 907 3590 servus
933 3539 1029 3604 esse,
1051 3518 1230 3594 etalienis
1255 3520 1304 3590 af-

220 3632 370 3705 fectibus
390 3630 551 3726 obsequi,
573 3635 633 3726 qui
654 3637 724 3707 tuis
744 3637 917 3732 imperas?
936 3641 1011 3712 Non
1037 3639 1073 3711 id
1094 3639 1143 3712 tui
1164 3652 1202 3711 nt
1220 3652 1305 3735 puto

220 3763 329 3840 certe,
357 3776 469 3852 neque
495 3755 628 3827 consilii
654 3757 721 3830 mei
743 3769 808 3835 est.
835 3761 890 3833 Ad
910 3761 1040 3834 maiora
1060 3759 1174 3832 officia
1201 3770 1304 3834 natus

220 3896 278 3962 es,
299 3899 405 3970 qnam
432 3885 470 3948 ut
490 3879 729 3973 cuiuscunque
755 3881 804 3954 sis
825 3894 991 3976 quaestor.
1015 3881 1249 3977 Simplicitatis
1270 3892 1304 3954 et

221 3997 388 4072 libertatis
415 4001 556 4073 veniam
580 4012 671 4094 peto.
699 4005 793 4076 Tunc
819 4007 904 4077 mihi
929 4026 1037 4078 verus
1062 4005 1134 4078 eris
1160 4004 1304 4098 Episco-

221 4141 298 4218 pus,
322 4143 427 4195 verus
448 4133 576 4219 pastor,
596 4147 674 4198 cum
696 4138 851 4220 quaestor
870 4149 951 4202 esse
971 4125 1131 4202 desieris.
1153 4127 1231 4199 Non
1250 4133 1304 4198 est
