2804 4656
105 305 166 365 238
445 313 491 360 nr
508 311 608 359 nunus
629 310 850 360 rnnurarnaus

107 459 207 555 pretii
226 464 358 539 essent,
380 455 469 525 inter
487 455 726 527 confusionem
745 454 1008 546 exemplar-ium,
1030 465 1070 525 et¹
1085 477 1190 527 occu-

107 584 263 677 pationes
294 559 391 650 meas
416 597 506 670 pene
540 577 617 645 iam
642 575 863 668 desperatas,
897 589 933 649 et
963 578 1190 670 quatuor-ab

108 705 227 777 amicis
251 724 353 794 opem
379 700 464 770 mihi
490 699 650 791 pollicitis
684 709 849 785 tentatos,
879 710 916 772 et
948 700 993 771 ab
1024 702 1189 772 omnibus

94 830 193 901 ¹calle
219 824 336 896 medio
360 822 537 906 desertas,
564 822 630 893 iste
657 843 747 892 unus
782 821 981 893 aderitum
1009 823 1188 916 perduxit,

110 972 177 1021 non
196 948 338 1042 quidem
359 967 491 1029 omnes
521 944 665 1016 sedeas
695 966 776 1037 quae
797 966 865 1016 nuo
885 968 955 1017 non
976 947 1111 1017 enormi
1136 948 1190 1016 ni-

108 1075 214 1144 mium
236 1070 415 1142 volumine
434 1069 510 1160 capi
533 1077 687 1161 possent,
715 1068 864 1160 quaesi
891 1069 981 1140 hanc
1001 1068 1069 1138 illis
1094 1069 1202 1165 inse,

1 1207 2 1210 ’
109 1217 222 1278 caeru,
244 1215 431 1264 numerum
452 1201 683 1263 trecentarum
710 1202 746 1262 et
764 1191 1018 1283 quinquaginta
1038 1193 1190 1285 comple·

109 1318 216 1398 hunt,
234 1339 322 1409 quas
344 1324 381 1386 tu
400 1315 482 1388 olim
500 1316 593 1386 illius
607 1338 714 1386 manu
728 1315 885 1407 scriptas,
902 1323 1093 1408 praestante
1107 1317 1188 1396 Deo,

110 1441 271 1536 aspicies,
299 1461 367 1510 non
388 1453 485 1531 'vaga
504 1439 644 1530 quidem
657 1458 703 1509 ac
720 1438 912 1509 luxurianti
930 1437 1043 1510 littera
1062 1438 1190 1530 (qualis

110 1576 165 1635 est
199 1564 405 1655 scriptorum
440 1582 502 1632 seu
532 1562 652 1631 verius
684 1560 855 1654 pictorum
889 1561 998 1631 nostri
1024 1563 1192 1654 temporis

110 1687 213 1775 longe
238 1687 357 1754 oculos
384 1685 554 1764 mulcens,
587 1684 694 1774 prope
726 1693 844 1753 autem
877 1682 1030 1753 afficiens
1054 1705 1096 1753 ac
1117 1684 1193 1754 lati-

111 1829 214 1900 gam,
235 1805 337 1898 quasi
359 1806 404 1876 ad
425 1805 520 1904 aliud
541 1828 644 1897 quam
667 1805 711 1876 ad
734 1806 921 1896 legendum
953 1807 998 1876 sit
1030 1806 1190 1891 inventa,

111 1941 147 2002 et
176 1952 261 2014 non,
277 1938 328 1998 -ut
353 1927 660 2019 grammaticorum
691 1927 850 2022 princeps
872 1928 933 2012 ait,
957 1929 1071 1999 littera
1091 1930 1193 2020 quasi

111 2053 257 2145 legitera
277 2052 371 2123 dicta
397 2052 470 2143 sit),
499 2051 562 2121 sed
587 2050 655 2123 alia
679 2051 831 2143 quadarn
854 2050 1021 2142 castigata
1041 2062 1078 2121 et
1098 2055 1193 2123 clara

112 2196 220 2268 seque
241 2177 333 2246 ultro
353 2175 463 2247 oculis
484 2176 679 2265 ingerente,
702 2175 736 2243 in
757 2196 827 2266 qua
847 2175 932 2243 nihil
949 2175 1195 2266 orthographi-

112 2320 205 2381 cum,
228 2298 313 2367 nihil
339 2296 479 2367 omuino
505 2296 744 2387 grammaticae
769 2296 854 2366 artis
888 2297 1058 2368 omissum
1083 2298 1193 2368 dicas.

112 2424 156 2492 Et
176 2423 220 2492 de
241 2421 296 2490 his
318 2420 499 2490 hactenus.
520 2421 563 2488 Ut
581 2441 668 2491 vero
692 2420 728 2489 in
748 2420 803 2490 his
824 2420 984 2491 ultimum
1005 2422 1049 2492 sit
1070 2421 1195 2493 litteris

111 2543 208 2635 quod
229 2543 379 2635 primum
400 2541 436 2609 in·
455 2541 570 2612 animo
586 2562 677 2612 meo
707 2543 787 2627 init,
819 2553 875 2613 est
907 2543 965 2617 irio
987 2542 1134 2636 quidem
1161 2544 1194 2612 in

113 2666 233 2759 primis
259 2663 304 2734 ad
328 2664 499 2758 poeticam
525 2667 669 2755 prorius
705 2666 739 2735 in
769 2666 901 2757 quasi
933 2666 1196 2758 pergiausque

28 2867 31 2872 ,
113 2787 201 2858 adeo
217 2794 256 2856 ut
274 2808 352 2855 cum
372 2796 526 2878 ternpore
544 2788 697 2857 animum
718 2786 843 2870 firmet,
860 2788 904 2858 ad
917 2801 1049 2860 cautum
1065 2787 1196 2880 aliquid

113 2909 287 2979 elrnirari
307 2918 342 2980 te
363 2919 464 3000 coget
481 2920 516 2980 et
536 2910 701 3000 gaudere.
721 2908 846 2980 Adhuc
867 2920 982 2980 tamen
1005 2932 1065 3001 per
1086 2908 1196 2978 imbe-

112 3015 288 3103 cillitatem
308 3033 423 3102 aetatis
444 3055 558 3124 vagus
579 3042 648 3115 est,
670 3033 837 3103 necdum
857 3033 942 3102 satis
964 3033 1059 3124 quod
1076 3032 1193 3103 dicere

114 3153 199 3222 velit
218 3153 377 3236 instituit,
401 3154 467 3226 sed
486 3155 657 3247 quidquid
678 3154 794 3226 dicere
815 3158 900 3237 vult,
922 3158 990 3226 alte
1005 3155 1194 3225 admodum

114 3274 197 3347 dicit
217 3287 321 3367 atque
340 3285 472 3346 ornate.
491 3277 612 3370 ltaque
634 3299 730 3371 saepe
750 3277 798 3347 illi
816 3298 957 3348 carmen
977 3275 1109 3346 excidit
1127 3298 1195 3348 non

117 3420 282 3470 sonorum
303 3397 419 3480 modo,
443 3398 504 3468 sed
525 3420 632 3489 grave
649 3411 684 3499 et
710 3400 862 3494 lepidum
883 3411 1148 3491 maturumque,
1162 3410 1197 3470 et

116 3521 219 3616 quod⁴
230 3533 341 3613 poetae
360 3521 579 3614 senisputes,
595 3522 659 3593 nisi
673 3546 800 3596 noscas
813 3533 1002 3596 auctorem.
1019 3521 1194 3604 Firmabit,

96 3648 156 3732 lut
181 3665 292 3740 spero,
320 3645 472 3716 animum
492 3666 532 3716 ac
550 3645 678 3729 stilum,
702 3658 737 3717 et
756 3670 803 3719 ex
825 3647 942 3718 multis
964 3668 1073 3717 unum
1092 3619 1196 3716 suurn

105 3737 158 3840 *ao
178 3765 356 3863 proprium
374 3764 547 3850 conflabit,
564 3777 599 3838 et
616 3767 842 3840 imitationem
862 3793 930 3841 non
951 3768 1064 3839 dicam
1077 3767 1195 3856 lugiet,

113 3885 182 3962 sed
203 3890 342 3974 celabit,
367 3893 417 3963 sio
438 3900 476 3963 ut
494 3890 721 3962 nullisimilis
741 3893 925 3987 adpareat,
948 3890 1012 3962 sed
1025 3912 1080 3960 ex
1097 3895 1197 3960 vete-

108 4015 216 4118 ribus
235 4041 366 4091 novum
387 4017 563 4108 quoddam
589 4016 689 4086 Latio
714 4015 873 4087 intulisse
899 4013 1071 4085 videatur.
1099 4012 1198 4082 Nunc

119 4157 231 4230 nsque
257 4149 372 4212 autem
400 4138 649 4210 imitationibus
673 4139 819 4230 gaudet,
840 4135 934 4229 quod
962 4157 1065 4207 suum
1091 4133 1200 4205 hahet
