2738 4680
220 300 257 358 St
414 327 416 332 ν
554 312 594 358 uu
617 312 718 360 nunus
740 310 963 361 ruttturtmnus

219 454 363 522 intenta:
403 471 489 541 coge
527 450 603 518 illos
643 459 777 519 mutare
815 447 1012 531 consilium,
1049 446 1078 516 si
1112 446 1298 518 consilium

219 573 372 645 abeundi
389 573 533 665 placuit:
551 573 707 665 alioquin
724 571 950 644 fluctuantem
977 571 1062 642 siste
1081 572 1247 653 animum,
1267 583 1303 639 et

220 719 307 789 coge
324 699 359 767 in
381 696 559 767 meliorem
582 699 698 767 iurare
719 695 940 767 sententiam.
961 695 1067 767 Multa
1088 697 1154 765 lert
1181 717 1301 766 secum

219 821 311 892 dies:
331 822 424 890 nulla
445 821 583 892 fortuna
609 829 776 914 perpetua
809 829 875 900 est,
908 821 1017 891 multa
1052 819 1207 890 remedia
1233 842 1301 911 non

219 943 488 1036 expectantibus
526 964 728 1037 pervenere.
763 941 947 1035 Nunquam
981 943 1180 1036 desperatio
1223 965 1301 1014 sera

219 1071 298 1140 suit:
321 1064 411 1139 unde
432 1069 520 1139 sorte
538 1090 607 1139 non
628 1075 748 1162 putas,
771 1065 891 1137 veniet
908 1067 1079 1137 auxilium
1102 1066 1173 1136 tibi.
1201 1067 1301 1150 Quod

220 1193 337 1263 adme
360 1192 481 1263 attinet
512 1191 770 1262 communicare
801 1200 916 1261 tecum
937 1190 1053 1262 omnia
1082 1193 1299 1285 propositum

219 1328 287 1398 est,
310 1327 415 1407 atque
437 1317 470 1384 in
493 1314 613 1407 primis
634 1312 814 1385 amicitias.
838 1313 911 1397 Qua
932 1316 967 1384 in
985 1336 1023 1384 re
1043 1316 1128 1385 nulli
1149 1336 1299 1408 usquam

219 1459 308 1509 meae
330 1437 434 1509 sortis
456 1435 588 1506 homini
609 1437 777 1507 cesserim
803 1438 859 1507 vel
885 1436 1077 1520 nobilitate,
1105 1439 1164 1507 vel
1189 1439 1300 1529 gratia

219 1564 276 1633 vel
298 1558 380 1642 tide,
416 1562 473 1654 vel
505 1580 662 1630 numero.
698 1561 829 1652 Scripsi
862 1560 930 1631 iam
964 1584 1057 1632 nunc
1091 1583 1220 1653 magno
1255 1562 1298 1633 illi

219 1685 331 1756 amico
357 1683 402 1754 de
430 1682 534 1753 rebus
558 1683 626 1754 tuis
648 1696 685 1754 ut
710 1685 843 1776 petisti,
867 1706 1040 1777 opemque
1060 1687 1138 1756 eius
1160 1686 1299 1756 minime

219 1810 417 1881 defuturam
450 1804 510 1876 tibi
541 1808 755 1901 persuadeas
784 1809 901 1880 velim.
937 1808 1078 1880 lnterim
1109 1811 1198 1880 forte
1225 1810 1299 1904 ipse

219 1934 337 2006 adero.
364 1933 519 2028 Psyllum
542 1942 729 2003 venturum
758 1931 905 2004 credito:
937 1932 1143 2003 abrotanum
1173 1934 1241 2002 erit
1267 1932 1298 2001 io

219 2057 395 2140 manibus;
418 2077 522 2149 spero
542 2056 616 2128 lore
637 2067 675 2127 ut
695 2058 752 2126 vel
778 2056 895 2127 alllatu
928 2059 1005 2149 ipso
1026 2065 1228 2151 serpentum
1254 2058 1300 2127 si-

218 2180 288 2250 bila
314 2179 557 2250 conticescant.
593 2179 652 2248 Sin
682 2179 822 2250 omnino
843 2198 906 2273 pro
928 2188 1081 2271 tempore
1103 2179 1300 2251 subducere

219 2312 323 2395 caput
340 2302 483 2372 invidiae
500 2301 700 2384 decrevisti,
721 2298 832 2372 habes
849 2301 884 2370 in
904 2290 1108 2396 tempestate
1128 2300 1194 2374 hac
1215 2303 1300 2373 vici-

218 2447 302 2496 num
319 2434 354 2496 et
372 2433 530 2514 paratum
552 2434 702 2516 portum.
722 2423 801 2492 Scio
823 2433 855 2492 te
883 2444 1009 2515 magno
1030 2426 1098 2496 mei
1124 2425 1299 2498 desiderio

219 2546 339 2616 teneri.
361 2546 437 2615 Etsi
462 2545 554 2614 enim
576 2546 711 2617 animos
732 2545 862 2618 virtute
882 2546 1099 2632 coniunctos
1123 2560 1232 2642 utque
1252 2551 1299 2622 ait

217 2668 463 2762 Hieronymus,
482 2666 609 2738 Christi
640 2669 774 2759 glutino
804 2672 996 2764 copulatos,
1019 2674 1105 2743 nihil
1131 2675 1176 2745 sit
1204 2676 1299 2768 quod

218 2801 370 2883 separet,
394 2813 462 2863 non
484 2795 593 2877 iocur,
614 2815 682 2863 non
704 2805 858 2888 tempus,
880 2817 950 2868 non
971 2796 1120 2882 oblivio,
1146 2820 1214 2870 non
1236 2810 1298 2872 tae-

216 2914 328 2999 dium,
352 2938 421 2987 non
439 2936 534 3009 spes,
557 2938 625 2987 non
644 2928 773 3002 metus,
795 2940 863 2990 non
885 2920 1030 3008 invidia,
1054 2943 1123 2994 non
1143 2923 1208 3007 ira,
1228 2946 1297 2996 non

216 3037 350 3123 odium,
370 3061 437 3110 non
458 3041 614 3124 fortuna,
637 3063 855 3124 nonnarum,
878 3065 947 3115 non
968 3047 1121 3129 vincula,
1149 3070 1218 3119 non
1245 3050 1298 3120 di-

215 3161 324 3244 vitiae,
347 3183 416 3232 non
437 3173 639 3256 paupertas,
661 3186 731 3235 non
752 3167 941 3259 aegritudo,
972 3191 1041 3238 non
1077 3192 1192 3255 mors,
1228 3195 1298 3244 non

216 3275 440 3376 sepulchrum
469 3295 504 3356 et
535 3287 726 3357 resolutum
754 3291 883 3383 cerpus
916 3291 952 3359 in
980 3291 1128 3378 cineres,
1149 3293 1298 3388 ideoque

215 3427 312 3477 verae
345 3406 506 3477 amicitiae
544 3407 756 3482 immortales
792 3412 876 3484 sint:
912 3425 967 3485 est
1001 3425 1116 3486 tamen
1149 3417 1299 3493 dulcedo

214 3530 377 3622 quaedam
412 3552 479 3601 noo
508 3553 618 3625 parva
647 3535 847 3626 praesentia.
880 3535 929 3606 Ea
960 3559 1138 3630 nunquam
1156 3560 1202 3610 ex
1228 3563 1299 3633 quo

214 3656 365 3745 primum
386 3652 728 3749 distrahi-coepimus
749 3658 881 3729 tamdiu
907 3657 1008 3730 nobis
1028 3670 1108 3731 ante
1126 3662 1192 3733 hoc
1210 3672 1300 3733 tem-

214 3766 283 3868 pus
299 3789 418 3871 erepta
437 3785 501 3849 est.
524 3778 596 3850 lam
618 3779 701 3849 milri
723 3781 891 3874 septimus
913 3784 988 3854 siue
1008 3796 1040 3856 te
1059 3785 1093 3855 in
1114 3785 1181 3857 hac
1202 3788 1299 3879 regia

214 3896 300 3973 urbe
318 3922 430 3973 annus
450 3901 574 3994 agitur.
594 3900 670 3994 Age
691 3926 790 3995 ergo,
808 3904 893 3997 quid
909 3911 1053 3979 cessas?
1068 3910 1297 4003 Expectatus,

213 4030 414 4114 exoptatus
437 4033 617 4110 exoratus
652 4027 800 4099 adveni:
824 4029 875 4101 sic
909 4041 1024 4102 tamen
1056 4042 1181 4104 utnon
1201 4042 1297 4106 metu

213 4140 364 4215 hostium
389 4151 523 4241 pulsus,
557 4151 620 4222 sed
647 4150 747 4223 amici
776 4163 905 4226 tractos
935 4155 1109 4228 desiderio
1130 4158 1292 4242 videare,
