2730 4680
366 355 458 405 LIBER
480 353 656 403 Vicesimus.
667 371 707 385 -
718 354 869 404 EPISTOLA
892 356 911 402 1.
1177 343 1195 400 5

106 505 177 564 tem
202 492 425 564 hibernorum
453 493 575 565 solatio
602 491 790 563 leniebant:
822 490 922 562 nobis
958 470 1050 562 nulla
1078 493 1193 583 quieS,

104 617 239 686 nullum
263 614 339 687 sine
359 616 512 709 periculo
530 626 683 708 tempus
703 638 772 687 non
792 614 925 700 bruma,
945 636 1013 686 non
1035 614 1194 701 induciae,

105 761 175 810 non
193 760 275 810 nox.
294 739 385 808 Nihil
405 761 553 833 usquam
579 740 644 810 tuti
669 739 854 832 pacatique
886 746 952 822 est,
981 739 1124 810 assidue
1150 739 1195 811 do

106 860 220 931 salute
251 868 440 945 certamus,
473 882 611 956 semper
641 863 675 931 in
706 861 779 932 acie
817 871 967 945 stamus,
1004 870 1194 946 tentamur,
1272 893 1274 897 ’

105 980 409 1069 circumsedimur,
438 983 657 1076 impellimur.
688 985 816 1055 Hostes
836 984 927 1053 intra
954 1005 1074 1055 muros
1103 993 1194 1055 sunt.

106 1106 249 1198 lamque
271 1106 395 1176 armati
429 1105 474 1177 ad
504 1106 616 1200 ipsam
643 1104 787 1177 rationis
809 1127 926 1176 arcem
956 1125 1036 1176 sese
1070 1107 1194 1190 serunt,

107 1227 304 1319 vineasque
321 1227 505 1320 applicant,
527 1227 698 1299 intentant
715 1227 857 1314 arietes,
872 1226 1062 1300 moliuntur
1079 1230 1197 1300 innen-

108 1351 177 1432 dia,
204 1361 320 1423 turres
344 1349 530 1435 scandunt,
556 1374 620 1424 nec
641 1352 708 1425 iam
730 1352 830 1424 aliter
861 1373 967 1444 quam
993 1352 1086 1447 apud
1112 1351 1197 1424 llion

107 1474 288 1568 quondam
308 1473 444 1546 haerent
463 1473 657 1569 parietibus
679 1477 796 1559 scalam
815 1476 918 1546 scatae
937 1475 1122 1547 criminum
1137 1498 1198 1568 pa·

108 1596 256 1668 rictibus
277 1597 483 1668 animarum.
506 1597 598 1681 Quid
622 1608 789 1689 expectas
817 1582 865 1668 ut
879 1576 1013 1668 dicam?
1036 1598 1075 1667 ln
1102 1598 1197 1692 ipsas

108 1739 252 1790 mensas
273 1728 413 1790 nostras
434 1728 539 1812 atque
560 1717 685 1791 cubitia
712 1720 907 1813 irrumpunt
932 1730 967 1790 et
991 1721 1026 1790 in
1058 1720 1198 1812 iugulos

109 1851 228 1926 ruunt,
252 1840 415 1935 quodque
436 1842 636 1935 proximum
651 1821 768 1913 'esitio
794 1853 848 1914 est
873 1852 1043 1914 armatum
1071 1842 1199 1914 errori-

109 1964 178 2036 bus
199 1967 330 2057 vulgus
348 1987 451 2036 omne
473 1966 604 2037 serrum
626 1943 745 2038 movet
760 1974 798 2037 et
816 1987 879 2058 pro
893 1964 1061 2038 'hostibus
1082 1976 1199 2061 partes

110 2085 202 2158 iacit.
220 2087 260 2156 ln
280 2086 347 2157 hoc
368 2095 437 2156 tam
459 2084 597 2181 ancipiti
614 2085 772 2179 duroque
789 2087 977 2157 certamine
997 2087 1133 2158 nonnisi
1155 2087 1201 2159 de

110 2212 199 2282 coeio
222 2210 395 2304 speranda
411 2210 556 2282 victoria
576 2217 642 2281 est.
664 2208 748 2281 Inde
767 2230 846 2280 eam
869 2209 978 2280 amice
997 2228 1199 2302 poscamus:

112 2335 251 2405 interea
272 2343 389 2404 tamen
411 2331 470 2403 ubi
501 2334 565 2403 sim
586 2330 712 2404 videus
733 2354 803 2405 non
824 2331 959 2404 moveri
980 2354 1128 2425 nequeo,
1151 2333 1202 2402 in-

113 2459 325 2549 terdumque
343 2463 413 2527 tam
435 2455 589 2547 graviter
608 2466 648 2527 ut
666 2477 757 2528 meae
774 2455 879 2527 sortis
897 2455 1095 2550 impatiens,
1117 2478 1203 2528 moe-

114 2579 178 2651 stis
205 2603 297 2675 pene
321 2579 442 2650 vincar
468 2576 669 2671 angoribus.
697 2576 892 2651 Aberrasse
917 2579 1005 2649 torte
1032 2601 1052 2649 a
1077 2600 1203 2672 propo

115 2704 183 2775 sito
199 2702 337 2774 videor:
356 2701 434 2773 tulit
445 2701 611 2796 impetus3
630 2701 695 2773 sed
712 2702 828 2774 redeo.
848 2704 910 2772 His
928 2722 1013 2792 ergo
1027 2700 1129 2773 hodie
1142 2723 1203 2772 cu-

114 2827 164 2897 ris
185 2825 374 2918 implicitus
394 2844 483 2916 quas
509 2823 595 2894 mihi
616 2823 976 2918 circumstrepentium
998 2846 1114 2895 rerum
1135 2826 1203 2895 ira·

116 2972 180 3041 gor
210 2947 426 3040 satietasque
459 2955 680 3041 pepererant,
715 2947 797 3018 dum
827 2947 979 3019 thalamo
1018 2946 1200 3038 egredior,

116 3072 299 3164 epistolam
319 3079 415 3142 tuam
435 3070 470 3139 in
492 3069 610 3140 limine
634 3069 774 3141 obviam
798 3068 919 3154 habui,
951 3069 1095 3141 brevem
1122 3069 1204 3161 'qui-

116 3191 195 3264 dem
218 3214 239 3262 e
260 3179 492 3284 longa'veluti
513 3191 792 3284 peregrinatione
814 3191 1041 3274 succinctam3
1063 3210 1143 3283 quae
1162 3191 1204 3260 li·

116 3325 171 3386 cet
191 3314 237 3386 ad
267 3336 324 3385 me
345 3335 425 3386 sero
450 3312 653 3400 admodum,
681 3315 801 3387 nescio
818 3313 947 3407 quibus
969 3312 1127 3387 obicibus
1148 3335 1204 3384 re-

117 3439 253 3511 tardata
272 3440 485 3533 pervenerit,
504 3436 551 3510 ita
564 3446 604 3509 ut
616 3458 696 3532 quae
715 3440 852 3510 nuntiat
871 3438 956 3508 mihi
977 3438 1047 3509 iam
1067 3436 1202 3532 pridem

116 3562 234 3634 omnia
255 3572 337 3633 nota
357 3570 478 3632 essent
492 3561 626 3656 (nempe
639 3583 717 3632 oum
736 3562 873 3632 interim
888 3569 968 3632 ante
982 3561 1058 3632 eius
1071 3558 1204 3631 adven·
1230 3544 1233 3557 ’

117 3693 191 3756 tum
214 3686 336 3757 Caesar
357 3695 477 3757 noster
496 3685 628 3778 dequo
648 3685 705 3756 illa
722 3685 886 3777 loquitur,
902 3706 971 3756 non
985 3682 1088 3753 modo
1105 3703 1204 3753 coro-

117 3818 222 3906 natus
244 3807 308 3880 sed
328 3810 426 3879 velut
446 3806 569 3879 umbra
590 3809 648 3877 vel
670 3807 843 3878 somnium
861 3803 963 3876 nobis
984 3800 1121 3874 ablatus
1143 3801 1201 3883 sit,

115 3932 219 4004 cuius
243 3952 311 4022 ego
331 3929 464 4001 abitum
491 3928 602 4001 acutis
629 3951 669 3999 ao
689 3927 832 3999 fervidis
858 3926 982 3997 litteris
1008 3944 1204 4018 prosequu-

118 4064 175 4126 tus
198 4051 308 4148 sumi:
331 4053 512 4148 epistolam
539 4062 657 4124 tamen
681 4054 791 4145 ipsam
814 4073 882 4122 non
907 4048 1007 4121 aliter
1025 4058 1060 4120 et
1087 4069 1204 4121 amore

117 4176 288 4248 mittentis
305 4183 341 4246 et
360 4174 542 4250 dulcedine
560 4195 623 4248 sua
641 4186 760 4268 captus
780 4172 918 4266 aspexi,
938 4173 1092 4267 quamsi
1113 4189 1203 4245 nova
