2992 4664
184 311 242 369 llll
525 325 566 370 na
588 324 688 371 nauus
709 323 932 374 faurtunataus

184 467 336 538 oratione
359 469 472 536 soluta
493 466 550 536 illa
571 467 731 537 felicitate
752 444 1104 556 ingeniiderelictum
1134 473 1269 545 scribat

182 591 338 660 Annaeus
360 590 504 672 Seneca,
528 611 676 680 quorum
696 593 782 661 alter
795 591 830 659 in
845 593 961 662 multis
975 591 1161 686 interpres,
1178 599 1268 669 alter

182 711 216 781 in
237 713 394 804 pluribus
415 713 565 783 imitator
587 725 666 783 tuus
688 715 766 797 tuit,
789 712 893 786 ambo
910 726 1024 786 autem
1044 717 1139 788 latini
1154 720 1265 791 duces

180 834 307 938 eloquii
329 845 421 918 sunt,
451 846 636 928 utrumque
664 847 776 906 tamen
808 838 857 908 sic
883 838 1013 932 accipio
1045 849 1082 909 ut
1112 843 1266 934 quisque

181 978 299 1029 secum
320 980 389 1028 non
411 980 489 1028 cum
511 956 579 1026 alio
597 960 762 1044 collatuS,
782 957 858 1052 ipse
879 960 945 1030 sibi
961 962 1072 1054 impar
1086 985 1195 1056 seque
1212 940 1266 1035 in-

179 1081 284 1152 ferior
308 1079 498 1150 habeatur:
527 1081 680 1172 alioquin
704 1092 740 1152 et
770 1083 945 1153 Ciceronis
973 1085 1165 1157 versiculos
1193 1109 1263 1158 non

179 1204 325 1296 ineptos,
349 1212 383 1272 et
402 1201 538 1292 Virgilii
563 1204 727 1295 epistolas
750 1203 905 1274 oratione
939 1204 1049 1276 libera
1083 1228 1151 1277 non
1188 1210 1263 1279 ina-

180 1347 314 1396 moenas
334 1327 415 1416 legi.
437 1326 536 1408 Quod
558 1328 593 1396 in
616 1338 649 1397 te
670 1349 809 1419 quoque
839 1351 931 1398 nunc
956 1329 1130 1419 experior,
1159 1331 1261 1400 cuius

177 1449 244 1519 etsi
264 1470 404 1519 carmen
426 1450 601 1540 proprium
625 1458 729 1540 atque
750 1449 961 1541 praecipuum
990 1471 1078 1544 opus
1106 1452 1165 1534 sit,
1193 1453 1261 1522 etsi

178 1570 429 1664 Hieronymum
459 1569 644 1662 quemdam
667 1592 712 1640 ex
743 1570 872 1641 nostris
908 1572 1104 1661 linguarum
1137 1573 1260 1663 peritia

176 1691 350 1781 insignem
371 1694 487 1762 virum
519 1702 661 1763 secutus
683 1692 870 1785 aliquando
891 1693 1106 1786 scripserim,
1131 1703 1163 1765 te
1188 1716 1260 1765 non

177 1814 345 1886 modoad
368 1815 513 1888 verbum
535 1818 570 1887 in
596 1829 754 1888 nostram
783 1816 937 1906 linguam
963 1838 1106 1888 versum
1135 1816 1197 1888 sed
1223 1818 1257 1886 in

176 1946 276 2017 tuam,
292 1939 401 2030 ipsam
424 1941 630 2021 resolutum,
654 1938 767 2010 videri
788 1937 832 2008 de
853 1948 953 2030 poeta
971 1940 1258 2032 eloquentissimo

175 2060 236 2130 vix
257 2062 468 2152 loquentem,
493 2083 584 2132 nunc
601 2069 733 2144 tamen,
756 2059 852 2151 quod
873 2059 990 2130 mirari
1008 2064 1192 2156 compulit,
1222 2072 1258 2132 et

174 2187 309 2257 solutus
333 2187 447 2276 places
466 2194 501 2256 et
521 2186 661 2256 latinus.
676 2183 853 2274 Quidquid
868 2182 996 2254 idcirco
1009 2188 1174 2278 praefatus
1190 2185 1255 2255 sim

172 2329 216 2379 ne
237 2331 342 2400 quem
363 2310 448 2378 forte
471 2318 620 2390 moveat,
643 2307 737 2399 quod
762 2307 823 2398 qui
849 2305 963 2396 ligatis
992 2305 1192 2396 Virgilium,
1222 2317 1256 2378 te

174 2428 296 2499 solutis
317 2429 436 2500 verbis
458 2431 614 2520 alloquar
630 2429 756 2503 :illum
778 2427 870 2498 enim
892 2427 1164 2520 compellabam:
1193 2427 1256 2499 tibi

173 2571 257 2621 vero
277 2549 488 2643 respondeo,
511 2561 616 2640 atque
636 2549 714 2620 ideo
735 2549 804 2619 illic
824 2571 1043 2621 communem
1058 2548 1183 2642 ipsius,
1199 2550 1256 2621 hic

171 2692 240 2742 non
262 2680 359 2741 tuum
381 2672 475 2742 illum
499 2679 670 2752 veterem,
695 2670 758 2742 sed
783 2670 941 2764 epistolae
975 2671 1020 2741 ad
1052 2693 1108 2740 me
1134 2671 1255 2740 missae

171 2815 299 2864 novum
330 2796 531 2888 quemdam,
553 2803 589 2865 et
610 2793 693 2864 milri
714 2792 969 2885 quotidianum,
992 2790 1068 2877 tibi,
1093 2803 1130 2863 ut
1156 2815 1251 2878 reor,

170 2918 344 2990 insolitum
368 2921 485 2992 stilum
512 2939 650 3011 sequor.
678 2918 897 3007 Quamquam
924 2915 1007 3008 quid
1033 2937 1088 2986 me
1115 2914 1254 3007 utrique

171 3049 326 3115 vestrum
347 3042 442 3134 loqui
463 3041 635 3113 dixerim?
656 3041 817 3130 Strepere
837 3045 893 3107 est
913 3037 1083 3129 quidquid
1108 3036 1154 3107 ab
1181 3038 1252 3109 ullo

169 3159 270 3230 vobis
290 3161 436 3232 dicitur:
455 3163 557 3234 nimis
579 3164 766 3245 excellitis,
783 3181 958 3255 supraque
973 3161 1147 3230 hominem
1163 3160 1252 3230 estis

167 3295 203 3356 et
224 3292 294 3356 loto
315 3286 445 3356 vertice
465 3285 521 3354 itis
543 3286 578 3354 in
599 3284 728 3355 nubila.
752 3283 819 3355 Sed
845 3284 945 3354 dulce
966 3282 1051 3358 mibi
1078 3284 1173 3353 velut
1198 3282 1253 3353 in·

167 3407 252 3478 tanti
271 3417 327 3479 est
343 3429 422 3478 cum
444 3405 684 3478 disertissimis
705 3403 933 3476 nutritoribus
947 3403 1129 3475 balbutire.
1147 3404 1194 3489 Et
1205 3403 1251 3475 de

166 3530 245 3598 stilo
265 3530 408 3622 quidem
431 3530 621 3600 hactenus:
644 3525 688 3597 ad
710 3549 783 3598 rem
800 3527 915 3596 venio.
938 3525 1102 3609 Quereris
1117 3524 1252 3617 dequi-

165 3651 327 3736 busdam,
350 3675 430 3722 cum
451 3651 495 3722 de
516 3649 677 3720 omnibus
694 3670 802 3741 prope
819 3651 894 3718 iure
907 3648 1037 3741 optimo
1053 3648 1152 3741 queri
1167 3669 1249 3740 pos-

167 3774 226 3844 sis.
241 3775 325 3845 Nam
340 3773 424 3866 qnid
440 3775 473 3843 in
487 3772 608 3856 rebuS,
631 3793 764 3862 quaeso,
784 3770 962 3841 hominum
980 3780 1035 3841 est
1052 3770 1145 3861 quod
1160 3792 1249 3862 que·

165 3895 320 3968 simoniis
340 3898 442 3968 iustis
459 3908 573 3980 vacet,
594 3895 658 3964 nisi
682 3893 776 3991 quod
797 3896 961 3986 querelae,
979 3893 1037 3963 ubi
1051 3893 1248 3963 inefficaces

165 4038 246 4087 esse
267 4020 444 4113 coeperint,
466 4020 616 4111 quodam
641 4017 744 4088 modo
758 4016 861 4087 iustae
875 4038 956 4088 esse
976 4016 1164 4087 desinunt‘.l
1181 4014 1247 4085 Ca-

166 4151 242 4210 rent
262 4143 352 4212 enim
375 4163 443 4212 non
460 4162 566 4213 causa
587 4140 727 4231 quidem
755 4140 910 4221 iustitiae,
935 4139 998 4210 sed
1018 4140 1155 4220 effectu,
1183 4138 1245 4229 qui
