2730 4680
342 326 434 375 LIBER
456 328 844 382 vicesimus-llelslolu
865 335 915 382 llV.
1127 326 1165 384 55

498 613 673 678 epistota
696 614 753 676 llll.

240 797 618 847 661661666666661661
640 797 774 846 6666161
796 798 855 847 666
877 800 903 847 s,
925 801 952 848 6.
976 802 1004 847 6.

186 957 268 1023 Quod
282 956 311 1012 iu
326 960 448 1012 veterem
462 955 539 1011 Laelii
553 955 701 1014 amicitiam
715 957 828 1014 redierit
843 957 942 1032 gaudio
956 962 1049 1032 gestit.

178 1219 401 1305 lamdudum,
423 1219 469 1289 mi
492 1219 665 1306 86666166,
687 1219 996 1292 66666116166666
1021 1221 1160 1299 vicissi-

90 1341 164 1413 tudo
176 1341 234 1412 1116
247 1341 457 1428 litterarum,
472 1364 637 1435 magnum
650 1343 819 1414 absentiae
835 1343 1043 1430 remedium,
1058 1347 1158 1418 cuius

87 1464 288 1535 cessationis
308 1474 343 1536 et
367 1467 547 1559 occupatio
571 1467 752 1558 utriusque
778 1467 952 1552 nostrum,
979 1478 1015 1541 et
1039 1472 1158 1542 multae

86 1589 167 1659 sorte
188 1588 267 1658 aliae
288 1599 371 1658 suut
389 1609 520 1659 causae.
542 1589 612 1672 1116,
631 1590 667 1660 61
687 1592 795 1674 161166,
815 1590 968 1662 66161661
986 1593 1155 1680 maxima,

85 1710 173 1803 quod
193 1709 338 1782 materia
355 1709 481 1782 deesse
501 1711 619 1805 incipit
638 1711 824 1783 scribendi.
842 1713 961 1806 Neque
979 1713 1105 1786 mirum
1123 1717 1159 1789 id

84 1830 179 1903 nobis
205 1832 363 1903 accidere
387 1832 482 1924 quod
510 1833 620 1904 Tullio
653 1833 778 1905 accidit
809 1845 845 1905 et
877 1835 999 1907 Attico.
1033 1837 1156 1909 Nullus

85 1966 197 2028 tantus
217 1965 451 2038 6616666666,
473 1954 533 2048 qui
553 1977 622 2028 non
642 1955 1018 2029 assiduedetrahendo
1037 1959 1157 2030 decre-

84 2100 192 2164 66666,
214 2079 305 2150 etin
327 2078 471 2151 nihilum
493 2079 581 2150 verti
607 2088 721 2172 queat.
744 2077 920 2171 Quidquid
942 2079 1154 2166 sciebamus,

80 2202 273 2273 credulam
299 2200 439 2293 iugibus
461 2200 641 2295 seripturis
661 2201 902 2273 exhausimus.
924 2201 1025 2284 Quod
1047 2224 1153 2273 unum

81 2324 180 2398 hodie
203 2346 243 2395 se
265 2325 372 2412 offert,
395 2327 486 2396 inter
506 2333 540 2396 te
555 2333 590 2396 et
602 2325 767 2410 Laelium,
791 2346 846 2396 me
862 2323 1031 2409 hortante,
1049 2329 1156 2398 refor-

81 2460 205 2520 matam
228 2447 428 2533 amicitiam,
450 2447 539 2518 etin
560 2447 707 2539 gratiam
728 2446 876 2519 reditum
900 2469 998 2534 esse,
1025 2449 1095 2521 tuis
1120 2461 1155 2524 et

81 2571 149 2642 suis
170 2580 207 2641 et
227 2573 413 2643 multorum
435 2569 558 2642 litteris
583 2570 697 2654 audio,
724 2581 760 2640 et
785 2571 937 2661 gaudeo,
965 2573 1151 2657 mehercle,

79 2698 188 2793 deque
213 2698 489 2771 reconciliatione
505 2698 570 2770 hac
595 2719 699 2789 quam
725 2693 769 2767 de
794 2699 863 2766 ulla
889 2699 1018 2770 realia
1044 2699 1154 2770 laetior

80 2843 164 2893 sum.
188 2823 283 2893 Bene
300 2819 446 2894 accidit:
468 2821 599 2913 gratias
619 2822 704 2902 Deo,
732 2820 863 2911 gratias
883 2819 997 2891 vobis.
1019 2822 1079 2892 Ille
1100 2822 1152 2891 in·

80 2945 222 3040 spiravit
244 2944 307 3017 hos
328 2944 478 3029 animos,
499 2964 565 3015 vos
587 2943 722 3035 spiritui
743 2942 875 3014 aditum
894 2964 962 3015 non
981 2943 1149 3035 negastis.

78 3067 240 3141 Laudatis
258 3066 361 3140 ambo
378 3068 534 3138 certatim
554 3065 671 3138 stilum
689 3086 819 3147 meum,
839 3065 989 3157 quicum
1012 3086 1150 3160 semper

78 3191 249 3275 incultus,
264 3199 345 3262 1666
364 3190 576 3285 improvisus
596 3211 636 3261 ac
661 3188 906 3260 tumultuarius
932 3201 970 3260 ut
994 3200 1091 3261 66661
1115 3202 1150 3261 61

79 3314 154 3386 6661
176 3326 329 3408 tempuS,
357 3325 392 3386 et
417 3313 485 3387 diei
513 3313 611 3397 hora,
639 3321 674 3383 et
699 3310 809 3383 nuntii
829 3311 1003 3383 festinatio
1024 3333 1149 3404 coege-

78 3447 163 3509 runt.
191 3436 311 3508 Tantis
337 3447 452 3508 tamen
477 3437 602 3527 plenus
628 3432 806 3505 affectibus
833 3434 1041 3527 pietatisque
1066 3436 1148 3504 faci-

78 3557 138 3631 hus
159 3582 200 3632 ac
222 3559 368 3631 stimulis
389 3560 468 3645 fuit,
488 3568 525 3629 ut
538 3556 624 3652 ipse,
644 3556 713 3626 iam
730 3555 886 3640 memini,
901 3559 1012 3628 Deum
1027 3566 1144 3640 testor,

77 3681 161 3754 inter
198 3682 421 3756 scribendum
446 3682 605 3753 lacrimas
633 3702 701 3751 non
727 3688 892 3752 tenerem.
926 3679 1039 3750 Eratis
1065 3692 1145 3752 ante

79 3806 189 3876 oculos
216 3825 283 3876 vos
311 3804 396 3889 duo,
430 3814 528 3875 erant
560 3802 661 3875 amici
694 3825 816 3875 omnes
848 3814 968 3874 vestro
999 3802 1146 3875 dissidio

79 3924 208 4011 deiecti,
223 3938 324 3999 erant
337 3926 589 4019 triumphantes
609 3928 741 4011 aemuli,
764 3935 864 3997 erant
879 3925 961 3995 6661
978 3929 1145 4018 praeteriti

79 4058 165 4125 tauta
179 4050 365 4124 concordia
378 4052 503 4122 exacti.
519 4050 605 4122 Hinc
622 4050 771 4143 impetus
785 4048 947 4142 incompti
961 4051 1142 4137 sermonis

80 4168 150 4246 hinc
178 4177 332 4249 lacrimae
362 4174 557 4247 scribentis.
591 4174 666 4245 Non
697 4170 886 4265 ingenium,
923 4195 991 4246 non
1025 4172 1140 4260 611166,
