2804 4656
259 288 261 291 ’
314 317 408 364 bruun
430 317 968 377 vicesimusouunrus.-nrrsrouu
990 320 1009 366 r.
1142 305 1202 367 253

118 460 239 534 videat
257 461 339 534 vitae
364 483 523 547 cursum,
555 462 752 555 praesertim
783 483 829 533 ex
855 485 925 554 quo
952 462 1021 534 viae
1047 462 1202 534 medium

121 584 303 655 transivit?
320 585 422 655 Certe
442 606 508 676 ego
523 595 604 655 tuno
618 584 783 679 (memini)
799 597 879 657 ante
893 586 1078 657 dumtaxat
1091 588 1202 659 inten-

119 708 245 781 debam
272 710 408 791 ocutos
436 708 651 800 nimiumque
685 715 778 778 retro
811 716 905 779 erat:
927 708 1023 801 quod
1044 709 1203 782 restabat

117 834 329 926 plusculum,
355 842 391 902 ot
411 853 469 902 res
492 831 623 916 docuit,
652 830 716 902 sed
741 831 910 903 incertum
945 839 982 901 et
1001 831 1201 923 expositum

118 952 261 1025 infinitis
282 952 435 1036 casibus,
462 953 551 1023 inter
578 974 680 1044 quoS,
709 953 813 1024 fessis
840 953 963 1025 itinere
984 975 1025 1024 ac
1045 953 1201 1025 dimissis

117 1076 234 1148 medio
250 1079 335 1149 calte
352 1076 545 1159 comitibus,
569 1097 664 1169 saepe
685 1097 740 1146 me
762 1077 875 1147 solum
896 1076 1199 1169 circumspectans

120 1220 190 1270 nou
214 1199 289 1269 siue
309 1198 497 1290 gemitibus
518 1198 564 1270 ad
584 1198 676 1269 huuc
696 1198 788 1268 diem
814 1199 905 1269 veni.
932 1201 1005 1270 Hoc
1030 1201 1121 1271 intra
1145 1219 1202 1270 me

116 1332 152 1392 et
183 1340 394 1414 coaequevos
429 1341 541 1406 meos,
573 1320 656 1412 quin
690 1321 794 1392 etiam
821 1341 921 1392 senes
948 1330 1087 1392 nostros
1113 1321 1202 1392 inte·

118 1431 227 1516 reret:
260 1444 356 1537 quod
388 1442 538 1536 idipsum
565 1442 631 1515 iilis
656 1452 791 1515 certum
816 1451 852 1513 et
877 1442 1085 1514 immensum
1113 1454 1199 1527 erat,

117 1567 202 1637 mihi
223 1567 391 1658 exiguum
418 1575 523 1657 atque
543 1566 748 1658 ambiguum
769 1564 975 1637 videbatur:
997 1563 1112 1656 deque
1136 1564 1202 1635 hoc

117 1689 231 1762 crebri
258 1709 439 1761 sermones
463 1699 499 1759 et
519 1688 682 1760 iuvenilis
712 1689 903 1772 altercatio,
926 1688 1051 1779 inqua
1077 1708 1201 1759 senum

117 1810 408 1906 praeponderabat
431 1811 633 1894 auctoritas
656 1820 693 1882 et
718 1833 785 1903 ego
811 1832 917 1904 prope
941 1812 1009 1881 iam
1036 1811 1201 1883 amentiae

117 1945 303 2029 suspectus
324 1957 433 2007 eram.
455 1935 542 2005 Nam
569 1955 634 2005 nec
658 1934 753 2026 quod
779 1934 812 2002 in
839 1934 955 2006 animo
979 1944 1056 2004 erat
1080 1934 1202 2027 expri-

118 2080 213 2129 mere
238 2079 419 2142 noveram,
441 2058 526 2128 etsi
549 2078 706 2139 nossem,
729 2077 820 2128 nova
842 2066 946 2141 aetas,
973 2078 1065 2127 nova
1085 2057 1203 2151 opinio

117 2201 241 2275 parum
261 2177 342 2250 fidei
364 2178 599 2250 merebantur.
626 2176 871 2270 itaque'fando
892 2175 1005 2247 victus
1028 2176 1064 2245 in
1085 2198 1199 2247 arcem

5 2316 12 2322 ’
119 2302 244 2374 silentii
262 2301 515 2393 confugiebam.
535 2299 662 2371 Tacitis
684 2310 798 2370 tamen
819 2297 1018 2371 exactibus
1038 2318 1199 2391 quaenam

117 2433 241 2496 essent
261 2435 486 2516 utrorumque
507 2423 690 2494 sententiae
711 2420 909 2515 apparebat.
932 2421 1002 2491 litis
1022 2421 1114 2491 euim
1132 2441 1202 2492 non

119 2549 237 2641 pueris
263 2547 382 2631 modo,
406 2529 469 2617 sed
491 2543 634 2617 sonibus
656 2546 771 2637 longae
792 2566 887 2637 spes,
909 2566 1061 2617 onerosa
1081 2543 1203 2616 coniu-
1253 2615 1256 2619 ,

119 2671 189 2761 gia,
222 2668 396 2741 laboriosa
422 2667 557 2751 militia,
586 2688 715 2763 anceps
737 2668 928 2760 navigatio,
952 2689 1060 2739 avara
1085 2666 1203 2740 studia

118 2790 529 2874 instituebantunmihi,
559 2812 681 2861 rursus
702 2791 737 2858 iu
759 2789 1004 2861 testimonium'
1024 2790 1201 2860 Christum

118 2936 220 2997 vocO,
248 2914 314 2982 iam
340 2911 386 2981 ab
411 2913 467 2981 iila
493 2920 597 2983 aetate
622 2913 717 2982 nulia
751 2912 859 2981 ferme
890 2931 985 3003 speS,
1014 2912 1090 2981 <iam
1118 2921 1201 2982 tunc

118 3047 261 3108 teneros
297 3032 470 3124 cogitatus
510 3034 628 3103 saliere
666 3031 850 3123 incipiente
892 3034 1039 3105 fortuna.
1080 3033 1200 3126 Itaque
1268 3047 1271 3055 “

119 3157 290 3252 quidquid
329 3153 536 3226 fortunatius
580 3153 719 3238 accidit,
762 3153 855 3245 quod
899 3157 971 3226 Deo
1011 3164 1201 3248 praestante

119 3283 266 3353 multum
298 3289 369 3364 est,
403 3300 472 3350 uon
507 3278 657 3371 speranti
685 3264 832 3349 accidit:
860 3279 889 3350 si
916 3280 1001 3372 quid
1026 3280 1199 3351 interdum

118 3404 310 3476 animosius
336 3400 486 3493 speravi,
515 3400 620 3473 credo
648 3412 684 3472 ut
710 3422 851 3492 sperare
872 3401 1102 3486 dediscerem,
1130 3422 1200 3482 non

121 3525 253 3597 accidit.
277 3527 321 3597 Et
355 3547 440 3597 sane
468 3523 619 3597 dedidici
645 3545 756 3616 usque
783 3525 883 3607 adeo,
914 3536 950 3596 ut
971 3526 1049 3596 licet
1068 3525 1102 3594 in
1123 3524 1200 3596 dies

119 3652 243 3720 auctus
276 3651 424 3719 fortunae
447 3646 661 3731 muneribus,
684 3657 720 3718 et
743 3647 801 3718 iiia
826 3659 926 3738 grato
947 3647 1062 3719 animo
1089 3647 1199 3741 peroi-

119 3773 222 3865 piam.
243 3781 279 3842 et
309 3769 395 3840 nihil
427 3768 505 3842 ideo
530 3772 609 3862 plus
637 3792 774 3864 sperem
795 3793 898 3862 quam
922 3771 952 3840 si
972 3770 1055 3840 nihii
1079 3792 1199 3865 perce-

119 3893 271 3986 pissem:
305 3903 410 3985 atque
436 3893 514 3964 haec
540 3894 624 3963 mihi
649 3915 728 3964 oum
750 3893 871 3964 amicis
892 3916 959 3964 una
981 3893 1023 3964 iis
1046 3904 1196 3977 maneat,

118 4016 177 4107 qui
200 4015 365 4088 morituro
385 4018 508 4108 longas
531 4038 613 4109 spes
634 4015 815 4101 obiiciunt,
838 4037 942 4107 quas,
968 4026 1004 4088 ut
1030 4016 1116 4101 dixi,
1146 4017 1199 4089 vi-

76 4114 78 4125 ⁵
119 4161 201 4212 vero
228 4141 396 4235 incipiens
426 4139 655 4233 respuebam„
670 4141 751 4210 Haec
773 4160 826 4209 me
848 4160 912 4210 seu
936 4137 1106 4224 debilitas
1135 4161 1198 4211 seu
