2934 4650
579 316 818 366 urrsronu‘uur.
1161 301 1218 362 tlt

140 457 258 541 ubire3
282 457 368 527 satis
389 465 459 542 est,
482 457 567 526 nihil
588 457 736 527 ulterius
757 456 913 548 poscitur
930 479 975 527 ne
993 456 1028 526 in
1049 459 1221 527 latronum

138 599 266 651 manus
299 578 477 662 inciderit,
513 579 577 650 sed
610 579 800 651 hominum.
828 579 881 650 Nil
912 580 993 652 inde
1019 578 1122 649 vohis
1149 602 1221 671 me-

139 701 307 773 tuendum
329 711 405 771 est:
431 709 500 771 tam
523 701 666 771 munitis
683 702 848 773 habitatis
866 701 1006 773 arcibus
1026 710 1063 771 ut
1080 701 1221 794 impune

138 833 174 893 et
207 823 333 894 coelum
367 831 403 893 et
439 823 648 894 Florentiam
689 826 930 896 contemnatis.
963 824 1221 894 Homunoulum

140 946 253 1016 solum
279 948 411 1017 fessum
439 956 474 1016 et
499 947 691 1017 attonitum
712 945 841 1017 timetis
867 945 1039 1017 habentes
1067 954 1220 1035 recepta·

140 1070 218 1138 cula
251 1075 319 1138 tam
353 1067 467 1139 vicina
499 1078 570 1138 tam
604 1067 743 1139 valida‘l
779 1069 892 1139 Nolite
923 1068 1030 1164 igitur
1062 1065 1222 1138 avaritiae

140 1191 312 1263 saevitiam
347 1191 538 1262 cumulare.
565 1191 742 1283 Quidquid
770 1190 968 1283 populabile
990 1192 1104 1291 'manu
1133 1199 1219 1271 erat,

139 1315 303 1407 quodque
324 1314 360 1385 in
382 1325 521 1385 vestros
543 1334 631 1384 usus
653 1315 741 1386 verti
763 1326 901 1407 poterat
920 1313 1129 1386 abstulistis:
1149 1314 1222 1385 ani-

142 1456 233 1504 mam
261 1433 328 1504 sibi
356 1445 391 1504 et
420 1432 542 1505 amieis
571 1444 605 1505 et
636 1433 737 1505 vobis
763 1435 849 1505 nulli
876 1436 956 1506 usui
982 1436 1133 1505 futuram
1159 1437 1224 1504 lin-

139 1557 245 1648 quite.
278 1555 373 1640 Quid
399 1566 536 1627 torvum
565 1557 772 1627 intuemini?
805 1555 897 1640 Quid
929 1556 1113 1647 cogitatis?
1133 1555 1223 1640 Quid

139 1678 328 1749 molimini?
359 1680 447 1763 Quae
468 1681 535 1750 ista
565 1678 681 1751 rabies
701 1683 780 1750 est‘l
800 1680 892 1764 Quid
912 1680 1081 1752 mirantes
1102 1683 1225 1752 volunt

140 1798 267 1893 gladii?
287 1801 377 1884 Quid
398 1804 543 1893 petunt?
565 1800 636 1870 Oh!
660 1804 822 1896 voluptas
848 1802 977 1872 effera:
1003 1804 1098 1872 nullo
1124 1803 1221 1888 odio,

140 1923 233 1993 nulla
253 1943 315 2014 spe
338 1924 514 2015 proposita
531 1934 566 1994 et
584 1924 679 1992 nullo
697 1929 801 2003 metu,
822 1934 1082 1994 sacrosanctum
1101 1931 1137 1992 et
1155 1925 1224 1993 Deo

140 2045 351 2118 simillimum
383 2046 510 2117 animal
536 2044 712 2115 hominem
741 2042 934 2128 trucidare,
962 2047 1053 2114 ferro
1084 2041 1223 2114 rabidas

141 2187 264 2238 manus
286 2166 492 2249 inviscera,
514 2178 550 2238 et
570 2165 666 2260 quod
695 2189 739 2238 no
770 2187 957 2259 generosae
977 2164 1119 2258 quidem
1142 2166 1224 2234 lerae

138 2287 306 2374 facerent,
345 2290 497 2360 lacerato
535 2290 700 2361 cadaveri
739 2288 941 2359 incumbere
976 2297 1011 2358 et
1048 2286 1224 2380 spumanti

140 2412 311 2504 sanguine
330 2411 504 2483 delectari.
528 2414 641 2484 Pudet
665 2435 706 2485 au
733 2413 888 2494 miseret,
917 2432 938 2481 o
966 2410 1152 2483 clarissimi
1177 2409 1226 2480 ci-

139 2557 221 2621 ves,
244 2557 308 2607 nec
328 2535 373 2607 de
393 2557 503 2629 parvo
528 2538 648 2610 dolore
675 2537 869 2609 scaturiunt
895 2543 946 2607 tot
971 2538 1137 2615 lamenta,
1165 2557 1226 2605 ne-

140 2682 210 2752 que
230 2660 342 2753 magis
363 2660 443 2730 talis
460 2660 563 2733 amici
582 2664 683 2732 talem
703 2662 953 2748 casumlugeo,
969 2680 1074 2751 quam
1091 2668 1224 2728 tanturn

142 2798 210 2855 tam
233 2783 395 2874 gloriosae
415 2783 628 2876 Reipublicae
649 2783 831 2877 pudorem.
854 2781 946 2864 Quid
972 2784 1062 2852 euim
1090 2780 1225 2852 dicetur

143 2904 237 2997 apud
254 2907 400 2994 gentes?
412 2904 503 2987 Quid
516 2903 703 2997 posteritas
718 2904 901 2993 loquetur?
912 2902 1095 2971 lunoxium
1114 2901 1226 2970 homi-

144 3025 316 3118 nem‚qui
337 3025 552 3110 interseras,
576 3034 614 3094 ut
636 3024 796 3094 lucanus
817 3022 881 3104 ait,
904 3022 1061 3093 Rhodani
1083 3034 1222 3114 gentes

145 3147 203 3239 qui
225 3146 445 3240 perdeserta
465 3145 662 3237 provinciae,
687 3164 756 3235 qua
778 3144 872 3213 nulla
892 3165 1005 3236 usque
1026 3144 1131 3214 hodie
1151 3143 1222 3215 dis-

146 3267 298 3351 solutior,
315 3270 407 3338 nulla
424 3266 613 3339 desolatior
630 3274 724 3337 terra
741 3277 807 3351 est,
827 3287 868 3336 ac
885 3289 947 3359 per
964 3265 1070 3360 Alpes
1090 3268 1223 3339 medias

145 3415 214 3464 nou
244 3391 384 3462 nivibus
409 3403 543 3463 tantum
570 3398 629 3461 aut
655 3388 757 3480 vagis
783 3386 1048 3471 excursoribus,
1081 3390 1144 3460 sed
1170 3411 1225 3459 ar-

146 3515 246 3586 matis
279 3514 345 3584 hoo
378 3521 533 3605 tempore
563 3510 776 3583 exercitibus
802 3532 916 3583 caesas
942 3532 1011 3581 non
1032 3511 1136 3583 modo
1161 3533 1225 3603 per

144 3635 249 3721 diem,
272 3635 335 3708 sed
357 3635 424 3707 sub
444 3644 615 3727 tempesta
635 3635 738 3705 etiam
757 3642 859 3705 nocte
878 3633 1075 3717 incesserit,
1095 3635 1130 3702 in
1149 3631 1226 3702 fini-

143 3759 210 3831 bus
230 3757 451 3841 Florentinis,
480 3760 556 3828 luoe
583 3756 696 3829 media
722 3755 964 3849 procubuisse,
1000 3758 1096 3828 velut
1121 3776 1223 3827 ovem

142 3889 260 3982 impiae
280 3887 433 3959 victimae
454 3886 687 3958 destinatam?
703 3886 746 3956 Et
767 3886 831 3956 oh!
850 3894 1020 3956 aeternum
1035 3887 1148 3957 aetatis
1162 3909 1225 3958 no-

144 4023 228 4084 strae
249 4010 425 4083 deducus:
449 4008 609 4080 inventos
630 4029 711 4079 esse
731 4009 791 4100 qui
813 4006 964 4079 audeant
989 4031 1009 4080 e
1034 4021 1223 4103 conspectu

144 4132 400 4226 quodammodo
419 4130 516 4204 urbis
536 4142 676 4215 vestrae,
698 4143 734 4202 et
754 4129 846 4204 illius
867 4131 947 4203 olim
970 4132 1141 4204 formidati
1165 4156 1224 4226 pa-
