2738 4680
255 308 349 358 niuno
371 308 534 359 uruusruus
555 308 942 361 sscuuous--urtsrom
966 313 1027 360 uu.
1119 302 1177 362 its

99 452 342 547 occupationes
362 455 421 538 vet
439 452 596 547 proferre
616 456 673 526 voi
697 453 839 546 fingere.
861 456 952 539 Quid
979 452 1010 529 to
1035 463 1179 528 moror‘?

100 576 132 645 Si
152 573 302 667 fregisse
315 589 373 646 me
389 575 438 645 itii
452 575 600 648 tunicam
616 590 724 670 putes,
741 579 881 650 satieris,
893 580 979 650 ‘Sino
994 579 1175 662 bominem,

98 698 209 769 laetior
227 719 335 791 quom
350 698 411 790 qui
428 698 583 770 febribus
605 698 807 772 liberantur.
824 700 1017 786 Laborasti,
1031 726 1099 774 non
1111 703 1179 774 du·

98 821 212 906 bitem,
229 844 294 893 mc
315 823 494 914 loquente,
511 832 546 894 ct
572 823 616 895 de
643 821 711 894 fine
732 823 861 895 dubius
883 824 1094 920 pependisti:
1110 825 1180 898 Sed

102 946 290 1040 ntdempta
316 946 532 1018 solicitudine
545 947 615 1018 iam
629 944 708 1017 hinc
721 946 932 1018 iucunditate
951 949 1054 1025 simul
1074 948 1180 1042 utque

100 1069 230 1140 invidio
244 1063 415 1162 repleore,
429 1069 561 1140 nonita
573 1072 682 1141 multo
698 1080 789 1163 post,
806 1068 891 1140 horo
912 1070 969 1141 iila
988 1066 1070 1162 quoe
1087 1072 1180 1163 apud

101 1203 239 1264 veteres
263 1193 375 1286 prima
395 1194 453 1262 fax
475 1191 616 1275 dicitur,
639 1191 843 1284 supervenit
863 1205 981 1264 noster
1001 1195 1059 1265 iiie
1076 1190 1181 1264 laetis-

102 1313 210 1385 simus
231 1314 422 1385 hominnm.
448 1313 518 1384 Oh!
535 1324 666 1407 quanta
678 1314 882 1387 diversitas!
899 1317 1038 1387 Nullum
1053 1316 1181 1388 animai
1199 1354 1206 1366 ·

101 1459 200 1532 oeque
218 1449 257 1511 ut
279 1437 420 1510 bomon
441 1460 480 1509 se
500 1439 578 1532 ipso
597 1438 726 1510 differt:
748 1442 837 1510 aiter
854 1440 999 1524 nulii-us,
1023 1442 1110 1512 aiter
1129 1441 1182 1511 in-

102 1557 186 1631 finiti
202 1561 304 1655 pretii
321 1573 385 1632 est.
409 1563 540 1635 Mutato
566 1570 706 1654 repente
723 1561 849 1632 domus
867 1564 982 1646 tocies,
999 1559 1182 1655 ¹timerique

101 1694 250 1778 coeptum
265 1685 359 1778 quod
372 1696 528 1778 optatum
543 1687 661 1766 suerat,
677 1706 721 1755 ne
735 1707 804 1777 qua
817 1684 864 1754 iiii
878 1685 1012 1756 soiiioet
1028 1684 1183 1767 obeundi

102 1811 156 1880 vei
178 1808 372 1880 necessitas
390 1818 486 1880 esset
502 1811 560 1880 vel
580 1809 733 1889 occasio;
754 1816 789 1879 et
812 1807 949 1902 uesperi
971 1818 1006 1879 ct
1029 1807 1183 1889 nubibus

102 1943 188 2011 notae
202 1931 336 2022 gratioe,
352 1931 480 2024 quibus
496 1931 622 2024 hospes
640 1931 718 2002 totis
732 1953 866 2026 pernox
884 1928 959 2002 fieri
970 1930 1104 2003 debuit:
1120 1953 1184 2003 neo

103 2029 185 2126 sone
204 2053 432 2146 compedibus
445 2075 533 2148 opus
554 2064 646 2125 emt:
665 2054 735 2123 non
753 2074 820 2143 ego
839 2052 978 2123 tenendi
998 2052 1181 2135 bominem,

102 2198 205 2269 quom
216 2177 331 2249 standi
345 2177 400 2247 ille
413 2177 581 2271 cupidior.
596 2178 717 2268 ltaque
727 2173 831 2246 'nobis
845 2194 915 2245 non
930 2174 1033 2258 modo
1047 2183 1184 2255 noctem

102 2301 211 2386 iliam,
231 2300 573 2393 sedcompiusculos
594 2300 670 2371 dies
689 2301 788 2369 laetos
806 2296 966 2392 praebuit.
987 2297 1057 2368 Sed
1078 2296 1185 2368 habet

103 2422 164 2494 hoc
185 2422 328 2493 insitum
351 2435 470 2494 nostro
491 2423 625 2495 taetitia:
654 2420 770 2493 subito
796 2421 939 2503 desinit,
966 2429 1002 2491 et
1025 2443 1104 2492 oum
1120 2420 1187 2492 de·
1267 2414 1269 2418 ’

105 2546 199 2618 sierit
218 2549 313 2618 nullo
334 2557 406 2631 est,
428 2550 464 2618 et
483 2545 635 2641 idipsum
653 2544 729 2618 fieri
747 2555 880 2640 posset,
900 2544 968 2616 nisi
987 2544 1117 2618 taetiuae
1136 2548 1187 2616 io‘·

104 2691 178 2740 cum
199 2669 299 2741 dotor
324 2669 516 2741 invaderet.
538 2671 598 2741 ltie
618 2668 713 2752 obiit,
742 2692 810 2762 ogo
836 2669 1003 2742 deiectior
1023 2692 1129 2762 quam
1156 2668 1186 2740 si

105 2792 276 2865 bominem
295 2814 364 2863 non
377 2792 557 2878 vidissem,
577 2792 727 2864 substiti.
742 2795 792 2865 lta
805 2792 898 2864 dictu
914 2791 1078 2875 mirabile,
1094 2791 1188 2885 quod

105 2914 169 2988 illic
189 2916 291 2987 timui
312 2917 367 2988 hic
388 2917 541 3010 speravi,
564 2927 601 2988 et
626 2941 695 3011 quo
720 2917 777 2988 ille
798 2917 933 3000 laetum,
955 2915 1022 2988 hoc
1043 2915 1188 2987 isteme

107 3050 267 3114 moestum
286 3041 376 3113 iecit.
395 3043 481 3114 Vale
502 3043 774 3114 nostrimenor.

607 3293 685 3302 unm—-

522 3474 701 3540 EPISTULA
723 3476 767 3538 lx.

262 3643 456 3695 Funutlscus
478 3642 647 3692 Pununucn
669 3641 805 3692 sonuum
828 3643 885 3691 SUO
908 3642 934 3691 S.
956 3642 984 3690 P.
1007 3642 1036 3688 b.

247 3795 349 3852 Narrat
364 3813 393 3851 se
407 3780 515 3850 ueniam
528 3794 637 3850 cuidam
652 3794 870 3851 licet'immorito
885 3776 1043 3849 indulsisse.

203 4037 315 4109 Homo
336 4036 486 4109 blandus
503 4045 538 4107 et
558 4037 679 4121 fallax,
699 4034 863 4126 idemque
890 4034 919 4104 si
941 4032 1043 4104 liceat
1064 4042 1099 4103 et
1120 4029 1195 4101 vio-

112 4156 219 4234 lentus
239 4173 274 4234 ct
295 4160 429 4246 minax,
452 4181 558 4252 quem
585 4180 721 4232 mcoum
743 4157 876 4228 exitum
904 4156 1077 4228 invenerit
1098 4173 1196 4246 qum-

232 4295 268 4334 111Ι
1009 4279 1038 4326 10
