2738 4680
152 331 211 393 154
491 345 533 394 os
554 344 900 395 ussussnunmnrsus

151 485 268 558 munis
285 486 486 578 et'vulgata
510 483 711 570 calamitns3
733 496 772 558 ut
792 487 930 557 hostem
952 489 1028 582 ipse
1052 497 1152 560 tuum
1174 513 1237 562 nu·

152 612 250 695 trias,
275 631 317 682 ea
338 632 423 683 vere
449 608 638 702 singularis
663 609 827 703 quaedam
854 621 889 682 et
913 622 1072 683 extrema
1097 612 1237 686 miseria

150 743 216 806 est.
234 731 386 827 Ecquid,
402 752 537 826 quaeso,
552 755 644 804 nuuc
657 733 802 822 cogitas,
816 732 952 804 amice?
964 734 1076 817 Quam
1089 735 1239 807 libenter

150 856 217 928 hoc
233 859 348 927 furum
367 877 481 946 genus
501 865 619 952 satyra
638 876 830 949 pungerem
844 853 1038 942 immortali,
1058 858 1125 928 uisi
1143 860 1238 951 quod

149 987 186 1050 ct
206 999 300 1074 saepe
325 977 412 1049 alias
432 990 468 1050 et
487 977 592 1048 hodie
619 978 706 1048 satis
726 980 833 1050 multa
854 978 899 1050 de
923 977 1107 1051 vilissimis
1126 977 1238 1074 pessi-

150 1103 289 1195 misque
313 1101 485 1174 furciferis
512 1113 548 1172 et
573 1100 737 1192 indignis,
765 1099 826 1194 qui
842 1098 1014 1173 caminum
1035 1101 1237 1174 melioribus

149 1222 502 1297 destinatumdiutius
515 1235 692 1318 occupent,
708 1224 801 1295 dicta
814 1223 1003 1296 suntlllud
1015 1234 1132 1297 autem
1142 1225 1237 1318 quod

149 1373 196 1423 ex
217 1352 284 1422 hoc
304 1372 387 1422 aere
409 1371 549 1442 semper
572 1317 743 1422 hactenus
768 1350 909 1422 laudato
925 1328 1018 1422 nunc
1038 1352 1157 1423 nescio
1174 1374 1237 1423 our

149 1473 274 1547 infami·
292 1495 348 1544 me
373 1473 418 1545 ed
445 1474 715 1568 patriamouam
747 1473 1069 1566 saluberrimasque
1098 1473 1236 1568 Alpium

150 1599 287 1671 radices
308 1598 436 1670 annus
457 1609 561 1690 atque
583 1597 738 1669 solicitus
760 1617 884 1683 vocas,
912 1595 1061 1669 fideliter
1092 1597 1236 1689 quidem

42 1798 44 1802 ,
149 1719 234 1792 facis
255 1729 293 1791 nt
316 1723 420 1803 soles,
445 1729 551 1813 utque
573 1720 607 1788 in
628 1718 704 1812 ipsa
732 1740 872 1812 precum
893 1718 1059 1791 instantia
1084 1719 1237 1813 splendi-

148 1843 226 1916 dior
247 1847 319 1916 sole
340 1843 532 1916 meridiano
553 1865 652 1916 emor
672 1842 757 1914 milri
772 1853 856 1914 tuus
870 1844 1035 1916 illuxerit.
1051 1843 1122 1915 Sed
1135 1843 1234 1928 vide,

149 1987 222 2051 oro,
240 1969 345 2061 quale
363 1958 419 2050 sit,
441 1976 479 2039 ut
499 1967 604 2038 homo
624 1965 705 2037 licet
725 1964 902 2050 indoctus,
918 1967 1101 2038 doctorum
1120 1977 1234 2037 tamen

148 2089 329 2162 hominum
363 2090 459 2162 libris
493 2090 539 2162 ab
559 2092 709 2162 'infantia
743 2076 952 2174 delectatus,
984 2090 1123 2182 iamque
1156 2103 1236 2183 pro·

149 2215 282 2286 vectior
301 2229 450 2287 mortem
470 2225 531 2287 aut
552 2217 672 2307 fugero
693 2217 824 2308 cogitet
844 2224 905 2286 out
928 2213 1078 2286 differre.
1103 2213 1235 2307 Nempe

149 2338 355 2431 iampridem
377 2349 412 2409 et
433 2335 532 2409 nobis
553 2349 589 2409 et
609 2339 773 2410 omuibus
794 2339 855 2432 qui
877 2347 974 2420 sunt,
997 2336 1130 2430 quique
1156 2345 1236 2430 post

148 2461 306 2552 venieotj,
328 2459 505 2530 constituti
531 2471 612 2531 sunt
638 2462 789 2546 termini,
817 2461 878 2555 qui
905 2471 943 2532 ut
969 2462 1138 2554 praeteriri
1165 2484 1233 2535 non

147 2592 325 2676 poterunt,
349 2582 398 2652 sic
418 2574 553 2654 etcum
575 2572 808 2678 praeterierint
828 2585 984 2678 reparari
996 2593 1033 2655 et
1046 2594 1233 2678 antequam

147 2714 361 2802 praetereant
380 2704 568 2797 praevideri
587 2717 777 2800 nequeunt.
798 2707 897 2779 Neve
914 2708 1043 2780 nostris
1065 2708 1132 2780 hoc
1150 2710 1234 2780 solis

146 2832 358 2921 persuasum
376 2838 530 2901 essesut
543 2829 652 2900 sacris
666 2831 908 2906 tantummodo
923 2833 1046 2903 litteris
1067 2834 1233 2927 scriptum

82 3042 88 3052 ἱ
148 2960 264 3044 putes
284 2940 383 3024 ¹audi
414 2952 498 3045 quid
529 2954 749 3026 saecularium
780 2955 976 3027 litterarum
1007 2965 1043 3027 et
1067 2958 1235 3028 Romauae

147 3073 320 3146 facundiae
352 3073 455 3169 primi
480 3076 590 3148 duces
615 3076 743 3152 dican—t.
779 3076 877 3148 Alter
899 3055 1000 3189 enim
1026 3076 1234 3149 moriendum

147 3197 261 3290 inquit
281 3207 364 3266 certe
390 3209 452 3281 est,
480 3210 512 3268 et
543 3199 579 3270 id
609 3200 775 3272 incertum
807 3224 853 3270 on
876 3201 936 3270 hoc
964 3203 1036 3294 ipso
1071 3200 1138 3286 die,
1174 3223 1235 3272 nec

149 3333 195 3392 cst
215 3323 334 3415 aliquis
361 3331 427 3390 tum
460 3323 593 3405 stultas,
627 3327 778 3413 quamuis
805 3326 848 3394 sit
878 3323 1075 3408 adolescens,
1110 3328 1167 3396 cui
1192 3330 1235 3398 sit

148 3449 362 3539 conploratam
385 3467 419 3515 se
450 3466 557 3534 usquc
593 3444 638 3516 ud
676 3466 847 3542 uesperam
879 3458 945 3519 esse
976 3450 1152 3520 uicturum.
1176 3433 1234 3519 ΑΙ-

149 3577 203 3639 ter
224 3569 293 3640 ait:

269 3760 331 3825 Stat
347 3777 403 3824 sua
419 3762 531 3841 cuique
545 3762 625 3840 dies;
641 3761 737 3826 breve
754 3769 784 3826 et
800 3763 997 3844 irreparabile
1013 3770 1135 3843 tempus
1194 3833 1195 3837 ,

269 3859 417 3926 Omnibus
435 3868 480 3925 est
496 3861 577 3925 uitae.
789 3864 790 3867 ’

147 4043 292 4116 Possem
314 4049 442 4119 multos
463 4048 540 4119 veri
563 4046 668 4119 huius
690 4055 851 4120 auctores
879 4047 914 4118 in
939 4045 1104 4120 medium·
1121 4046 1235 4118 addu-

148 4174 249 4248 cerc3
274 4168 338 4240 ssd
357 4180 440 4242 uota
460 4190 519 4242 res
539 4181 609 4255 est,
633 4193 745 4264 neque
764 4193 873 4263 egens
895 4171 1063 4268 testium
1084 4171 1131 4243 ad
1156 4170 1234 4242 haec
