2730 4680
202 350 203 353 ,
258 305 351 353 urana
371 266 874 368 vrunsruusrnnrus.÷nr1sronr
892 302 959 376 yynr.
1109 290 1149 351 75

80 446 254 539 Ephesum
282 441 455 534 urbesque
480 440 566 512 alias
584 463 604 512 a
622 439 773 512 foeminis
798 439 956 511 conditus
985 439 1150 534 Asiaeque

80 580 111 640 et
121 569 275 661 Europae
288 587 451 657 magnam
462 575 596 660 partem
609 585 629 635 a
642 561 792 634 foeminis
807 561 1053 655 subiugatam‘?
1066 565 1150 648 Quis

81 691 187 763 nescit
206 692 243 762 in
263 690 379 761 Africa
401 688 676 779 Carthaginense
696 685 882 779 Imperium
903 687 1007 758 unius
1033 688 1151 760 viduae

81 817 205 887 virtute
224 815 430 889 fundatum?
450 811 535 895 Quis
558 833 625 883 non
642 808 726 902 legit
742 809 968 881 Israeliticum
987 814 1152 904 populum

82 950 113 1010 et
129 939 282 1010 duarum
302 936 407 1012 unius
425 936 489 1006 viri
504 936 690 1027 coniugum
707 932 917 1025 totidemque
938 935 1152 1029 sponsalium

84 1061 283 1133 ancillarum
315 1059 540 1134 foecunditate
565 1058 800 1151 progenitum,
831 1068 867 1129 et
901 1057 1004 1128 unius
1037 1058 1153 1131 vidoae

84 1186 273 1257 constantia
297 1183 481 1254 liberatum
513 1181 613 1254 ducis
647 1182 797 1253 hostium
827 1193 932 1277 caput
960 1183 995 1252 in
1023 1182 1154 1274 gremio

85 1308 284 1380 referentis?
300 1307 439 1401 Europa
455 1304 605 1399 quidem,
621 1305 686 1377 nisi
706 1326 823 1377 amore
840 1304 1003 1401 decipior,
1025 1305 1155 1401 optima

84 1441 114 1500 et
130 1429 349 1503 nobilissima
362 1451 445 1522 pars
462 1439 645 1528 terrarum,
668 1428 773 1499 unius
793 1429 900 1519 regiae
920 1428 1066 1520 virginis
1093 1452 1155 1501 no-

85 1575 159 1624 men
180 1562 315 1635 servat,
343 1552 443 1623 cuins
476 1561 633 1623 materna
658 1551 738 1623 avia
763 1564 875 1623 mater
900 1552 1072 1643 Agenoris
1098 1544 1156 1622 Ιιίὲ

84 1673 158 1770 hyre
179 1696 306 1746 nomen
327 1674 433 1748 dedit.
454 1675 525 1747 Neo
545 1674 660 1746 minus
673 1676 755 1748 Asia
771 1698 917 1747 numero
938 1676 1055 1758 tertia,
1078 1697 1156 1769 spa-

87 1799 128 1868 tio
147 1797 293 1870 dimidia
311 1799 429 1870 mundi
451 1819 548 1893 pam,
567 1808 604 1869 et
623 1799 700 1890 ipsa
720 1798 918 1870 foemineum
940 1821 1066 1871 nomen
1086 1812 1152 1870 est.

85 1923 129 1992 lta
150 1922 239 1993 trina
266 1921 426 2014 tripartiti
445 1921 540 1993 orbis
563 1923 746 2016 appellatio
770 1923 865 1994 dioto
885 1923 1012 1993 mirum
1033 1933 1068 1994 et
1093 1943 1156 2015 pro

86 2066 172 2116 sexu
205 2043 396 2117 infirmiore
428 2044 665 2138 magnifieum,
696 2055 769 2117 non
800 2045 942 2116 aliunde
973 2067 1077 2137 quam
1111 2045 1156 2115 de

87 2168 184 2239 trium
197 2167 417 2240 foeminarum
431 2189 617 2262 progressa
629 2167 827 2239 nominibus
843 2176 959 2237 manet
971 2165 1156 2238 hactenus:

86 2313 144 2363 nee
168 2290 274 2362 video
299 2313 361 2362 cur
384 2313 454 2362 non
484 2314 564 2364 com
596 2290 672 2386 ipsa
703 2292 823 2364 mundi
852 2300 955 2362 aetate
982 2311 1157 2362 mansurae

89 2415 163 2486 sint.
187 2412 296 2485 ltaliae
317 2413 422 2486 urbes
437 2415 587 2497 Mantua,
600 2416 827 2509 Parthenope,
851 2414 977 2498 Caieta,
1000 2413 1155 2498 Lavinia,

87 2537 185 2610 Graia
211 2537 355 2632 insuper
387 2536 472 2608 urbs
506 2538 664 2621 Athena,
692 2560 736 2609 ne
765 2549 907 2611 cunctas
937 2559 1156 2619 enumerem,

87 2661 166 2753 quid
200 2669 283 2732 sunt
311 2659 406 2760 alind
437 2682 541 2754 quam
568 2659 749 2731 muliebria
770 2663 932 2732 nomina?
957 2661 1048 2745 Quid
1072 2682 1158 2732 vero
1213 2688 1220 2699 ·

87 2805 176 2855 nunc
200 2804 363 2856 romanas
376 2785 521 2875 eloquar
533 2795 719 2868 matronas
732 2782 860 2876 quibus
873 2783 956 2853 nihil
975 2783 1158 2856 honestius

88 2904 319 2988 habuit,·nihil
336 2904 519 2978 candidius
536 2905 631 2977 orbis
653 2910 781 2978 terrae?
796 2907 953 2978 Profecto
972 2907 1002 2978 si
1021 2926 1158 2999 cepero,

89 3030 146 3101 vix
171 3031 342 3103 desinam.
374 3030 482 3102 Huius
506 3031 596 3102 enim
630 3032 813 3115 orationis,
847 3030 941 3124 quod
965 3031 1011 3104 de
1043 3032 1160 3124 magni

89 3154 237 3249 Pompeii
256 3154 418 3226 laudibus
435 3154 483 3225 ait
499 3155 627 3237 Cicero,
642 3155 815 3227 difficilius
831 3166 888 3226 est
904 3154 1159 3248 exitumquam

90 3278 292 3374 principium
302 3278 468 3351 invenire.
481 3278 670 3371 Namquis,
689 3279 1023 3372 quaes0,Luoretiam
1040 3278 1161 3360 'verbis

91 3413 204 3496 aequet
239 3401 412 3495 pudicitiae
441 3401 706 3474 severissimum
731 3405 936 3497 exemplar?
962 3401 1068 3473 Cuius
1093 3403 1161 3473 etsi

91 3527 213 3597 lartum
232 3546 487 3618 usquequaque
502 3526 573 3597 non
592 3525 746 3619 probem,
763 3525 859 3618 quod
877 3526 1027 3598 alienum
1045 3526 1159 3597 scelos

93 3657 156 3719 tam
182 3647 340 3738 graviter
364 3649 397 3717 in
424 3670 489 3720 suo
513 3670 658 3742 corpore
685 3651 756 3718 ulta
781 3659 857 3745 est:
883 3670 1020 3741 nequeo
1046 3659 1158 3720 tamen

93 3791 295 3859 generosam
312 3772 397 3840 iram
416 3780 452 3841 et
467 3772 580 3841 omnis
599 3771 820 3863 turpitudinis
838 3772 1070 3866 impatientem
1089 3769 1161 3840 ani-

94 3914 184 3966 mum
209 3916 281 3965 non
301 3893 432 3977 mirari.
458 3895 543 3977 Quis
566 3895 704 3966 Cleliam
724 3894 896 3986 virginem
922 3894 1027 3985 digne
1051 3893 1160 3986 expli·
1266 3975 1269 3984 ¹
1296 3951 1300 3963 .

94 4026 153 4099 oet,
187 4037 270 4109 quae
297 4014 433 4085 hostilis
466 4014 643 4087 exercitus
671 4017 770 4095 elusa
799 4013 965 4098 custodia,
1000 4015 1160 4088 Tiberino

97 4137 218 4230 gurgiti
243 4136 418 4224 innatans,
445 4136 639 4230 virgineam
656 4137 764 4210 aciem
785 4140 976 4232 puellarum
999 4139 1158 4212 obsidum
