2730 4680
357 346 447 392 11111111
471 342 644 393 Vib'llSlllUS.
659 359 693 370 -·
708 341 859 388 altsteti
884 344 910 389 i'.

514 561 692 630 bristout
713 566 746 626 V.

163 733 357 783 rnnnusoos
381 731 548 781 reatinam
571 730 721 779 susanne
743 730 941 780 suuuoannsr
964 735 989 779 s.
1013 733 1040 779 r.
1064 734 1092 779 n.

111 883 144 936 Ne
159 880 243 936 nimis
258 880 352 933 faciles
367 877 489 949 praebeat
504 890 585 931 aures
601 876 634 930 iis
649 877 697 948 qui
712 877 772 932 eius
788 877 899 931 nornine
914 877 1017 948 aliquid
1034 885 1141 950 petunt.

179 1108 365 1199 Nunquam
396 1105 512 1175 hercle
538 1102 583 1173 ad
609 1124 664 1174 me
692 1104 817 1174 litterae
851 1104 1058 1199 perueniunt
1084 1112 1167 1185 tuae,

94 1233 167 1323 quin
194 1231 251 1300 vel
278 1227 405 1320 gaudio
429 1228 609 1297 cumulum
638 1229 764 1310 serent,
796 1229 853 1296 vel
884 1228 1038 1297 solamen
1063 1226 1168 1296 curis.

95 1355 124 1425 ld
143 1374 223 1425 cum
247 1372 400 1446 semper,
424 1364 497 1422 turn
520 1350 620 1420 solito
649 1349 782 1440 largius
804 1371 895 1419 nunc
916 1351 1043 1432 iecere,
1072 1350 1170 1418 lami-

93 1476 188 1547 liares
222 1473 412 1546 amantium
439 1474 595 1544 omnium
623 1482 752 1542 metum
787 1482 892 1563 atque
919 1472 1168 1566 suspicionem,

92 1599 211 1690 quibus
235 1596 396 1669 absentia
414 1596 626 1686 longumque
645 1593 819 1664 silentium
842 1594 937 1664 vires
957 1593 1100 1677 dabant,
1124 1617 1171 1665 ex

92 1723 199 1792 animo
221 1720 455 1791 secludentes.
474 1719 630 1788 Accessit
650 1717 695 1788 ad
716 1718 877 1809 gratiam,
897 1718 992 1810 quod
1010 1739 1088 1787 cnm
1111 1729 1171 1789 tuo

94 1844 189 1914 simul
209 1841 303 1912 illius
323 1841 455 1932 egregii
477 1850 513 1911 et
533 1839 790 1932 exoptatissimi
816 1840 882 1910 viri
909 1861 1034 1911 nomen
1056 1843 1170 1934 prole-

95 1965 220 2047 rebant,
256 1986 325 2058 quo
357 1964 511 2034 delector
541 1963 652 2047 unice,
686 1973 722 2034 et
748 1966 834 2034 mira
864 1964 980 2035 nescio
1005 1986 1074 2056 qua
1101 1984 1169 2032 non

94 2089 152 2159 visi
178 2086 331 2160 hominis
355 2085 528 2158 suavitate
553 2084 696 2169 reficior,
720 2087 786 2156 nisi
807 2088 890 2178 quia
918 2098 952 2156 te
974 2087 1109 2168 uidene,
1133 2097 1171 2157 ut

94 2235 251 2303 auguror,
281 2210 374 2280 illum
403 2209 488 2280 vidi:
517 2211 568 2281 sic
594 2231 692 2280 amor
717 2233 736 2277 e
769 2209 908 2279 duobus
941 2231 1046 2278 unum
1079 2208 1168 2280 lacit.

94 2335 268 2404 Eleorum
291 2354 391 2415 saue,
410 2353 500 2424 quos
521 2355 612 2402 anno
633 2334 742 2403 altero
764 2331 830 2402 sub
850 2331 993 2403 obtentu
1014 2353 1101 2402 meae
1122 2336 1138 2402 l
1157 2375 1170 2383 -

94 2457 293 2527 miliaritatis
321 2453 379 2523 tibi
407 2454 609 2549 obrepsisse
630 2456 845 2540 memorasti,
869 2458 1030 2538 alterum,
1058 2458 1171 2527 Bono-

93 2578 245 2650 niensem
286 2579 380 2648 illum
420 2577 566 2662 scilicet,
603 2581 702 2671 plane
732 2602 870 2661 noram,
908 2582 1054 2650 alterum
1086 2602 1171 2649 vero

29 2751 33 2763 ,
93 2701 353 2794 Transalpinam
374 2699 526 2772 minime.
549 2701 680 2784 Quaeso
700 2713 736 2772 ut
757 2703 922 2794 deinceps
946 2703 994 2772 sis
1021 2705 1168 2792 cautior,

93 2846 153 2896 neu
181 2823 314 2919 passim
343 2823 491 2915 singulis
517 2825 551 2893 in
578 2846 638 2894 ore
666 2847 780 2895 meum
809 2848 934 2897 nomen
961 2826 1170 2898 habentibus

94 2950 251 3040 pecunias
274 2945 444 3038 largiaris.
467 2947 551 3017 Tam
574 2949 640 3018 late
661 2947 751 3017 enim
774 2959 891 3020 nostra
921 2950 1070 3021 amicitia
1090 2964 1171 3023 nota

92 3083 156 3157 est,
191 3070 288 3163 quod
326 3072 355 3141 si
387 3069 565 3141 blanditiis
596 3070 836 3143 huiuscemodi
873 3073 1049 3144 hominum
1077 3075 1169 3144 viam

92 3194 236 3287 aperias
273 3205 387 3266 actum
422 3203 496 3263 est:
535 3195 602 3265 cilo
623 3214 692 3264 non
730 3194 834 3265 modo
872 3217 1071 3267 crumenam
1111 3196 1171 3266 tibi

92 3317 310 3401 exhaurient,
352 3317 415 3388 sed
450 3320 616 3399 arculam,
645 3316 708 3388 sed
731 3316 886 3389 domum.
921 3319 979 3390 llle
1011 3318 1169 3411 quidem,

93 3441 172 3512 mibi
192 3463 297 3534 quem
320 3451 441 3513 notum
459 3439 548 3525 dixi,
568 3441 598 3512 si
615 3441 661 3513 ad
677 3463 741 3513 nos
760 3441 933 3526 rediisset,
952 3441 1171 3514 hauddubie

94 3566 207 3636 multis
221 3565 314 3636 dete
330 3565 529 3658 votivisque
546 3564 744 3637 rumoribus
760 3589 823 3637 nos
838 3568 1030 3659 implesset:
1046 3587 1169 3636 verum

94 3688 121 3758 is
139 3689 270 3760 absens
295 3691 355 3783 ine
382 3687 447 3760 sibi
475 3711 696 3771 succenseas,
719 3690 802 3782 quin
824 3689 939 3782 potius
965 3688 1170 3781 misereare)

94 3810 229 3903 inopino
256 3833 401 3906 prorsus
431 3819 465 3881 et
489 3811 617 3883 misero
639 3809 708 3882 fine
728 3820 931 3904 praeventus
957 3809 1048 3912 diem
1075 3808 1169 3880 obiit.

93 3932 236 4005 Proinde
259 3956 364 4006 manu
384 3935 461 4005 eins
482 3935 527 4005 ad
554 3944 585 4006 te
605 3934 808 4005 Parthenias
836 3953 951 4015 meae,
979 3954 1083 4024 quem
1112 3957 1172 4025 pe-

96 4057 208 4143 tieras,
231 4060 436 4151 pervenisse
457 4057 578 4130 debuit
595 4059 649 4128 nis
668 4057 753 4150 ipsis
772 4055 890 4147 digitis
907 4065 1088 4141 exaratus,
1107 4080 1172 4127 nee

96 4201 158 4252 non
171 4193 206 4253 ot
219 4205 361 4253 carmen
380 4180 609 4272 b1·ere,quod
627 4182 715 4253 inter
732 4181 896 4273 epistolas
914 4179 972 4252 tibi
987 4180 1171 4272 inscriptas
