2934 4650
202 298 262 360 roo
437 368 440 373 ,
665 307 828 368 νΑιιιΑιιυΜ
848 312 849 319 “

204 457 309 545 longe
326 449 392 522 sub
411 448 576 544 pedibus,
596 450 646 521 soi
668 471 737 521 nou
759 450 869 520 mutto
887 467 994 540 super
1014 445 1190 518 verticem
1211 446 1300 516 tere
1400 427 1401 430 ¹

203 576 317 649 hatur.
335 576 483 647 Caterva
500 584 534 645 te
556 573 712 644 virorum
734 573 872 644 fortium
895 568 1056 662 stipabat,
1088 577 1127 640 tu
1156 567 1297 638 medius

204 709 241 772 et
256 699 391 772 cunetis
414 695 596 768 sublimior
613 693 764 768 sedebas
783 693 932 765 radianti
954 691 1056 773 sotio,
1074 700 1180 763 tanto
1202 713 1295 762 mor-

204 827 264 898 tali
285 824 400 917 speoie
417 820 600 913 augustior
620 831 726 911 atque
746 816 948 908 fulgentior,
967 826 1006 886 ut
1021 815 1088 907 ipsi
1106 823 1142 884 et
1159 813 1294 886 Phoebo

204 947 360 1019 movisse
386 945 559 1016 videreris
582 940 762 1012 invidiam.
795 937 973 1010 Volvebar
1003 937 1231 1019 incircuitu,
1259 949 1293 1008 et

203 1042 423 1141 erudiamus
445 1068 594 1161 populus
617 1063 684 1135 sub
705 1061 815 1134 oeulis
838 1061 926 1132 meis
947 1071 1034 1143 erat,
1056 1068 1097 1130 *ut
1117 1083 1200 1130 eum
1228 1081 1292 1131 neo

204 1189 317 1261 metiri
338 1189 454 1258 animo
475 1195 685 1279 possem‚·et
700 1184 806 1291 quasi
824 1203 899 1277 prae
921 1192 1064 1275 stupore
1087 1179 1290 1252 deficerem.
1367 1221 1373 1237 ι

204 1310 462 1384 Perounotabar
483 1308 780 1382 attonitus‘unum
801 1327 847 1376 ex
874 1306 916 1375 iis
942 1304 1002 1397 qui
1027 1304 1180 1396 proximi
1207 1324 1291 1374 eon-

206 1435 366 1508 stiterant
390 1433 559 1526 quidnam
581 1430 657 1501 rniri
682 1431 814 1522 quidve
833 1422 1000 1521 praestigii
1019 1425 1201 1509 viderem;
1227 1448 1292 1497 ue-

205 1561 276 1650 que
296 1556 388 1626 enirn
414 1568 493 1626 reor
518 1574 672 1646 unquam
694 1551 853 1643 potuisse
873 1550 1082 1642 vigesimam
1107 1547 1204 1618 iltius
1228 1571 1293 1642 po

206 1679 277 1772 puli
299 1687 433 1772 partem
456 1688 566 1749 terras
587 1676 747 1746 incolere.
775 1675 846 1745 Neo
879 1671 1077 1755 fallebaris3
1111 1671 1293 1763 respondit

205 1803 278 1882 iiie3
302 1823 368 1871 nou
390 1801 481 1872 euim
502 1800 557 1870 hio
574 1798 761 1893 praesentis
784 1807 916 1869 tanturn
937 1795 1000 1867 sed
1018 1793 1131 1866 omnis
1149 1795 1292 1864 venturi

206 1918 285 1994 aevi
296 1925 464 2016 populum
477 1922 687 1995 convenisse
702 1920 859 2005 noveris,
874 1917 966 1989 iliius
982 1917 1125 2010 imperio
1139 1918 1173 1986 in
1187 1917 1292 1988 cuius

207 2068 312 2117 manu
328 2045 440 2117 omnis
456 2045 573 2116 muudi
595 2067 689 2137 pars
711 2065 815 2114 omne
835 2062 947 2133 genus
969 2041 1161 2126 homiuum,
1176 2041 1293 2112 omnis

207 2177 402 2261 temporum
420 2188 547 2239 cursus
568 2177 633 2238 est.
655 2167 699 2237 Et
719 2166 804 2259 quid
822 2164 901 2235 hic?
919 2163 1104 2255 Nunquam
1127 2160 1293 2233 homines

207 2301 283 2362 tam.
299 2291 420 2362 intenti
443 2291 591 2361 fuerunt.
614 2291 799 2371 Eventum,
828 2286 950 2379 inquit,
973 2285 1040 2356 viri
1060 2286 1151 2355 iliius
1174 2306 1286 2379 expe-

206 2421 303 2484 ctant
324 2412 372 2505 (et
396 2412 441 2481 ad
462 2421 496 2481 te
517 2412 636 2481 oeulos
662 2409 803 2502 erexit),
834 2409 879 2479 de
904 2431 992 2502 quo,
1015 2419 1054 2480 ut
1072 2406 1192 2491 vides,
1221 2430 1293 2480 non

208 2546 301 2606 terra
323 2535 435 2604 solum
458 2533 521 2603 sed
541 2534 669 2604 eoelum
691 2532 804 2623 ipsum
827 2541 931 2624 atque
952 2542 1047 2602 astra
1065 2501 1291 2603 dissentiunt.

205 2658 251 2726 Et
272 2655 327 2725 his
348 2653 501 2725 addidit:
526 2655 628 2727 audis
654 2676 698 2725 ne
726 2676 885 2725 murmur
914 2653 1129 2725 aethereum?
1154 2654 1293 2726 intendi

207 2800 337 2863 aurern,
353 2788 388 2849 et
402 2800 485 2850 ecoe
500 2780 596 2850 velut
614 2776 825 2849 adventante
839 2777 989 2869 prooeila
1005 2777 1193 2848 tonitruum
1210 2799 1294 2848 rau-

206 2923 285 2972 cum
306 2902 351 2973 de
372 2901 466 2972 nube
486 2901 686 2995 longinqua.
708 2901 814 2985 Mars,
835 2899 954 2992 inquit,
970 2900 1100 2970 sulmen
1118 2899 1290 2988 minatur,

207 3023 271 3093 sed
288 3025 417 3116 iupiter
434 3033 490 3094 est
507 3026 724 3118 tranquillus.
740 3024 786 3093 Et
797 3022 882 3115 quid
899 3032 1015 3116 putas,
1031 3001 1188 3114 inquam:
1208 3025 1292 3112 quis

207 3145 314 3215 huius
336 3153 440 3216 tantae
460 3146 712 3237 expectationis
742 3148 883 3218 exitus?
908 3147 1013 3228 Deus,
1041 3143 1162 3236 iuquit,
1189 3144 1292 3215 solus

207 3266 314 3338 novit.
338 3266 408 3339 Sed
429 3267 590 3358 quisquis
616 3267 682 3338 erit
712 3270 819 3339 tatere
844 3289 914 3339 non
935 3265 1061 3358 poterit
1080 3287 1144 3336 neo
1171 3263 1291 3348 sileri3

207 3381 320 3461 o'r'unis
360 3388 415 3459 hio
449 3390 596 3482 populus
638 3410 778 3482 semper
816 3388 1014 3459 meminerit
1047 3397 1082 3458 et
1115 3389 1291 3478 loquetur.

205 3511 382 3594 Quantum
405 3521 521 3581 tamen
542 3508 704 3580 humanis
726 3510 934 3581 coniecturis
963 3497 1163 3602 praevidere
1189 3505 1289 3592 licet,
1395 3558 1402 3570 .

206 3632 313 3703 vivax
346 3641 381 3700 et
406 3631 569 3722 perennis
589 3629 655 3700 erit
675 3629 780 3701 huius
803 3630 870 3700 viri
891 3629 1013 3721 gloria,
1038 3629 1143 3700 modo
1162 3639 1290 3700 ventos

206 3773 276 3824 non
297 3753 437 3835 timeat;
459 3765 524 3823 neo
546 3750 689 3823 timebit.
712 3750 803 3835 Quid
827 3751 918 3823 enim
945 3760 1079 3822 metuat
1100 3751 1156 3822 oui
1178 3748 1288 3820 fixum

207 3873 265 3958 sit,
293 3876 324 3944 si
350 3884 522 3968 oporteat,
551 3896 615 3968 pro
646 3875 776 3946 virtute
802 3875 914 3945 mori?
933 3874 1046 3948 Unum
1069 3894 1211 3958 vereor,
1243 3893 1288 3943 ne

204 3995 439 4088 quorumdam
461 4015 509 4066 ex
534 3996 682 4089 eisqui
709 4018 827 4068 secum
861 3995 896 4064 in
930 3995 1087 4067 eiusdem
1108 3993 1289 4068 oaoumiue

208 4117 333 4188 montis
352 4127 445 4202 sunt,
467 4116 555 4191 fidos
575 4116 708 4204 titubet,
732 4118 872 4210 obiique
892 4117 1000 4188 nimis
1013 4118 1125 4190 atiena
1143 4138 1288 4190 oernen-
