2934 4650
205 255 268 318 tau
516 317 518 321 ,
666 273 831 324 rauranuu

205 414 356 505 effigiem
388 425 517 508 praeter
548 436 679 488 cornua
711 416 798 487 nihil
830 417 933 502 desit,
962 440 1042 489 cum
1069 419 1216 492 interea
1251 422 1300 492 nil

205 536 274 607 nisi
294 536 345 608 rei
366 536 525 610 militaris
545 536 721 631 epilogum
742 539 953 630 loqueretur.
978 540 1069 623 Quid
1096 549 1131 612 te
1153 541 1195 612 in
1217 564 1300 614 ver·
1403 617 1404 621 ,

205 658 260 731 bis
293 666 421 735 teneo?
459 662 525 733 Vix
560 661 701 733 tandem
741 662 823 734 inde
857 662 1019 734 divulsus
1056 675 1123 735 est.
1163 665 1298 736 Nescio

205 779 362 853 historiae
394 780 520 855 finem:
554 794 718 855 nutantes
738 784 946 877 ruinamque
966 785 1171 857 minitantes
1199 784 1296 858 abie-

206 914 302 987 runt,
323 927 438 998 neque
458 915 676 997 compertum
697 903 811 976 habeo
832 906 868 975 in
888 927 994 998 quam
1014 907 1153 978 ioveam
1176 930 1295 1001 equus
1407 1004 1408 1008 Ἰ

207 1036 400 1120 sessdcque
432 1026 631 1099 ceciderint.
664 1026 765 1110 Quod
797 1035 996 1098 extremum
1020 1029 1130 1119 petiit
1159 1029 1231 1101 fuit
1257 1040 1296 1101 ut

205 1173 270 1247 par
289 1173 346 1223 me
366 1151 446 1234 tihi,
469 1173 532 1243 per
554 1160 587 1221 te
608 1150 746 1221 familiae
765 1151 843 1222 eius
864 1150 1100 1223 innotesceret
1117 1175 1204 1223 eum
1224 1153 1295 1225 hirc
1413 1190 1414 1194 ¹

205 1295 351 1368 corpore
373 1274 532 1368 quidem,
556 1283 594 1343 ut
613 1273 689 1365 ipse
709 1269 773 1358 ait,
798 1284 835 1345 ut
860 1294 928 1365 ego
953 1271 1133 1359 testificor,
1157 1273 1291 1367 lingua,

206 1396 413 1470 incolumem
435 1393 648 1489 pervenisse.
670 1395 766 1468 Vale.

706 1635 785 1646 u·—

629 1851 806 1917 EPlSTOLA
827 1853 908 1918 XLV.

222 2045 224 2047 -
296 2014 491 2065 franciscus
512 2015 681 2067 Parauaea
702 2017 819 2066 lacouo
841 2017 1044 2067 rnonurtrlrru
1065 2018 1092 2066 S.
1114 2019 1143 2068 Ρ.
1166 2020 1198 2068 D.

207 2127 293 2250 Mittit
306 2165 468 2220 Orationem
481 2162 518 2218 M.
534 2164 617 2219 Tullii
632 2164 771 2220 Ciceronis
785 2183 836 2238 pro
852 2166 953 2222 Archia
971 2174 1068 2239 poeta,
1086 2175 1202 2242 tresque
1222 2174 1295 2230 alias

224 2302 226 2306 ,
294 2261 364 2331 petit
378 2259 412 2314 ab
427 2275 474 2328 eo,
491 2259 535 2314 cui
558 2259 726 2333 Philippicas
749 2261 855 2316 iamdiu
879 2268 1004 2335 acceptas
1027 2266 1242 2337 quamprimum
1262 2285 1294 2325 se

297 2349 474 2404 redditurum
488 2349 617 2422 spondet.

306 2615 504 2694 Orationem
533 2617 722 2688 Tullianam
757 2639 820 2711 pro
857 2620 990 2691 Licinio
1017 2618 1155 2703 Archia,
1177 2643 1291 2714 quam

206 2736 380 2834 pollicitus
415 2757 492 2809 sum
515 2739 587 2826 tibi,
619 2751 828 2833 praesentem
864 2743 962 2813 mitto
991 2744 1151 2817 retortam
1185 2745 1291 2816 miris

206 2870 387 2955 poetarum
421 2861 595 2934 laudibus.
629 2861 767 2935 iuvabit
788 2874 870 2957 puto
892 2862 961 2936 fide
981 2866 1088 2956 digno
1114 2875 1203 2936 teste
1229 2889 1292 2938 co-
1348 2921 1352 2930 .

207 3003 395 3074 gnoscere,
430 2986 525 3077 quod
555 2975 680 3075 studiis
704 2987 833 3081 quibus
854 2989 1069 3060 delectamur
1088 3009 1208 3083 praeco
1233 2989 1292 3059 in-

206 3126 293 3195 gens
326 3115 361 3176 et
394 3108 687 3208 praeclarissimus
720 3109 844 3181 Orator
876 3109 1077 3194 accesserit,
1106 3110 1207 3180 cuius
1235 3112 1290 3181 rei

206 3215 432 3325 admomtisse
465 3238 500 3299 te
529 3210 648 3315 velim,
683 3240 719 3300 ut
747 3253 820 3301 rem
848 3231 926 3301 licet
951 3252 1095 3324 parvam
1117 3230 1153 3299 in
1174 3232 1290 3323 pretio

206 3341 469 3436 habeasllteve
490 3373 551 3443 pro
572 3373 641 3442 una
663 3363 734 3424 tres
754 3353 909 3424 eiusdem
930 3352 1078 3424 oratoris
1102 3352 1289 3425 remisisse

208 3482 244 3572 te
262 3473 390 3565 pigeat,
410 3493 500 3564 quas
520 3474 630 3549 fateor
649 3473 878 3568 ipsemecum
897 3474 1114 3555 detulissem,
1137 3484 1173 3545 et
1193 3473 1289 3546 siout

205 3619 287 3680 uno,
311 3597 362 3669 sio
382 3597 519 3669 duobus
541 3607 576 3667 te
597 3597 695 3669 libris
717 3619 785 3669 uuo
811 3608 965 3692 tempore
991 3598 1199 3690 spoliassem
1222 3619 1287 3689 per

205 3717 383 3801 fiduciam,
416 3717 478 3787 nisi
505 3739 651 3811 propere
682 3718 888 3813 Philippicas
912 3720 1139 3800 dimisissem,
1168 3739 1287 3811 neque

205 3831 244 3912 id
259 3862 303 3911 eo
323 3841 499 3933 proposito
521 3849 558 3912 ut
577 3840 629 3910 eis
651 3831 819 3933 perpetuo
851 3863 1006 3926 careres,
1035 3841 1099 3914 sed
1123 3849 1160 3910 ut
1179 3861 1287 3913 accu-

204 3963 315 4034 ratius
348 3950 397 4034 et'
415 3963 545 4035 littera
564 3960 738 4034 lloridiore
770 3965 998 4056 transcriptas
1024 3963 1071 4036 ad
1093 3973 1126 4034 te
1159 3983 1287 4055 quam-

204 4082 355 4163 primum
389 4085 611 4160 remitterem.
635 4086 711 4176 Ego
735 4084 829 4158 enim
857 4107 969 4178 usque
1002 4086 1090 4158 adeo
1115 4087 1285 4158 vetustati
1315 4093 1318 4096 “
