2940 4650
560 314 738 381 ,semrom
760 315 791 363 11.
1171 299 1231 359 505
1276 280 1278 285 ⁴

129 469 131 474 “
152 457 214 533 sed
232 457 421 537 masculas,
442 463 492 539 et,
512 454 541 524 si
562 452 675 537 detur,
696 452 790 545 pium
813 450 943 544 aliquid
961 470 1127 538 ausuras
1150 473 1231 544 pro-

152 602 220 674 que
236 578 328 651 virili
342 576 498 670 portione
511 573 679 667 usquead
693 576 833 647 institiae
847 575 1076 670 patrocinium
1090 583 1234 668 eruptu-

154 725 224 775 ras.
257 703 343 773 Cum
378 721 472 793 saepe
495 699 601 790 igitur
619 708 737 784 autea,
772 708 844 769 tum
872 698 1034 790 precipue
1055 708 1133 789 post
1152 719 1232 768 eum

154 826 248 899 diem
267 824 368 896 solito
386 821 516 914 saepius
538 831 651 892 tecum
674 843 769 903 sum;
788 842 882 916 saepe
904 822 998 893 subit
1017 820 1231 915 desperatio,

122 968 123 971 ’
156 955 252 1041 saepe
273 968 370 1039 spes
386 967 480 1037 saepe
493 956 610 1016 autem
630 941 722 1012 inter
744 956 927 1038 utramque
945 945 1101 1017 fluitante
1119 945 1235 1015 animo

82 1103 85 1113 ·
156 1092 294 1141 mecum
312 1069 404 1142 dico:
427 1068 497 1139 Ob!
521 1068 549 1139 si
571 1091 773 1162 unquam...
796 1068 868 1138 Oh!
893 1069 975 1140 siin
1002 1068 1128 1140 diebus
1149 1068 1235 1138 meis
1298 1137 1299 1140 ,

157 1193 336 1265 accidat...
358 1192 429 1261 Oh!
456 1192 485 1262 si
507 1200 576 1262 tam
604 1192 686 1263 olari
705 1191 821 1286 operis
842 1201 879 1262 et
899 1200 1005 1264 tautae
1026 1191 1147 1283 gloriae
1170 1191 1235 1260 sim
1344 1214 1346 1218 ·

157 1316 339 1411 particeps.
358 1315 489 1386 Dehinc
511 1312 634 1385 crebro
653 1313 697 1385 ad
718 1335 812 1397 eum,
831 1335 937 1407 quem
951 1313 986 1384 in
999 1313 1132 1385 deliciis
1151 1313 1238 1383 Cru-

149 1435 301 1508 eilixum
323 1436 450 1522 habeo,
474 1454 614 1518 versuS,
636 1444 763 1507 moesta
788 1458 874 1508 voce
904 1447 1009 1529 atque
1042 1435 1152 1507 oculis
1174 1436 1238 1505 bu-

157 1558 333 1630 mentibus
351 1560 523 1631 exclamo:
539 1558 622 1651 lesu
634 1556 724 1630 bone
737 1569 772 1630 et
784 1561 928 1632 nimium
943 1571 1138 1644 mansuete,
1154 1559 1238 1653 quid

159 1679 225 1754 hoe
249 1683 329 1752 est‘l
354 1683 508 1771 Exurge.
535 1681 651 1764 Quare
676 1680 881 1754 obdormis?
905 1683 1046 1773 Emurpe
1071 1694 1102 1753 et
1122 1705 1163 1751 ne
1187 1705 1241 1752 rc-

155 1803 316 1896 pellacia
336 1801 445 1901 picem.
472 1798 583 1885 Ouore
602 1803 720 1890 faciem
742 1812 832 1872 tuom
853 1805 1003 1872 avertis?
1031 1805 1240 1876 Oblivisceris

147 1919 281 2010 ,iuopice
319 1927 440 1986 aostroe
477 1926 507 1985 el
547 1918 766 1988 tribulationis
805 1919 953 1988 nostre?
984 1918 1152 1988 Protector
1180 1939 1241 1987 ao-

161 2052 226 2110 ster
248 2042 355 2131 aspice
382 2039 479 2110 Deus.
506 2039 592 2111 Vide
618 2061 699 2132 quae
728 2041 895 2135 patimur,
923 2052 958 2114 et
983 2041 1089 2114 unde:
1114 2061 1242 2131 quaeve

163 2161 231 2235 sub
250 2163 372 2256 clypeo
392 2162 442 2232 tui
463 2161 613 2233 nominis
632 2161 676 2233 ab
697 2162 858 2235 hostibus
880 2163 949 2234 tuis
969 2161 1066 2233 liunt.
1089 2163 1192 2246 Vide,
1207 2172 1243 2232 et
1264 2194 1269 2202 ·

162 2283 318 2356 vindica:
352 2284 407 2353 sin
435 2283 563 2367 minus
594 2305 738 2357 occurre
768 2286 972 2378 priusquam
1000 2283 1166 2355 mortiferi
1186 2283 1243 2354 vis

162 2405 291 2478 veneni
312 2404 431 2477 vitalia
448 2404 603 2476 membra
621 2407 793 2500 corripiat,
824 2417 860 2477 et
880 2407 1050 2480 extremis
1072 2410 1244 2478 malorum

163 2527 354 2601 obruamur
374 2527 537 2600 molibus.
555 2528 646 2612 Quid
667 2529 743 2621 agis
775 2528 861 2601 inte
883 2531 1098 2624 sperantium
1120 2531 1247 2601 salus‘l

167 2650 267 2743 quid,
291 2650 467 2735 Salvator,
490 2651 636 2744 cogitas,
655 2651 740 2744 quid
765 2651 903 2723 haeres‘l
933 2653 1099 2745 quamdiu
1125 2654 1245 2723 oculos

164 2783 320 2858 averteS,
341 2773 509 2866 quamdiu
530 2773 660 2845 nostris
680 2795 750 2843 uon
771 2779 915 2865 tangere
937 2776 1102 2858 miseriiS,
1121 2796 1245 2866 quam-

165 2894 226 2965 diu
252 2895 383 2964 nullum
418 2895 522 2964 tantis
548 2893 726 2965 laboribus
761 2897 903 2967 modum
924 2899 1057 2987 poues‘l
1081 2895 1135 2964 An
1157 2897 1248 2966 mala

167 3023 286 3085 nostra
306 3034 375 3084 uon
392 3012 508 3096 vides
531 3036 635 3106 quem
658 3035 722 3084 nec
742 3015 821 3085 coeli
848 3016 1016 3100 ambitus,
1043 3039 1108 3088 nec
1127 3017 1248 3113 abyssi

168 3134 384 3229 profunditas
405 3133 502 3217 fallit,
527 3157 591 3207 nec
613 3135 714 3207 stillae
729 3135 863 3221 oceani,
887 3161 951 3212 neo
967 3141 1133 3212 silvarum
1152 3142 1247 3229 lolia,

169 3279 233 3328 nec
252 3277 368 3328 areuae
389 3257 511 3343 maris,
530 3280 595 3330 nec
612 3260 790 3330 stellarum
811 3284 993 3346 numerus,
1016 3285 1080 3333 nec
1093 3244 1250 3334 animan-

170 3379 256 3450 tium
277 3379 476 3465 multitudo,
512 3402 576 3451 uec
604 3382 793 3453 herbarum
811 3384 990 3456 varietas?
1015 3383 1067 3453 An
1086 3385 1166 3456 odio
1188 3384 1250 3455 tibi

171 3522 292 3573 sumus
313 3524 402 3595 quos
423 3523 536 3595 usque
555 3503 642 3575 adeo
661 3505 710 3576 sic
730 3526 848 3576 amare
865 3525 1113 3589 consueveras
1137 3516 1175 3577 ut
1188 3527 1250 3576 no·

172 3622 234 3694 stri
254 3644 373 3694 amore
394 3624 523 3708 uictuS,
558 3625 635 3696 coeli
665 3635 830 3717 regnator
848 3618 962 3710 Deus,
986 3626 1167 3698 interram
1189 3626 1252 3697 de-

172 3727 360 3817 scenderes
382 3755 485 3838 atque
507 3746 612 3817 homo
645 3748 833 3820 moriturus
855 3748 1096 3842 adscenderes
1116 3751 1149 3820 in
1172 3772 1252 3821 cru-

172 3869 274 3937 cem‘.l
290 3865 343 3936 An
362 3870 450 3939 forte
466 3866 571 3938 'vides
588 3877 624 3939 et
643 3868 774 3959 diligis,
798 3870 862 3942 sed
884 3871 1029 3942 retrahit
1049 3873 1252 3965 impotentia

173 3988 422 4060 succurrendi?
441 3987 487 4060 At
506 3990 534 4059 si
546 4002 621 4061 ‘uon
638 4011 677 4061 es
699 3991 932 4085 omnipotens
947 3992 1031 4084 quid
1046 3996 1252 4087 speramus?

174 4107 228 4180 An
245 4121 278 4181 te
299 4119 408 4183 terret
428 4113 483 4183 vis
511 4112 672 4183 bostium
694 4116 854 4184 tuorum‘?
885 4114 953 4186 Sed
984 4116 1137 4188 nondum
1169 4128 1252 4209 puto
