2730 4680
285 331 377 379 ulnnn
398 331 687 381 vrcnsmusenmus.
700 330 903 378 —nersronu
924 331 953 378 u.
1124 319 1163 378 115

90 471 139 540 vel
160 467 403 560 breviloquum
425 468 586 560 intelligit
606 469 662 539 vel
684 478 866 539 tacentem.
894 467 979 538 Cum
1001 465 1162 541 Africano

88 592 214 662 Minore
234 588 461 661 concludam:
488 590 545 659 En
577 590 673 663 113103
706 592 817 659 cirum
837 586 974 678 dippum
1001 599 1040 659 13.
1076 591 1162 662 lllud

88 713 200 784 sciens
220 714 317 798 sileo,
348 710 442 805 quod
459 712 495 782 in
512 710 727 783 litteristuis
748 711 826 783 stilo
845 722 877 783 te
895 734 974 783 meo
994 714 1162 805 imparem

86 838 165 908 lacis
187 836 409 929 usqueadeo
430 848 467 908 ut
487 848 664 929 stuporem
680 837 737 906 vel
759 834 911 919 simules,
933 837 987 907 vel
1009 835 1048 920 si,
1066 835 1163 928 quod

85 960 216 1053 opinari
232 982 378 1052 nequeo,
398 981 504 1031 verus
522 967 578 1031 est
596 968 727 1053 stupor,
746 980 815 1030 non
835 958 904 1029 stili
921 958 1062 1050 quidem
1081 960 1159 1040 mei,

86 1085 146 1156 sed
167 1094 239 1155 tuae
265 1094 418 1177 paternae
441 1083 669 1174 indulgentiae
696 1093 817 1176 stupor
839 1082 893 1153 sit.
922 1083 973 1152 Tu
998 1104 1043 1152 ne
1067 1081 1160 1153 enim

89 1206 244 1278 cuiusvis
261 1206 319 1277 vel
331 1205 441 1298 ipsius
460 1205 637 1275 Ciceronis
655 1203 700 1274 ad
718 1204 835 1275 stilum
854 1204 1017 1296 stupeas?
1033 1203 1161 1287 Quaere

85 1330 202 1412 alium,
224 1329 281 1400 cui
300 1328 366 1400 hoc
386 1328 577 1420 imprimas.
599 1326 667 1398 Sed
690 1337 725 1398 31
747 1347 786 1398 30
808 1323 972 1420 superbia
994 1347 1098 1419 super
1124 1324 1160 1397 id

86 1451 175 1546 quod
195 1462 259 1534 est,
279 1453 329 1523 sic
346 1473 385 1523 se
406 1449 583 1522 humilitas
601 1449 689 1521 infra
706 1449 865 1535 aestimat
884 1460 919 1521 et
935 1472 1015 1521 cum
1033 1470 1160 1541 magna

87 1596 177 1670 saepe
197 1575 284 1659 aliis,
308 1596 443 1669 semper
464 1573 530 1646 sibi
551 1573 679 1665 pusilla
697 1585 762 1645 est.
784 1574 833 1645 De
854 1575 1009 1667 reliquo:
1030 1593 1160 1645 munus
1206 1661 1212 1668 .

87 1709 190 1780 tuum,
214 1698 378 1790 quoniam
403 1696 452 1769 ita
470 1696 577 1788 cogis,
605 1695 736 1790 accipio
753 1718 822 1768 non
840 1707 939 1788 grato
956 1697 1072 1769 animo
1097 1695 1160 1769 sed

87 1820 246 1906 iucundo,
272 1821 352 1893 licet
376 1830 415 1892 31
445 1842 569 1891 verum
590 1822 713 1904 fatear,
741 1844 864 1893 aurum
885 1844 933 1893 ex
959 1831 993 1892 te
1016 1822 1157 1907 nollem,

88 1945 294 2038 nequeauri
312 1964 436 2036 egenS,
458 1954 496 2015 ut
518 1942 576 2015 tibi
597 1944 678 2015 olim
700 1946 920 2038 scripseram,
943 1955 979 2014 et
998 1952 1058 2015 tua
1077 1965 1159 2015 con-

88 2077 197 2167 tentus
224 2088 333 2139 aurea
358 2068 547 2139 voluntale.
573 2067 661 2138 Vale
685 2055 837 2148 feliciter,
857 2066 1001 2138 elidem
1031 2086 1093 2137 oro
1118 2076 1158 2137 ut

88 2191 173 2283 quod
193 2191 368 2284 pollicitus
386 2211 425 2261 es
442 2191 639 2273 verumsit,
660 2211 777 2260 neme
795 2210 947 2280 unquam
965 2187 1010 2260 de
1029 2207 1159 2258 memo·

89 2313 131 2386 ria
152 2326 212 2388 133
232 2316 333 2385 10033
353 2322 413 2384 331
433 2323 570 2405 tempus
586 2312 761 2384 excludat.

222 2457 383 2526 Mediolani,
398 2457 472 2513 Vlll.
489 2457 627 2512 Kalendas
640 2456 754 2528 Aprilis.

499 2971 677 3037 EPISTOLA
698 2972 742 3036 Vl.

207 3142 404 3193 3333033033
424 3142 593 3194 urrannei
613 3144 759 3194 nnnnsro
780 3144 1029 3195 nnuunnrsnono

469 3250 624 3301 unneausr
644 3251 670 3299 3.
693 3251 720 3299 u.
743 3226 773 3298 n.

405 3411 594 3465 Sacramorem
609 3410 633 3466 ei
648 3410 830 3466 commendat.

177 3663 287 3735 Multa
312 3666 407 3757 loqui
431 3666 596 3757 temporis
623 3678 724 3738 vetor
752 3667 946 3759 angustiis:
981 3666 1044 3737 sed
1077 3688 1156 3759 per-

91 3787 171 3872 grati
192 3787 277 3858 mihi
299 3788 447 3859 hominis
464 3810 528 3860 nec
548 3788 662 3860 minus
682 3788 758 3862 veri
776 3812 894 3862 amore
916 3789 1008 3881 loqui
1025 3788 1156 3882 aliquid

90 3927 198 3999 cogor.
212 3908 305 3980 Ecce
316 3911 408 3980 enim
421 3912 476 3981 vir
488 3910 651 4002 egregius
665 3921 701 3982 et
714 3911 1038 3983 tui-amantissimus
1050 3931 1154 4003 quem

92 4026 131 4100 ita
151 4033 269 4125 partiri
290 4032 497 4119 solebamus,
516 4044 553 4105 ut
572 4055 717 4130 corpore
736 4058 828 4106 nunc
848 4044 970 4122 vester
990 4057 1082 4105 nunc
1101 4032 1154 4104 vi-

92 4153 200 4227 cissim
216 4156 346 4243 noster,
368 4156 482 4230 animo
502 4169 776 4254 autemsemper
797 4169 892 4230 esset
911 4169 1152 4253 utrorumque,

206 4294 242 4333 ur.
987 4281 1002 4330 5
