2804 4656
544 319 584 364 DE
605 318 704 394 nunus
727 320 948 368 summittimus

508 630 510 634 ¹
619 608 796 674 EPISTULA
816 610 859 674 III.

294 773 486 826 FIIIINCISCUS
507 778 676 826 PETIIARCA
697 781 730 829 Μ.
753 782 868 846 nuntio
890 783 1038 833 CICERONI
1060 785 1086 834 S.
1109 787 1137 834 P.
1160 786 1191 835 Ι).

284 985 287 988 ,
304 937 495 1009 Reprehendit
507 944 637 994 naturam
652 939 713 994 eins
727 930 912 996 Incoslantem
925 946 954 998 et
966 941 1181 1001 contentiosam.

297 1198 472 1293 EpiStolas
497 1210 575 1271 tuas
600 1195 662 1270 diu
688 1183 903 1291 multumque
923 1201 1147 1294 perquisitas,
1178 1215 1282 1298 atque

200 1323 260 1396 ubi
282 1323 424 1394 minime
447 1320 742 1405 rebarinventas,
766 1321 973 1392 avidissime
989 1326 1145 1416 perlegi:
1163 1328 1282 1399 audivi

200 1448 310 1517 multa
330 1456 364 1516 te
382 1444 700 1527 dicentem,·multa
725 1444 981 1538 deplorantem,
1009 1446 1118 1517 multa
1144 1449 1284 1518 varian-

201 1580 286 1652 tem,
305 1569 420 1638 Marce
439 1563 540 1650 Tulli,
564 1574 599 1637 el
619 1566 678 1658 qui
712 1566 917 1658 iampridem
947 1567 1059 1660 qualis
1088 1579 1285 1662 praeceptor

128 1700 129 1708 ’
200 1690 276 1760 aliis
301 1688 431 1759 fuisses
451 1706 635 1770 noveram,
659 1688 913 1759 nunclandem
933 1689 1014 1780 quis
1036 1698 1074 1759 tu
1098 1688 1158 1759 tihi
1184 1711 1283 1763 esses

200 1811 340 1904 agnovi.
359 1811 473 1882 Unum
496 1812 560 1883 hoc
580 1812 736 1882 vicissim
758 1833 779 1881 a
798 1831 884 1882 vera
902 1811 1058 1882 *caritate
1091 1813 1284 1904 profectum

200 1957 270 2006 uon
290 1932 358 2006 iarn
383 1934 566 2005 consilium
589 1933 653 2004 sed
673 1936 861 2004 lamentum
889 1932 987 2017 audi,
1011 1931 1212 2028 ubicunque
1231 1957 1284 2021 οε,

135 2072 136 2075 ’
201 2058 294 2150 quod
320 2080 411 2129 unus
437 2069 657 2152 posterorum
683 2056 732 2127 tui
759 2053 908 2126 nominis
930 2056 1195 2128 amantisSImns
1217 2079 1285 2130 non

201 2180 277 2250 sine
297 2179 448 2251 lacrimiS
469 2180 593 2251 sundit.
614 2180 642 2248 Ο
663 2178 815 2271 inquiete
837 2198 976 2270 semper
1000 2186 1035 2248 et
1074 2180 1192 2263 anxie,
1228 2183 1286 2252 vel

200 2313 242 2373 ut
263 2300 373 2373 verba
403 2312 462 2371 tua
494 2321 737 2391 recognoscas,
775 2321 796 2369 ο
829 2319 986 2392 praeceps
1019 2311 1054 2371 et
1086 2301 1287 2372 calamitose

202 2443 325 2505 senex,
353 2422 438 2512 quid
471 2421 531 2490 tihi
557 2430 608 2490 tot
638 2421 920 2493 contentionibus
946 2430 982 2492 et
1006 2443 1167 2515 prorsum
1201 2421 1286 2491 nibll

201 2545 392 2639 profuturis
419 2542 654 2614 simultatibus
680 2543 844 2614 voluisti?
877 2542 942 2613 Ubi
968 2554 1003 2612 et
1028 2543 1122 2614 aetati
1147 2552 1183 2614 et
1208 2565 1286 2636 pro-

199 2663 343 2736 fessioni
368 2677 404 2736 et
433 2669 582 2737 fortunae
615 2673 685 2735 tuae
714 2665 926 2735 conveniens
956 2665 1064 2736 otium
1094 2666 1287 2758 reliquisti?

201 2787 287 2868 Quis
313 2796 348 2856 te
372 2788 483 2858 falsus
509 2787 631 2878 glorIae
657 2785 824 2880 splendor
857 2806 977 2857 senem
1010 2786 1285 2858 adolescentium

201 2909 301 2980 bellis
322 2908 503 3003 implicuit,
526 2919 561 2982 et
582 2931 646 3004 per
670 2928 793 2981 omnes
814 2909 979 2980 iactatum
1005 2929 1109 2979 casus
1131 2910 1177 2980 ad
1197 2907 1286 2979 iudi-

201 3052 304 3121 gnam
327 3031 535 3124 philosopho
556 3042 704 3103 mortem
724 3031 861 3125 rapuit?
878 3032 971 3102 Heul
991 3041 1027 3102 et
1043 3030 1186 3102 fraterni
1204 3050 1287 3102 con·

201 3153 269 3223 silii
288 3154 485 3237 immemor,
507 3163 544 3223 et
564 3165 700 3225 tuorum
729 3165 779 3226 tot
801 3153 994 3225 salubrium
1014 3163 1280 3246 praeceptorum,

200 3297 265 3348 ceu
281 3283 474 3346 nocturnus
495 3275 610 3347 viator
629 3279 747 3347 lumen
764 3277 799 3345 in
817 3274 970 3348 tenebris
991 3285 1147 3367 gestans,
1167 3284 1283 3345 osten-

201 3400 284 3472 disti
318 3397 491 3470 secuturis
517 3400 652 3482 callem,
676 3399 801 3490 inquo
825 3399 900 3491 ipse
927 3397 1012 3469 satis
1039 3394 1284 3467 miserabiliter

200 3527 321 3619 lapsus
342 3541 393 3593 es.
415 3519 543 3591 Omitto
564 3520 782 3615 Dionysium,
813 3521 934 3592 omitto
964 3521 1104 3590 fratrem
1126 3529 1225 3589 tuum
1245 3538 1284 3586 ao

199 3658 378 3742 nepotem,
401 3643 538 3727 omitto,
562 3643 592 3712 si
623 3645 749 3734 placet,
777 3643 890 3736 ipsum
924 3642 1030 3712 etiam
1051 3634 1280 3719 Dolabellam,

201 3790 290 3861 quos
311 3788 404 3837 nunc
427 3764 588 3836 laudibus
615 3763 658 3835 ad
684 3766 808 3835 caelum
829 3766 948 3848 effers,
972 3784 1066 3834 nunc
1092 3758 1284 3854 repentinis

198 3888 395 3960 maledictis
427 3892 571 3959 laceras.
602 3885 742 3956 Fuerint
766 3886 842 3957 haec
877 3884 1068 3957 tolerabilia
1105 3881 1278 3954 fortassis.

202 4009 327 4079 lulium
352 4032 492 4103 quoque
518 4011 691 4080 Caesarem
724 4007 974 4098 praeteruohor,
1002 4005 1102 4076 cuius
1130 4013 1285 4097 spectata

207 4130 390 4203 clementia
412 4135 528 4225 ipsum
565 4129 816 4202 lacessentibus
853 4142 975 4221 portus
1011 4139 1097 4198 arat.
1122 4127 1285 4216 Magnum
