<?xml version="1.0" encoding="UTF-8"?>
<!DOCTYPE html PUBLIC "-//W3C//DTD XHTML 1.0 Transitional//EN"
    "http://www.w3.org/TR/xhtml1/DTD/xhtml1-transitional.dtd">
<html xmlns="http://www.w3.org/1999/xhtml" xml:lang="en" lang="en">
 <head>
  <title>
</title>
<meta http-equiv="Content-Type" content="text/html;charset=utf-8" />
  <meta name='ocr-system' content='tesseract 3.04.00' />
  <meta name='ocr-capabilities' content='ocr_page ocr_carea ocr_par ocr_line ocrx_word'/>
</head>
<body>
  <div class='ocr_page' id='page_1' title='image "./franciscipetrar00fracgoog_0074.png"; bbox 0 0 2730 4680; ppageno 0'>
   <div class='ocr_carea' id='block_1_1' title="bbox 412 577 824 648">
    <p class='ocr_par' dir='ltr' id='par_1_1' title="bbox 412 577 824 648">
     <span class='ocr_line' id='line_1_1' title="bbox 412 577 824 648; baseline 0.012 -8"><span class='ocrx_word' id='word_1_1' title='bbox 412 577 600 644; x_wconf 76' lang='lat' dir='ltr'><strong>Faaucrsul</strong></span> <span class='ocrx_word' id='word_1_2' title='bbox 622 581 824 648; x_wconf 77' lang='lat' dir='ltr'><strong>PETRARCAE</strong></span> 
     </span>
    </p>
   </div>
   <div class='ocr_carea' id='block_1_2' title="bbox 239 803 993 888">
    <p class='ocr_par' dir='ltr' id='par_1_2' title="bbox 239 803 993 888">
     <span class='ocr_line' id='line_1_2' title="bbox 239 803 993 888; baseline 0.008 -6"><span class='ocrx_word' id='word_1_3' title='bbox 239 806 306 882; x_wconf 85' lang='lat' dir='ltr'><strong>DE</strong></span> <span class='ocrx_word' id='word_1_4' title='bbox 360 804 531 885; x_wconf 87' lang='lat' dir='ltr'>REBUS</span> <span class='ocrx_word' id='word_1_5' title='bbox 587 803 993 888; x_wconf 72' lang='lat' dir='ltr'><strong>FAMILIARIBUS</strong></span> 
     </span>
    </p>
   </div>
   <div class='ocr_carea' id='block_1_3' title="bbox 332 1027 899 1102">
    <p class='ocr_par' dir='ltr' id='par_1_3' title="bbox 332 1027 899 1102">
     <span class='ocr_line' id='line_1_3' title="bbox 332 1027 899 1102; baseline 0.005 -5"><span class='ocrx_word' id='word_1_6' title='bbox 332 1027 462 1099; x_wconf 84' lang='lat' dir='ltr'>LIBER</span> <span class='ocrx_word' id='word_1_7' title='bbox 493 1027 899 1102; x_wconf 83' lang='lat' dir='ltr'>VICESIMUSPRIMUS.</span> 
     </span>
    </p>
   </div>
   <div class='ocr_carea' id='block_1_4' title="bbox 509 1710 728 1776">
    <p class='ocr_par' dir='ltr' id='par_1_4' title="bbox 509 1710 728 1776">
     <span class='ocr_line' id='line_1_4' title="bbox 509 1710 728 1776; baseline 0 -1"><span class='ocrx_word' id='word_1_8' title='bbox 509 1710 686 1776; x_wconf 77' lang='lat' dir='ltr'>EPISTULA</span> <span class='ocrx_word' id='word_1_9' title='bbox 707 1713 728 1775; x_wconf 82' lang='lat'><strong>1.</strong></span> 
     </span>
    </p>
   </div>
   <div class='ocr_carea' id='block_1_5' title="bbox 124 1908 1119 2064">
    <p class='ocr_par' dir='ltr' id='par_1_5' title="bbox 124 1908 1119 2064">
     <span class='ocr_line' id='line_1_5' title="bbox 124 1908 1119 1961; baseline 0.003 -5"><span class='ocrx_word' id='word_1_10' title='bbox 124 1908 313 1960; x_wconf 74' lang='lat' dir='ltr'><strong>raauclscus</strong></span> <span class='ocrx_word' id='word_1_11' title='bbox 333 1909 501 1960; x_wconf 76' lang='lat' dir='ltr'><strong>PETRARGA</strong></span> <span class='ocrx_word' id='word_1_12' title='bbox 522 1909 668 1960; x_wconf 71' lang='lat' dir='ltr'>ERNESTO</span> <span class='ocrx_word' id='word_1_13' title='bbox 690 1909 940 1959; x_wconf 75' lang='lat' dir='ltr'>ARCHIEPISCOPO</span> <span class='ocrx_word' id='word_1_14' title='bbox 962 1910 1119 1961; x_wconf 78' lang='lat' dir='ltr'><strong>PRAGENSI</strong></span> 
     </span>
     <span class='ocr_line' id='line_1_6' title="bbox 555 2015 793 2064; baseline 0.004 -1"><span class='ocrx_word' id='word_1_15' title='bbox 555 2015 581 2063; x_wconf 89' lang='lat' dir='ltr'><strong>S.</strong></span> <span class='ocrx_word' id='word_1_16' title='bbox 604 2016 632 2064; x_wconf 90' lang='lat' dir='ltr'><strong>P.</strong></span> <span class='ocrx_word' id='word_1_17' title='bbox 657 2017 686 2064; x_wconf 83' lang='lat' dir='ltr'><strong>b.</strong></span> <span class='ocrx_word' id='word_1_18' title='bbox 790 2036 793 2042; x_wconf 57' lang='lat'><strong>⁴</strong></span> 
     </span>
    </p>
   </div>
   <div class='ocr_carea' id='block_1_6' title="bbox 100 2146 1143 2222">
    <p class='ocr_par' dir='ltr' id='par_1_6' title="bbox 100 2146 1143 2222">
     <span class='ocr_line' id='line_1_7' title="bbox 100 2146 1143 2222; baseline 0.003 -21"><span class='ocrx_word' id='word_1_19' title='bbox 100 2146 223 2205; x_wconf 85' lang='lat' dir='ltr'><strong>Litteram</strong></span> <span class='ocrx_word' id='word_1_20' title='bbox 237 2167 323 2222; x_wconf 90' lang='lat' dir='ltr'><strong>quam</strong></span> <span class='ocrx_word' id='word_1_21' title='bbox 337 2151 483 2221; x_wconf 79' lang='lat' dir='ltr'><strong>scripserat</strong></span> <span class='ocrx_word' id='word_1_22' title='bbox 497 2166 527 2204; x_wconf 89' lang='lat' dir='ltr'><strong>se</strong></span> <span class='ocrx_word' id='word_1_23' title='bbox 542 2148 673 2220; x_wconf 79' lang='lat' dir='ltr'>prudenti</span> <span class='ocrx_word' id='word_1_24' title='bbox 688 2148 803 2203; x_wconf 89' lang='lat' dir='ltr'><strong>consilio</strong></span> <span class='ocrx_word' id='word_1_25' title='bbox 818 2148 930 2203; x_wconf 78' lang='lat' dir='ltr'><strong>mittere</strong></span> <span class='ocrx_word' id='word_1_26' title='bbox 945 2164 1001 2203; x_wconf 87' lang='lat' dir='ltr'><strong>non</strong></span> <span class='ocrx_word' id='word_1_27' title='bbox 1014 2148 1143 2204; x_wconf 89' lang='lat' dir='ltr'><strong>voluisse.</strong></span> 
     </span>
    </p>
   </div>
   <div class='ocr_carea' id='block_1_7' title="bbox 87 2413 1161 3491">
    <p class='ocr_par' dir='ltr' id='par_1_7' title="bbox 87 2413 1161 3491">
     <span class='ocr_line' id='line_1_8' title="bbox 176 2413 1159 2507; baseline 0.005 -24"><span class='ocrx_word' id='word_1_28' title='bbox 176 2413 640 2507; x_wconf 77' lang='lat' dir='ltr'><strong>Multaanimoeoneeperam</strong></span> <span class='ocrx_word' id='word_1_29' title='bbox 650 2414 853 2504; x_wconf 82' lang='lat' dir='ltr'><strong>calamoque</strong></span> <span class='ocrx_word' id='word_1_30' title='bbox 861 2432 1159 2506; x_wconf 81' lang='lat' dir='ltr'><strong>pepereramquae</strong></span> 
     </span>
     <span class='ocr_line' id='line_1_9' title="bbox 89 2533 1161 2629; baseline 0.002 -22"><span class='ocrx_word' id='word_1_31' title='bbox 89 2559 141 2608; x_wconf 86' lang='lat' dir='ltr'><strong>eur</strong></span> <span class='ocrx_word' id='word_1_32' title='bbox 159 2535 264 2607; x_wconf 89' lang='lat' dir='ltr'><strong>modo</strong></span> <span class='ocrx_word' id='word_1_33' title='bbox 284 2534 345 2607; x_wconf 86' lang='lat' dir='ltr'><strong>tibi</strong></span> <span class='ocrx_word' id='word_1_34' title='bbox 366 2534 570 2608; x_wconf 78' lang='lat' dir='ltr'>subtraham</span> <span class='ocrx_word' id='word_1_35' title='bbox 589 2534 682 2607; x_wconf 77' lang='lat' dir='ltr'><strong>dicet</strong></span> <span class='ocrx_word' id='word_1_36' title='bbox 700 2536 743 2619; x_wconf 68' lang='lat' dir='ltr'><strong>is</strong></span> <span class='ocrx_word' id='word_1_37' title='bbox 767 2535 827 2628; x_wconf 90' lang='lat' dir='ltr'><strong>qui</strong></span> <span class='ocrx_word' id='word_1_38' title='bbox 848 2533 926 2608; x_wconf 86' lang='lat' dir='ltr'><strong>haee</strong></span> <span class='ocrx_word' id='word_1_39' title='bbox 947 2557 1058 2629; x_wconf 91' lang='lat' dir='ltr'><strong>pauea</strong></span> <span class='ocrx_word' id='word_1_40' title='bbox 1079 2558 1161 2629; x_wconf 81' lang='lat' dir='ltr'><strong>quae</strong></span> 
     </span>
     <span class='ocr_line' id='line_1_10' title="bbox 88 2656 1159 2753; baseline 0.001 -24"><span class='ocrx_word' id='word_1_41' title='bbox 88 2660 236 2731; x_wconf 83' lang='lat' dir='ltr'><strong>cerniset</strong></span> <span class='ocrx_word' id='word_1_42' title='bbox 242 2661 340 2753; x_wconf 88' lang='lat' dir='ltr'><strong>plura</strong></span> <span class='ocrx_word' id='word_1_43' title='bbox 354 2679 434 2751; x_wconf 88' lang='lat' dir='ltr'><strong>quae</strong></span> <span class='ocrx_word' id='word_1_44' title='bbox 448 2658 568 2731; x_wconf 89' lang='lat' dir='ltr'><strong>audies</strong></span> <span class='ocrx_word' id='word_1_45' title='bbox 582 2658 627 2730; x_wconf 90' lang='lat' dir='ltr'><strong>ad</strong></span> <span class='ocrx_word' id='word_1_46' title='bbox 642 2668 675 2728; x_wconf 77' lang='lat' dir='ltr'><strong>te</strong></span> <span class='ocrx_word' id='word_1_47' title='bbox 687 2656 780 2728; x_wconf 87' lang='lat' dir='ltr'><strong>vivis</strong></span> <span class='ocrx_word' id='word_1_48' title='bbox 794 2656 941 2730; x_wconf 85' lang='lat' dir='ltr'><strong>vocibus</strong></span> <span class='ocrx_word' id='word_1_49' title='bbox 956 2658 1159 2750; x_wconf 91' lang='lat' dir='ltr'><strong>perferenda</strong></span> 
     </span>
     <span class='ocr_line' id='line_1_11' title="bbox 88 2778 1159 2877; baseline 0.001 -25"><span class='ocrx_word' id='word_1_50' title='bbox 88 2783 246 2877; x_wconf 77' lang='lat' dir='ltr'>suscepit,</span> <span class='ocrx_word' id='word_1_51' title='bbox 265 2781 407 2874; x_wconf 84' lang='lat' dir='ltr'><strong>virque</strong></span> <span class='ocrx_word' id='word_1_52' title='bbox 427 2781 475 2850; x_wconf 89' lang='lat' dir='ltr'><strong>nil</strong></span> <span class='ocrx_word' id='word_1_53' title='bbox 493 2779 555 2853; x_wconf 79' lang='lat' dir='ltr'><strong>tibi</strong></span> <span class='ocrx_word' id='word_1_54' title='bbox 576 2778 740 2851; x_wconf 74' lang='lat' dir='ltr'><strong>devotius</strong></span> <span class='ocrx_word' id='word_1_55' title='bbox 761 2781 808 2850; x_wconf 87' lang='lat' dir='ltr'><strong>nil</strong></span> <span class='ocrx_word' id='word_1_56' title='bbox 834 2781 918 2851; x_wconf 92' lang='lat' dir='ltr'><strong>mihi</strong></span> <span class='ocrx_word' id='word_1_57' title='bbox 944 2780 1159 2855; x_wconf 81' lang='lat' dir='ltr'><strong>familiarius.</strong></span> 
     </span>
     <span class='ocr_line' id='line_1_12' title="bbox 87 2902 1161 2999; baseline 0.002 -25"><span class='ocrx_word' id='word_1_58' title='bbox 87 2906 206 2978; x_wconf 79' lang='lat' dir='ltr'><strong>Sancta</strong></span> <span class='ocrx_word' id='word_1_59' title='bbox 219 2902 360 2999; x_wconf 90' lang='lat' dir='ltr'><strong>quidem</strong></span> <span class='ocrx_word' id='word_1_60' title='bbox 371 2925 513 2998; x_wconf 79' lang='lat' dir='ltr'><strong>semper</strong></span> <span class='ocrx_word' id='word_1_61' title='bbox 534 2915 569 2976; x_wconf 81' lang='lat' dir='ltr'><strong>ei</strong></span> <span class='ocrx_word' id='word_1_62' title='bbox 583 2906 740 2989; x_wconf 87' lang='lat' dir='ltr'><strong>honesta,</strong></span> <span class='ocrx_word' id='word_1_63' title='bbox 764 2903 828 2975; x_wconf 86' lang='lat' dir='ltr'><strong>sed</strong></span> <span class='ocrx_word' id='word_1_64' title='bbox 845 2926 914 2976; x_wconf 90' lang='lat' dir='ltr'><strong>nou</strong></span> <span class='ocrx_word' id='word_1_65' title='bbox 929 2926 1065 2998; x_wconf 87' lang='lat' dir='ltr'><strong>semper</strong></span> <span class='ocrx_word' id='word_1_66' title='bbox 1085 2915 1161 2977; x_wconf 81' lang='lat' dir='ltr'><strong>tuta</strong></span> 
     </span>
     <span class='ocr_line' id='line_1_13' title="bbox 88 3026 1161 3122; baseline 0.002 -24"><span class='ocrx_word' id='word_1_67' title='bbox 88 3029 221 3100; x_wconf 78' lang='lat' dir='ltr'><strong>veritas.</strong></span> <span class='ocrx_word' id='word_1_68' title='bbox 243 3029 369 3100; x_wconf 81' lang='lat' dir='ltr'><strong>Multos</strong></span> <span class='ocrx_word' id='word_1_69' title='bbox 383 3027 615 3101; x_wconf 81' lang='lat' dir='ltr'><strong>iilaomnibus</strong></span> <span class='ocrx_word' id='word_1_70' title='bbox 629 3028 780 3112; x_wconf 85' lang='lat' dir='ltr'><strong>saeculis,</strong></span> <span class='ocrx_word' id='word_1_71' title='bbox 797 3026 861 3099; x_wconf 91' lang='lat' dir='ltr'><strong>sed</strong></span> <span class='ocrx_word' id='word_1_72' title='bbox 886 3049 1063 3121; x_wconf 89' lang='lat' dir='ltr'><strong>nunquam</strong></span> <span class='ocrx_word' id='word_1_73' title='bbox 1087 3030 1161 3122; x_wconf 83' lang='lat' dir='ltr'><strong>piu-</strong></span> 
     </span>
     <span class='ocr_line' id='line_1_14' title="bbox 88 3133 1160 3245; baseline 0.001 -25"><span class='ocrx_word' id='word_1_74' title='bbox 88 3174 137 3224; x_wconf 88' lang='lat' dir='ltr'><strong>res</strong></span> <span class='ocrx_word' id='word_1_75' title='bbox 154 3174 260 3245; x_wconf 88' lang='lat' dir='ltr'><strong>quam</strong></span> <span class='ocrx_word' id='word_1_76' title='bbox 287 3161 406 3223; x_wconf 82' lang='lat' dir='ltr'><strong>nostra</strong></span> <span class='ocrx_word' id='word_1_77' title='bbox 427 3139 530 3224; x_wconf 77' lang='lat' dir='ltr'><strong>aetate</strong></span> <span class='ocrx_word' id='word_1_78' title='bbox 556 3151 677 3223; x_wconf 73' lang='lat' dir='ltr'><strong>hostes</strong></span> <span class='ocrx_word' id='word_1_79' title='bbox 700 3133 831 3222; x_wconf 77' lang='lat' dir='ltr'><strong>babuit.</strong></span> <span class='ocrx_word' id='word_1_80' title='bbox 859 3151 974 3222; x_wconf 86' lang='lat' dir='ltr'><strong>Causa</strong></span> <span class='ocrx_word' id='word_1_81' title='bbox 999 3162 1054 3224; x_wconf 88' lang='lat' dir='ltr'><strong>est-</strong></span> <span class='ocrx_word' id='word_1_82' title='bbox 1079 3152 1160 3244; x_wconf 90' lang='lat' dir='ltr'><strong>quia</strong></span> 
     </span>
     <span class='ocr_line' id='line_1_15' title="bbox 87 3273 1159 3369; baseline 0 -24"><span class='ocrx_word' id='word_1_83' title='bbox 87 3297 258 3368; x_wconf 90' lang='lat' dir='ltr'><strong>nunquam</strong></span> <span class='ocrx_word' id='word_1_84' title='bbox 283 3274 467 3369; x_wconf 83' lang='lat' dir='ltr'><strong>pauciores</strong></span> <span class='ocrx_word' id='word_1_85' title='bbox 484 3274 597 3346; x_wconf 82' lang='lat' dir='ltr'><strong>virtus</strong></span> <span class='ocrx_word' id='word_1_86' title='bbox 619 3273 739 3346; x_wconf 83' lang='lat' dir='ltr'><strong>habuit</strong></span> <span class='ocrx_word' id='word_1_87' title='bbox 756 3275 897 3346; x_wconf 87' lang='lat' dir='ltr'><strong>amicos.</strong></span> <span class='ocrx_word' id='word_1_88' title='bbox 916 3275 1025 3347; x_wconf 89' lang='lat' dir='ltr'><strong>Nemo</strong></span> <span class='ocrx_word' id='word_1_89' title='bbox 1045 3283 1159 3346; x_wconf 74' lang='lat' dir='ltr'><strong>autem</strong></span> 
     </span>
     <span class='ocr_line' id='line_1_16' title="bbox 88 3397 1161 3491; baseline 0.003 -25"><span class='ocrx_word' id='word_1_90' title='bbox 88 3399 265 3470; x_wconf 87' lang='lat' dir='ltr'><strong>veritatem</strong></span> <span class='ocrx_word' id='word_1_91' title='bbox 287 3398 359 3471; x_wconf 88' lang='lat' dir='ltr'><strong>odit</strong></span> <span class='ocrx_word' id='word_1_92' title='bbox 371 3398 439 3469; x_wconf 89' lang='lat' dir='ltr'><strong>nisi</strong></span> <span class='ocrx_word' id='word_1_93' title='bbox 452 3397 512 3491; x_wconf 89' lang='lat' dir='ltr'><strong>qui</strong></span> <span class='ocrx_word' id='word_1_94' title='bbox 527 3400 616 3469; x_wconf 90' lang='lat' dir='ltr'><strong>male</strong></span> <span class='ocrx_word' id='word_1_95' title='bbox 629 3398 727 3468; x_wconf 85' lang='lat' dir='ltr'><strong>vivit.</strong></span> <span class='ocrx_word' id='word_1_96' title='bbox 754 3398 798 3468; x_wconf 81' lang='lat' dir='ltr'><strong>Et</strong></span> <span class='ocrx_word' id='word_1_97' title='bbox 824 3397 881 3467; x_wconf 85' lang='lat' dir='ltr'><strong>hic</strong></span> <span class='ocrx_word' id='word_1_98' title='bbox 905 3408 1020 3470; x_wconf 77' lang='lat' dir='ltr'><strong>metus</strong></span> <span class='ocrx_word' id='word_1_99' title='bbox 1045 3399 1161 3469; x_wconf 89' lang='lat' dir='ltr'><strong>virum</strong></span> 
     </span>
    </p>
   </div>
   <div class='ocr_carea' id='block_1_8' title="bbox 88 3520 1276 3617">
    <p class='ocr_par' dir='ltr' id='par_1_8' title="bbox 88 3520 1276 3617">
     <span class='ocr_line' id='line_1_17' title="bbox 88 3520 1276 3617; baseline 0.004 -28"><span class='ocrx_word' id='word_1_100' title='bbox 88 3522 202 3594; x_wconf 77' lang='lat' dir='ltr'><strong>fortem</strong></span> <span class='ocrx_word' id='word_1_101' title='bbox 217 3544 395 3614; x_wconf 88' lang='lat' dir='ltr'><strong>nunquam</strong></span> <span class='ocrx_word' id='word_1_102' title='bbox 417 3523 452 3596; x_wconf 85' lang='lat' dir='ltr'><strong>in</strong></span> <span class='ocrx_word' id='word_1_103' title='bbox 469 3521 702 3604; x_wconf 83' lang='lat' dir='ltr'><strong>mendacium,</strong></span> <span class='ocrx_word' id='word_1_104' title='bbox 720 3520 907 3614; x_wconf 87' lang='lat' dir='ltr'><strong>aliquando</strong></span> <span class='ocrx_word' id='word_1_105' title='bbox 924 3531 1039 3592; x_wconf 73' lang='lat' dir='ltr'><strong>autem</strong></span> <span class='ocrx_word' id='word_1_106' title='bbox 1058 3520 1092 3588; x_wconf 87' lang='lat' dir='ltr'><strong>irr</strong></span> <span class='ocrx_word' id='word_1_107' title='bbox 1113 3521 1161 3591; x_wconf 90' lang='lat' dir='ltr'><strong>si·</strong></span> <span class='ocrx_word' id='word_1_108' title='bbox 1274 3615 1276 3617; x_wconf 23' lang='grc'><strong>,</strong></span> 
     </span>
    </p>
   </div>
   <div class='ocr_carea' id='block_1_9' title="bbox 89 3642 1160 3861">
    <p class='ocr_par' dir='ltr' id='par_1_9' title="bbox 89 3642 1160 3861">
     <span class='ocr_line' id='line_1_18' title="bbox 89 3642 1160 3736; baseline 0.005 -25"><span class='ocrx_word' id='word_1_109' title='bbox 89 3643 223 3715; x_wconf 74' lang='lat' dir='ltr'><strong>lentium</strong></span> <span class='ocrx_word' id='word_1_110' title='bbox 238 3642 352 3735; x_wconf 82' lang='lat' dir='ltr'>cogit:</span> <span class='ocrx_word' id='word_1_111' title='bbox 380 3642 475 3736; x_wconf 90' lang='lat' dir='ltr'><strong>quod</strong></span> <span class='ocrx_word' id='word_1_112' title='bbox 495 3666 562 3736; x_wconf 82' lang='lat' dir='ltr'><strong>ego</strong></span> <span class='ocrx_word' id='word_1_113' title='bbox 581 3646 657 3715; x_wconf 88' lang='lat' dir='ltr'><strong>veri</strong></span> <span class='ocrx_word' id='word_1_114' title='bbox 679 3645 795 3717; x_wconf 81' lang='lat' dir='ltr'><strong>studio</strong></span> <span class='ocrx_word' id='word_1_115' title='bbox 808 3645 953 3719; x_wconf 82' lang='lat' dir='ltr'><strong>edoctus</strong></span> <span class='ocrx_word' id='word_1_116' title='bbox 967 3656 1001 3716; x_wconf 81' lang='lat' dir='ltr'><strong>et</strong></span> <span class='ocrx_word' id='word_1_117' title='bbox 1021 3655 1160 3716; x_wconf 77' lang='lat' dir='ltr'><strong>nuncet</strong></span> 
     </span>
     <span class='ocr_line' id='line_1_19' title="bbox 90 3766 1156 3861; baseline 0.002 -27"><span class='ocrx_word' id='word_1_118' title='bbox 90 3787 176 3861; x_wconf 71' lang='lat' dir='ltr'><strong>saepe</strong></span> <span class='ocrx_word' id='word_1_119' title='bbox 189 3767 286 3851; x_wconf 72' lang='lat' dir='ltr'><strong>alias</strong></span> <span class='ocrx_word' id='word_1_120' title='bbox 301 3766 369 3837; x_wconf 90' lang='lat' dir='ltr'><strong>nisi</strong></span> <span class='ocrx_word' id='word_1_121' title='bbox 384 3778 566 3859; x_wconf 72' lang='lat' dir='ltr'><strong>postquam</strong></span> <span class='ocrx_word' id='word_1_122' title='bbox 579 3789 648 3840; x_wconf 89' lang='lat' dir='ltr'><strong>non</strong></span> <span class='ocrx_word' id='word_1_123' title='bbox 661 3769 796 3839; x_wconf 83' lang='lat' dir='ltr'><strong>loeutus</strong></span> <span class='ocrx_word' id='word_1_124' title='bbox 807 3789 888 3839; x_wconf 89' lang='lat' dir='ltr'><strong>esse</strong></span> <span class='ocrx_word' id='word_1_125' title='bbox 906 3771 974 3840; x_wconf 86' lang='lat' dir='ltr'><strong>nbu</strong></span> <span class='ocrx_word' id='word_1_126' title='bbox 988 3779 1156 3860; x_wconf 82' lang='lat' dir='ltr'><strong>poteram,</strong></span> 
     </span>
    </p>
   </div>
   <div class='ocr_carea' id='block_1_10' title="bbox 90 3889 1160 4231">
    <p class='ocr_par' dir='ltr' id='par_1_10' title="bbox 90 3889 1160 4231">
     <span class='ocr_line' id='line_1_20' title="bbox 90 3889 1160 3983; baseline 0.006 -26"><span class='ocrx_word' id='word_1_127' title='bbox 90 3911 150 3961; x_wconf 86' lang='lat' dir='ltr'><strong>nen</strong></span> <span class='ocrx_word' id='word_1_128' title='bbox 163 3889 312 3962; x_wconf 86' lang='lat' dir='ltr'><strong>adverti.</strong></span> <span class='ocrx_word' id='word_1_129' title='bbox 326 3890 370 3960; x_wconf 78' lang='lat' dir='ltr'><strong>Er</strong></span> <span class='ocrx_word' id='word_1_130' title='bbox 389 3889 424 3960; x_wconf 91' lang='lat' dir='ltr'><strong>in</strong></span> <span class='ocrx_word' id='word_1_131' title='bbox 438 3909 598 3962; x_wconf 83' lang='lat' dir='ltr'><strong>sermone</strong></span> <span class='ocrx_word' id='word_1_132' title='bbox 612 3889 751 3983; x_wconf 90' lang='lat' dir='ltr'><strong>quidem</strong></span> <span class='ocrx_word' id='word_1_133' title='bbox 770 3901 892 3977; x_wconf 80' lang='lat' dir='ltr'><strong>mutuo</strong></span> <span class='ocrx_word' id='word_1_134' title='bbox 913 3913 1057 3983; x_wconf 90' lang='lat' dir='ltr'><strong>prorsus</strong></span> <span class='ocrx_word' id='word_1_135' title='bbox 1074 3891 1160 3963; x_wconf 91' lang='lat' dir='ltr'><strong>irre-</strong></span> 
     </span>
     <span class='ocr_line' id='line_1_21' title="bbox 91 4011 1158 4106; baseline 0.004 -26"><span class='ocrx_word' id='word_1_136' title='bbox 91 4012 239 4084; x_wconf 80' lang='lat' dir='ltr'><strong>meabilis</strong></span> <span class='ocrx_word' id='word_1_137' title='bbox 252 4023 307 4085; x_wconf 78' lang='lat' dir='ltr'><strong>est</strong></span> <span class='ocrx_word' id='word_1_138' title='bbox 323 4034 411 4084; x_wconf 83' lang='lat' dir='ltr'>vox:</span> <span class='ocrx_word' id='word_1_139' title='bbox 428 4011 461 4082; x_wconf 89' lang='lat' dir='ltr'><strong>in</strong></span> <span class='ocrx_word' id='word_1_140' title='bbox 479 4015 617 4106; x_wconf 82' lang='lat' dir='ltr'><strong>seriptis</strong></span> <span class='ocrx_word' id='word_1_141' title='bbox 636 4036 721 4085; x_wconf 88' lang='lat' dir='ltr'><strong>vero</strong></span> <span class='ocrx_word' id='word_1_142' title='bbox 734 4013 953 4086; x_wconf 87' lang='lat' dir='ltr'><strong>liberioribus</strong></span> <span class='ocrx_word' id='word_1_143' title='bbox 966 4013 1158 4087; x_wconf 88' lang='lat' dir='ltr'><strong>remedium</strong></span> 
     </span>
     <span class='ocr_line' id='line_1_22' title="bbox 92 4137 1158 4231; baseline 0.005 -27"><span class='ocrx_word' id='word_1_144' title='bbox 92 4145 138 4206; x_wconf 84' lang='lat' dir='ltr'><strong>est</strong></span> <span class='ocrx_word' id='word_1_145' title='bbox 157 4140 213 4210; x_wconf 86' lang='lat' dir='ltr'><strong>vel</strong></span> <span class='ocrx_word' id='word_1_146' title='bbox 232 4137 448 4231; x_wconf 87' lang='lat' dir='ltr'><strong>supprimere</strong></span> <span class='ocrx_word' id='word_1_147' title='bbox 468 4138 524 4209; x_wconf 81' lang='lat' dir='ltr'><strong>vei</strong></span> <span class='ocrx_word' id='word_1_148' title='bbox 542 4137 658 4210; x_wconf 89' lang='lat' dir='ltr'><strong>delere</strong></span> <span class='ocrx_word' id='word_1_149' title='bbox 679 4137 773 4231; x_wconf 87' lang='lat' dir='ltr'><strong>quod</strong></span> <span class='ocrx_word' id='word_1_150' title='bbox 791 4137 983 4231; x_wconf 86' lang='lat' dir='ltr'><strong>scripseris.</strong></span> <span class='ocrx_word' id='word_1_151' title='bbox 1005 4140 1158 4212; x_wconf 89' lang='lat' dir='ltr'><strong>Primum</strong></span> 
     </span>
    </p>
   </div>
   <div class='ocr_carea' id='block_1_11' title="bbox 0 0 1370 4680">
    <p class='ocr_par' dir='ltr' id='par_1_11' title="bbox 0 0 1370 4680">
     <span class='ocr_line' id='line_1_23' title="bbox 0 0 1370 4680; baseline 0 0"><span class='ocrx_word' id='word_1_152' title='bbox 0 0 1370 4680; x_wconf 95' lang='lat' dir='ltr'><strong> </strong></span> 
     </span>
    </p>
   </div>
  </div>
 </body>
</html>
