2940 4650
558 321 716 371 appannis
737 322 954 376 blnnualauu.

635 564 813 630 EPISTOLA
833 567 878 631 vl

302 719 496 783 nnnnclsous
518 734 687 784 Punnnncn
707 736 797 786 LUGAE
818 738 1012 790 oualsnlnllo
1037 743 1246 794 PRAEPOSITO

460 839 485 887 S.
509 839 662 889 ANTONINI
683 841 869 891 PLAGEN'IIAE
890 843 917 893 S.
938 844 966 893 P.
989 847 1022 894 n.

321 979 360 1032 Ilo
377 979 476 1033 iisdem
493 979 577 1033 rebus
593 996 654 1050 quae
670 979 703 1032 ad
721 980 877 1052 Olympium
892 983 992 1040 litteris
1005 985 1041 1055 2,
1064 987 1099 1058 3,
1117 988 1141 1041 le
1156 995 1187 1043 et
1203 989 1221 1043 5

539 1075 602 1129 libri
617 1075 681 1129 VIII
697 1075 773 1131 Fam.
790 1078 890 1150 scripta
908 1086 983 1135 sunt.

318 1321 434 1390 Motus
460 1317 594 1389 crebris
629 1318 768 1411 quidem
802 1331 837 1390 et
869 1320 993 1392 validis
1030 1323 1213 1413 precibus
1248 1347 1316 1395 ma-

220 1438 336 1533 gnifici
362 1440 517 1511 Paduani
538 1440 681 1524 domini,
710 1442 765 1511 coi
792 1452 928 1534 propter
955 1443 1185 1533 singularem
1213 1455 1313 1536 atque

221 1562 400 1653 egregiam
438 1561 690 1632 humanitatem
728 1584 828 1635 suam
866 1585 969 1635 carus
1006 1587 1091 1637 esse
1131 1588 1311 1660 coeperam

222 1686 342 1756 multis
363 1686 463 1757 annis
486 1692 566 1756 ante
590 1707 694 1778 quam
720 1686 894 1776 cognitos,
921 1698 958 1759 et
982 1680 1123 1759 veritus
1154 1711 1202 1760 ne
1228 1689 1310 1759 milri

220 1809 278 1879 vel
305 1808 440 1879 inertiae
467 1806 724 1880 adscriberetur
757 1809 813 1878 vel
840 1793 1027 1901 superbiae,
1058 1809 1089 1881 si
1117 1811 1211 1882 tanti
1246 1810 1306 1882 viri

221 1944 290 2002 tani
306 1933 481 2002 intensum
496 1929 708 2003 desiderium
727 1929 858 2000 diutius
876 1929 1104 2017 distulissem,
1121 1932 1171 2004 de
1185 1934 1307 2003 Parma

220 2053 369 2126 discessi
390 2054 433 2123 X.
452 2053 565 2123 Martii
587 2053 672 2122 bora
689 2051 755 2134 lll;
773 2052 813 2121 V.
826 2064 940 2123 autem
954 2050 1034 2123 Maii
1049 2052 1137 2125 bora
1158 2055 1219 2125 IX.
1239 2058 1308 2126 Deo

216 2177 339 2265 dante,
376 2197 484 2247 sanus
519 2175 703 2247 incolumis
738 2196 814 2246 sum
847 2197 1024 2247 reversus.
1058 2175 1103 2245 Et
1137 2188 1179 2249 ut
1210 2179 1305 2270 prius

221 2297 406 2390 expediam
428 2297 524 2390 quod
545 2306 578 2368 te
598 2298 766 2392 primum,
789 2300 906 2379 irater,
925 2305 1113 2388 expectare
1135 2298 1304 2384 arbitror,

220 2419 370 2512 qualiter
392 2419 523 2523 scilicet
542 2442 606 2513 per
634 2419 729 2489 illum
758 2419 978 2490 mitissimum
1000 2426 1105 2511 atque
1133 2422 1305 2514 optimum

221 2543 400 2613 dominum
422 2540 522 2611 visus
545 2561 621 2611 sum
643 2542 861 2634 qualiterque
887 2551 1066 2623 tractatus
1100 2541 1171 2614 boo
1201 2568 1304 2616 unum

222 2661 358 2733 dixisse
378 2659 503 2746 velim,
526 2660 571 2731 de
593 2661 650 2731 illo
672 2660 810 2754 quidem
834 2663 957 2733 merito
981 2662 1047 2734 dici
1076 2684 1186 2755 posse
1212 2665 1306 2758 quod

223 2784 271 2855 ait
290 2783 334 2855 de
355 2783 565 2876 Carthagine
586 2784 783 2868 Sallustius,
809 2806 889 2855 esse
909 2783 952 2854 de
973 2783 1109 2855 actibus
1132 2788 1212 2858 suis
1233 2809 1306 2858 me-

222 2909 289 2980 lius
311 2919 426 2980 tacere
447 2931 551 3001 quam
574 2928 696 3002 parum
717 2907 822 2998 loqui.
845 2907 956 2978 Unum
986 2928 1068 2978 sane
1106 2905 1153 2978 de
1187 2910 1305 2981 mullis

223 3032 377 3102 omnium
404 3033 616 3116 maximum,
638 3031 776 3121 vulgari
796 3032 884 3100 forte
909 3029 1050 3114 iudici0‚
1072 3052 1153 3101 meo
1176 3042 1304 3118 autem,

223 3152 289 3222 etsi
312 3173 474 3247 magnum
504 3153 538 3222 in
561 3174 608 3236 se,
633 3153 802 3225 maiorum
826 3160 939 3222 tamen
960 3137 1222 3244 comparatione
1243 3159 1308 3227 mi-

223 3274 497 3359 nimumdicam,
518 3285 555 3344 ut
570 3275 760 3345 fraternum
773 3273 925 3345 animum
944 3273 1187 3367 prosperitatis
1206 3297 1306 3361 meac,

223 3420 289 3471 seu
309 3398 430 3469 verius
444 3407 585 3482 nostrae‚
601 3396 802 3491 participem
825 3395 947 3468 faciam
968 3396 1012 3467 de
1033 3394 1240 3489 longinquo.
1256 3400 1310 3471 Si·

223 3519 364 3614 quidem
391 3540 586 3612 generosus
606 3518 663 3589 ille
684 3541 821 3625 semper
846 3532 881 3592 et
906 3518 1195 3594 artificiosissime
1222 3524 1309 3597 libe·

224 3645 306 3716 ralis
328 3623 445 3716 mores
465 3664 563 3713 meos
584 3653 687 3735 atque
708 3643 860 3714 animum
883 3643 1014 3714 solicite
1031 3649 1308 3739 contemplatus,

225 3781 263 3840 ut
284 3789 339 3838 me
359 3767 403 3839 ad
426 3765 634 3838 trahendum
661 3764 830 3836 interdum
853 3765 981 3836 Paduae
1006 3787 1141 3837 moram
1164 3768 1312 3845 honori-

225 3890 301 3962 ficis
334 3888 554 3983 quibusdam,
577 3896 615 3959 ut
648 3888 693 3958 ita
727 3887 849 3973 dicam,
869 3886 1096 3981 compedibus
1126 3892 1310 3986 alligaret,

226 4014 388 4083 iuvenem
402 3989 588 4104 quemdam
606 4011 808 4083 canonicum
826 4012 1025 4083 Paduanum
1046 4014 1226 4102 sanguine
1246 4019 1314 4092 sibi

228 4135 447 4205 coniunctum
474 4157 536 4226 per
562 4135 653 4203 viam
687 4133 952 4225 permutationis
982 4133 1026 4204 ad
1057 4125 1314 4228 resignandam
