2992 4664
248 301 307 360 ‘atti
705 309 866 356 vinricort

248 459 307 547 qui
327 467 362 527 et
383 457 458 549 ipse
479 454 640 525 dominns
661 476 761 524 meus
785 463 861 524 erat
880 450 1164 542 benignissimus,
1185 453 1335 523 misera-

247 577 351 648 bilem
378 600 498 650 casum
531 600 597 648 non
624 577 670 648 lui
701 597 810 648 ansus
841 575 875 645 in
909 575 1018 646 literis
1043 574 1120 645 eius
1146 567 1331 665 attingere.

248 701 335 770 Heni
360 701 446 773 satis
468 700 602 794 absque
619 699 675 769 illa
697 721 788 770 nunc
813 699 1013 769 accessione
1034 695 1226 788 gemituum
1243 705 1330 766 erat.

750 936 827 944 .—

665 1171 843 1235 EPlSTOLd
866 1172 897 1232 V.

294 1339 488 1390 FRANCISGUS
510 1337 679 1387 PETRARCA
701 1337 869 1386 NlGOLOSlO
890 1338 1127 1388 BARTHOLOMAEI
1147 1338 1281 1388 LUGENSl

741 1437 766 1484 S.
790 1437 818 1483 P.
841 1437 871 1484 D.

355 1574 524 1628 Litterarum
539 1589 608 1644 quas
622 1590 638 1627 a
652 1573 756 1626 Senatu
769 1571 928 1642 populoque
944 1571 1106 1626 Florentino
1120 1572 1239 1641 reecpit,

506 1668 534 1718 et
548 1662 738 1734 responsionis
753 1678 810 1718 suae
825 1661 910 1717 mittit
924 1661 1075 1734 exemplar.

344 1899 486 1972 Amicus
507 1914 627 1973 noster
647 1901 856 1983 communis,
878 1921 948 1992 quo
966 1899 1052 1969 nihil
1073 1895 1221 1983 fidelius,
1244 1898 1330 1969 nihil

247 2032 462 2116 potestesse
484 2024 671 2107 sincerius,
695 2045 791 2119 saepe
816 2021 996 2095 admonuit
1017 2034 1054 2094 ut
1072 2033 1107 2093 te
1128 2023 1215 2094 meis
1239 2023 1330 2094 litte

247 2148 296 2220 ris
316 2147 507 2219 visitarem.
536 2147 717 2219 Excusavi
745 2169 837 2218 nunc
868 2146 1132 2237 occupationum
1152 2145 1330 2216 variarum

248 2270 385 2342 turbam
410 2269 538 2341 adesse
559 2271 741 2352 dictitans,
769 2292 862 2341 nunc
882 2267 1057 2340 scribendi
1077 2268 1204 2339 deesse
1225 2277 1332 2337 mate-

247 2395 345 2464 riam.
377 2393 478 2462 Nunc
505 2402 621 2462 autem
644 2393 859 2464 occasionem
887 2401 1025 2475 nactus,
1052 2412 1155 2462 omne
1175 2412 1331 2460 mearum

247 2514 515 2585 excusationum
535 2513 682 2584 dimovit
713 2513 946 2599 obstaculum,
975 2526 1096 2610 petens
1126 2524 1163 2584 ut
1190 2514 1350 2585 Florem.

248 2636 310 2706 tini
332 2636 481 2705 Senatus
503 2635 636 2706 litteras
656 2635 882 2708 humanitatis
895 2638 1052 2720 eximiae,
1067 2658 1159 2708 novo
1179 2636 1330 2728 quodam

246 2769 282 2828 et
301 2756 440 2828 insolito
466 2765 502 2828 et
527 2757 681 2848 inaudito
701 2780 831 2849 genere
857 2757 1016 2843 honoris,
1043 2758 1218 2854 publicum
1246 2781 1331 2849 erga

246 2903 304 2953 me
327 2891 493 2953 testantes
514 2882 675 2953 allectum
699 2882 970 2968 obmitterem,
1000 2879 1180 2953 commoda
1207 2891 1243 2952 et
1268 2880 1331 2953 ho-

246 3023 351 3073 nores
379 3026 476 3075 meos
503 3005 774 3097 praecordialiter
802 3006 982 3097 gavisuro.
1017 3006 1128 3096 Digna
1160 3028 1217 3077 res
1250 3005 1329 3076 visa

247 3133 313 3209 est,
329 3126 447 3216 inqua
466 3127 531 3197 sibi
554 3150 685 3200 morem
707 3151 877 3221 gererem.
899 3129 998 3199 lllitto
1019 3130 1123 3220 igitur
1140 3137 1175 3198 et
1192 3129 1328 3199 illorum

247 3248 429 3339 exemplar
441 3247 608 3339 epistolae,
627 3261 662 3321 et
682 3251 843 3346 responsi
864 3251 940 3335 mei,
961 3262 999 3322 nt
1012 3250 1185 3343 intelligas
1198 3262 1329 3343 quanto

248 3369 363 3441 adhuc
379 3380 476 3440 esset
496 3369 530 3440 in
544 3373 655 3464 pretio
671 3395 758 3444 vera
782 3375 906 3459 virtus,
925 3374 953 3445 si
967 3396 1116 3466 usquam
1135 3384 1327 3467 appareret,

248 3492 388 3583 qnando
413 3494 538 3565 lalsum
565 3494 640 3565 eius
662 3516 788 3567 nomen
811 3518 883 3568 non
903 3495 1103 3590 despicitur.
1127 3495 1222 3566 Vale.
