<?xml version="1.0" encoding="UTF-8"?>
<!DOCTYPE html PUBLIC "-//W3C//DTD XHTML 1.0 Transitional//EN"
    "http://www.w3.org/TR/xhtml1/DTD/xhtml1-transitional.dtd">
<html xmlns="http://www.w3.org/1999/xhtml" xml:lang="en" lang="en">
 <head>
  <title>
</title>
<meta http-equiv="Content-Type" content="text/html;charset=utf-8" />
  <meta name='ocr-system' content='tesseract 3.04.00' />
  <meta name='ocr-capabilities' content='ocr_page ocr_carea ocr_par ocr_line ocrx_word'/>
</head>
<body>
  <div class='ocr_page' id='page_1' title='image "./franciscipetrar00fracgoog_0445.png"; bbox 0 0 2934 4650; ppageno 0'>
   <div class='ocr_carea' id='block_1_1' title="bbox 222 305 845 366">
    <p class='ocr_par' dir='ltr' id='par_1_1' title="bbox 222 305 845 366">
     <span class='ocr_line' id='line_1_1' title="bbox 222 305 845 366; baseline -0.002 -2"><span class='ocrx_word' id='word_1_1' title='bbox 222 305 282 366; x_wconf 71' lang='grc'><strong>430</strong></span> <span class='ocrx_word' id='word_1_2' title='bbox 683 315 845 365; x_wconf 76' lang='lat' dir='ltr'><strong>vllsslllllll</strong></span> 
     </span>
    </p>
   </div>
   <div class='ocr_carea' id='block_1_2' title="bbox 129 454 1408 4214">
    <p class='ocr_par' dir='ltr' id='par_1_2' title="bbox 129 454 1408 4214">
     <span class='ocr_line' id='line_1_2' title="bbox 221 454 1407 546; baseline -0.003 -15"><span class='ocrx_word' id='word_1_3' title='bbox 221 463 340 533; x_wconf 82' lang='lat' dir='ltr'><strong>forsan</strong></span> <span class='ocrx_word' id='word_1_4' title='bbox 372 459 508 538; x_wconf 82' lang='lat' dir='ltr'><strong>infelix,</strong></span> <span class='ocrx_word' id='word_1_5' title='bbox 544 457 606 528; x_wconf 90' lang='lat' dir='ltr'><strong>sed</strong></span> <span class='ocrx_word' id='word_1_6' title='bbox 642 455 771 528; x_wconf 89' lang='lat' dir='ltr'><strong>virtute</strong></span> <span class='ocrx_word' id='word_1_7' title='bbox 804 454 910 526; x_wconf 91' lang='lat' dir='ltr'><strong>animi</strong></span> <span class='ocrx_word' id='word_1_8' title='bbox 943 455 1181 525; x_wconf 87' lang='lat' dir='ltr'><strong>felicissimus</strong></span> <span class='ocrx_word' id='word_1_9' title='bbox 1205 462 1319 546; x_wconf 89' lang='lat' dir='ltr'><strong>pater</strong></span> <span class='ocrx_word' id='word_1_10' title='bbox 1406 522 1407 527; x_wconf 75' lang='grc'>,</span> 
     </span>
     <span class='ocr_line' id='line_1_3' title="bbox 222 574 1315 668; baseline -0.009 -16"><span class='ocrx_word' id='word_1_11' title='bbox 222 592 333 654; x_wconf 88' lang='lat' dir='ltr'><strong>morte</strong></span> <span class='ocrx_word' id='word_1_12' title='bbox 366 580 557 660; x_wconf 89' lang='lat' dir='ltr'><strong>muletavit,</strong></span> <span class='ocrx_word' id='word_1_13' title='bbox 594 578 749 649; x_wconf 86' lang='lat' dir='ltr'><strong>sanctius</strong></span> <span class='ocrx_word' id='word_1_14' title='bbox 782 577 961 648; x_wconf 87' lang='lat' dir='ltr'><strong>aestimans</strong></span> <span class='ocrx_word' id='word_1_15' title='bbox 992 575 1060 646; x_wconf 92' lang='lat' dir='ltr'><strong>sibi</strong></span> <span class='ocrx_word' id='word_1_16' title='bbox 1092 574 1195 646; x_wconf 88' lang='lat' dir='ltr'><strong>filios</strong></span> <span class='ocrx_word' id='word_1_17' title='bbox 1230 574 1315 668; x_wconf 90' lang='lat' dir='ltr'><strong>eripi</strong></span> 
     </span>
     <span class='ocr_line' id='line_1_4' title="bbox 222 698 1315 798; baseline -0.007 -24"><span class='ocrx_word' id='word_1_18' title='bbox 222 725 325 795; x_wconf 91' lang='lat' dir='ltr'><strong>quam</strong></span> <span class='ocrx_word' id='word_1_19' title='bbox 346 704 469 798; x_wconf 74' lang='lat' dir='ltr'><strong>patriae</strong></span> <span class='ocrx_word' id='word_1_20' title='bbox 489 701 693 773; x_wconf 87' lang='lat' dir='ltr'><strong>libertatem.</strong></span> <span class='ocrx_word' id='word_1_21' title='bbox 716 699 882 790; x_wconf 82' lang='lat' dir='ltr'>Idemque</span> <span class='ocrx_word' id='word_1_22' title='bbox 902 719 1046 793; x_wconf 89' lang='lat' dir='ltr'><strong>prorsus</strong></span> <span class='ocrx_word' id='word_1_23' title='bbox 1075 698 1110 767; x_wconf 93' lang='lat' dir='ltr'><strong>in</strong></span> <span class='ocrx_word' id='word_1_24' title='bbox 1136 699 1210 769; x_wconf 90' lang='lat' dir='ltr'><strong>hae</strong></span> <span class='ocrx_word' id='word_1_25' title='bbox 1227 707 1315 768; x_wconf 92' lang='lat' dir='ltr'><strong>tem·</strong></span> 
     </span>
     <span class='ocr_line' id='line_1_5' title="bbox 223 820 1314 921; baseline -0.011 -23"><span class='ocrx_word' id='word_1_26' title='bbox 223 835 356 921; x_wconf 88' lang='lat' dir='ltr'><strong>pestate</strong></span> <span class='ocrx_word' id='word_1_27' title='bbox 377 836 577 919; x_wconf 89' lang='lat' dir='ltr'><strong>permetuo,</strong></span> <span class='ocrx_word' id='word_1_28' title='bbox 593 844 705 914; x_wconf 91' lang='lat' dir='ltr'><strong>eoque</strong></span> <span class='ocrx_word' id='word_1_29' title='bbox 727 821 839 912; x_wconf 82' lang='lat' dir='ltr'><strong>magis</strong></span> <span class='ocrx_word' id='word_1_30' title='bbox 859 843 929 913; x_wconf 89' lang='lat' dir='ltr'><strong>quo</strong></span> <span class='ocrx_word' id='word_1_31' title='bbox 950 820 1129 912; x_wconf 78' lang='lat' dir='ltr'>fragiliora</span> <span class='ocrx_word' id='word_1_32' title='bbox 1155 842 1257 890; x_wconf 89' lang='lat' dir='ltr'><strong>nunc</strong></span> <span class='ocrx_word' id='word_1_33' title='bbox 1281 827 1314 889; x_wconf 91' lang='lat' dir='ltr'><strong>et</strong></span> 
     </span>
     <span class='ocr_line' id='line_1_6' title="bbox 222 942 1400 1038; baseline -0.01 -19"><span class='ocrx_word' id='word_1_34' title='bbox 222 950 427 1020; x_wconf 89' lang='lat' dir='ltr'><strong>volubiliora</strong></span> <span class='ocrx_word' id='word_1_35' title='bbox 448 957 529 1018; x_wconf 94' lang='lat' dir='ltr'><strong>sunt</strong></span> <span class='ocrx_word' id='word_1_36' title='bbox 548 956 695 1038; x_wconf 80' lang='lat' dir='ltr'>pectora.</span> <span class='ocrx_word' id='word_1_37' title='bbox 718 945 911 1015; x_wconf 86' lang='lat' dir='ltr'><strong>Permultos</strong></span> <span class='ocrx_word' id='word_1_38' title='bbox 929 942 1146 1014; x_wconf 81' lang='lat' dir='ltr'><strong>arbitramur</strong></span> <span class='ocrx_word' id='word_1_39' title='bbox 1167 945 1310 1012; x_wconf 83' lang='lat' dir='ltr'><strong>futuros</strong></span> <span class='ocrx_word' id='word_1_40' title='bbox 1397 965 1400 970; x_wconf 64' lang='grc'>’</span> 
     </span>
     <span class='ocr_line' id='line_1_7' title="bbox 222 1064 1310 1163; baseline -0.009 -21"><span class='ocrx_word' id='word_1_41' title='bbox 222 1071 355 1163; x_wconf 88' lang='lat' dir='ltr'><strong>quibus</strong></span> <span class='ocrx_word' id='word_1_42' title='bbox 373 1072 431 1142; x_wconf 91' lang='lat' dir='ltr'><strong>vel</strong></span> <span class='ocrx_word' id='word_1_43' title='bbox 456 1071 568 1141; x_wconf 90' lang='lat' dir='ltr'><strong>mixto</strong></span> <span class='ocrx_word' id='word_1_44' title='bbox 599 1069 768 1158; x_wconf 80' lang='lat' dir='ltr'><strong>sanguine</strong></span> <span class='ocrx_word' id='word_1_45' title='bbox 792 1088 872 1137; x_wconf 87' lang='lat' dir='ltr'><strong>eum</strong></span> <span class='ocrx_word' id='word_1_46' title='bbox 898 1067 1067 1161; x_wconf 83' lang='lat' dir='ltr'><strong>tyrannis,</strong></span> <span class='ocrx_word' id='word_1_47' title='bbox 1098 1065 1161 1134; x_wconf 89' lang='lat' dir='ltr'><strong>vel</strong></span> <span class='ocrx_word' id='word_1_48' title='bbox 1185 1064 1310 1133; x_wconf 91' lang='lat' dir='ltr'><strong>miser-</strong></span> 
     </span>
     <span class='ocr_line' id='line_1_8' title="bbox 222 1186 1307 1283; baseline -0.007 -21"><span class='ocrx_word' id='word_1_49' title='bbox 222 1192 308 1263; x_wconf 88' lang='lat' dir='ltr'><strong>rima</strong></span> <span class='ocrx_word' id='word_1_50' title='bbox 328 1191 579 1263; x_wconf 85' lang='lat' dir='ltr'><strong>consuetudine</strong></span> <span class='ocrx_word' id='word_1_51' title='bbox 607 1189 785 1261; x_wconf 86' lang='lat' dir='ltr'><strong>serviendi</strong></span> <span class='ocrx_word' id='word_1_52' title='bbox 810 1209 1019 1283; x_wconf 90' lang='lat' dir='ltr'><strong>persuasum</strong></span> <span class='ocrx_word' id='word_1_53' title='bbox 1042 1186 1087 1257; x_wconf 92' lang='lat' dir='ltr'><strong>sit</strong></span> <span class='ocrx_word' id='word_1_54' title='bbox 1108 1186 1307 1259; x_wconf 86' lang='lat' dir='ltr'><strong>dulciorem</strong></span> 
     </span>
     <span class='ocr_line' id='line_1_9' title="bbox 221 1309 1304 1402; baseline -0.002 -21"><span class='ocrx_word' id='word_1_55' title='bbox 221 1334 302 1391; x_wconf 86' lang='lat' dir='ltr'><strong>esse</strong></span> <span class='ocrx_word' id='word_1_56' title='bbox 337 1313 501 1382; x_wconf 90' lang='lat' dir='ltr'><strong>servilem</strong></span> <span class='ocrx_word' id='word_1_57' title='bbox 535 1313 730 1402; x_wconf 84' lang='lat' dir='ltr'><strong>crapulam,</strong></span> <span class='ocrx_word' id='word_1_58' title='bbox 764 1333 870 1402; x_wconf 90' lang='lat' dir='ltr'><strong>quam</strong></span> <span class='ocrx_word' id='word_1_59' title='bbox 902 1311 1053 1382; x_wconf 89' lang='lat' dir='ltr'><strong>sobriam</strong></span> <span class='ocrx_word' id='word_1_60' title='bbox 1087 1309 1304 1390; x_wconf 88' lang='lat' dir='ltr'><strong>libertatem,</strong></span> 
     </span>
     <span class='ocr_line' id='line_1_10' title="bbox 220 1433 1306 1526; baseline -0.003 -22"><span class='ocrx_word' id='word_1_61' title='bbox 220 1436 281 1526; x_wconf 86' lang='lat' dir='ltr'><strong>qui</strong></span> <span class='ocrx_word' id='word_1_62' title='bbox 302 1455 340 1504; x_wconf 92' lang='lat' dir='ltr'><strong>se</strong></span> <span class='ocrx_word' id='word_1_63' title='bbox 362 1433 493 1523; x_wconf 80' lang='lat' dir='ltr'><strong>grande</strong></span> <span class='ocrx_word' id='word_1_64' title='bbox 515 1433 646 1525; x_wconf 90' lang='lat' dir='ltr'><strong>aliquid</strong></span> <span class='ocrx_word' id='word_1_65' title='bbox 664 1444 890 1505; x_wconf 90' lang='lat' dir='ltr'><strong>assecuturos</strong></span> <span class='ocrx_word' id='word_1_66' title='bbox 911 1444 1042 1526; x_wconf 86' lang='lat' dir='ltr'><strong>putant,</strong></span> <span class='ocrx_word' id='word_1_67' title='bbox 1058 1433 1090 1503; x_wconf 91' lang='lat' dir='ltr'><strong>si</strong></span> <span class='ocrx_word' id='word_1_68' title='bbox 1104 1435 1306 1504; x_wconf 84' lang='lat' dir='ltr'><strong>salutentur</strong></span> 
     </span>
     <span class='ocr_line' id='line_1_11' title="bbox 221 1554 1303 1650; baseline 0 -25"><span class='ocrx_word' id='word_1_69' title='bbox 221 1558 255 1637; x_wconf 90' lang='lat' dir='ltr'><strong>in</strong></span> <span class='ocrx_word' id='word_1_70' title='bbox 278 1555 433 1650; x_wconf 88' lang='lat' dir='ltr'><strong>publico,</strong></span> <span class='ocrx_word' id='word_1_71' title='bbox 456 1564 694 1638; x_wconf 81' lang='lat' dir='ltr'><strong>accersantur,</strong></span> <span class='ocrx_word' id='word_1_72' title='bbox 717 1557 906 1647; x_wconf 77' lang='lat' dir='ltr'><strong>fatigentur</strong></span> <span class='ocrx_word' id='word_1_73' title='bbox 926 1554 1103 1636; x_wconf 88' lang='lat' dir='ltr'><strong>obscoenis</strong></span> <span class='ocrx_word' id='word_1_74' title='bbox 1129 1556 1303 1647; x_wconf 90' lang='lat' dir='ltr'><strong>imperiis,</strong></span> 
     </span>
     <span class='ocr_line' id='line_1_12' title="bbox 221 1678 1303 1777; baseline -0.004 -26"><span class='ocrx_word' id='word_1_75' title='bbox 221 1678 362 1751; x_wconf 91' lang='lat' dir='ltr'><strong>tandem</strong></span> <span class='ocrx_word' id='word_1_76' title='bbox 394 1678 540 1777; x_wconf 86' lang='lat' dir='ltr'><strong>infames</strong></span> <span class='ocrx_word' id='word_1_77' title='bbox 574 1690 609 1747; x_wconf 93' lang='lat' dir='ltr'><strong>et</strong></span> <span class='ocrx_word' id='word_1_78' title='bbox 642 1678 775 1750; x_wconf 89' lang='lat' dir='ltr'><strong>sordidi</strong></span> <span class='ocrx_word' id='word_1_79' title='bbox 810 1678 967 1771; x_wconf 87' lang='lat' dir='ltr'><strong>parasiti,</strong></span> <span class='ocrx_word' id='word_1_80' title='bbox 1002 1679 1131 1770; x_wconf 92' lang='lat' dir='ltr'><strong>iniquis</strong></span> <span class='ocrx_word' id='word_1_81' title='bbox 1170 1679 1303 1749; x_wconf 89' lang='lat' dir='ltr'><strong>mensis</strong></span> 
     </span>
     <span class='ocr_line' id='line_1_13' title="bbox 221 1798 1303 1895; baseline 0.005 -26"><span class='ocrx_word' id='word_1_82' title='bbox 221 1798 400 1871; x_wconf 87' lang='lat' dir='ltr'><strong>assideant</strong></span> <span class='ocrx_word' id='word_1_83' title='bbox 423 1809 662 1895; x_wconf 77' lang='lat' dir='ltr'><strong>tyrannorum,</strong></span> <span class='ocrx_word' id='word_1_84' title='bbox 690 1811 794 1893; x_wconf 92' lang='lat' dir='ltr'><strong>atque</strong></span> <span class='ocrx_word' id='word_1_85' title='bbox 820 1801 951 1894; x_wconf 89' lang='lat' dir='ltr'><strong>aliquid</strong></span> <span class='ocrx_word' id='word_1_86' title='bbox 971 1803 1016 1875; x_wconf 94' lang='lat' dir='ltr'><strong>de</strong></span> <span class='ocrx_word' id='word_1_87' title='bbox 1036 1799 1197 1893; x_wconf 89' lang='lat' dir='ltr'><strong>reliquiis</strong></span> <span class='ocrx_word' id='word_1_88' title='bbox 1212 1803 1303 1892; x_wconf 80' lang='lat' dir='ltr'><strong>gulae</strong></span> 
     </span>
     <span class='ocr_line' id='line_1_14' title="bbox 222 1921 1303 2015; baseline -0.002 -24"><span class='ocrx_word' id='word_1_89' title='bbox 222 1932 290 1992; x_wconf 88' lang='lat' dir='ltr'><strong>tam</strong></span> <span class='ocrx_word' id='word_1_90' title='bbox 317 1923 453 2014; x_wconf 88' lang='lat' dir='ltr'><strong>capacis</strong></span> <span class='ocrx_word' id='word_1_91' title='bbox 486 1921 708 1993; x_wconf 88' lang='lat' dir='ltr'><strong>absorbeant.</strong></span> <span class='ocrx_word' id='word_1_92' title='bbox 736 1925 818 1994; x_wconf 86' lang='lat' dir='ltr'><strong>llaec</strong></span> <span class='ocrx_word' id='word_1_93' title='bbox 841 1923 934 1994; x_wconf 92' lang='lat' dir='ltr'><strong>enim</strong></span> <span class='ocrx_word' id='word_1_94' title='bbox 959 1925 1110 2015; x_wconf 91' lang='lat' dir='ltr'><strong>profecto</strong></span> <span class='ocrx_word' id='word_1_95' title='bbox 1137 1943 1211 1992; x_wconf 94' lang='lat' dir='ltr'><strong>non</strong></span> <span class='ocrx_word' id='word_1_96' title='bbox 1238 1921 1303 1992; x_wconf 91' lang='lat' dir='ltr'><strong>alia</strong></span> 
     </span>
     <span class='ocr_line' id='line_1_15' title="bbox 220 2042 1303 2126; baseline -0.002 -12"><span class='ocrx_word' id='word_1_97' title='bbox 220 2044 428 2115; x_wconf 89' lang='lat' dir='ltr'><strong>miserorum</strong></span> <span class='ocrx_word' id='word_1_98' title='bbox 447 2044 584 2126; x_wconf 87' lang='lat' dir='ltr'><strong>solatia,</strong></span> <span class='ocrx_word' id='word_1_99' title='bbox 603 2044 678 2115; x_wconf 88' lang='lat' dir='ltr'><strong>haec</strong></span> <span class='ocrx_word' id='word_1_100' title='bbox 695 2054 865 2115; x_wconf 91' lang='lat' dir='ltr'><strong>tantorum</strong></span> <span class='ocrx_word' id='word_1_101' title='bbox 887 2043 1126 2114; x_wconf 84' lang='lat' dir='ltr'><strong>discriminum</strong></span> <span class='ocrx_word' id='word_1_102' title='bbox 1147 2052 1187 2112; x_wconf 89' lang='lat' dir='ltr'><strong>et</strong></span> <span class='ocrx_word' id='word_1_103' title='bbox 1208 2042 1303 2112; x_wconf 80' lang='lat' dir='ltr'><strong>labo</strong></span> 
     </span>
     <span class='ocr_line' id='line_1_16' title="bbox 222 2164 1302 2258; baseline -0.001 -22"><span class='ocrx_word' id='word_1_104' title='bbox 222 2189 299 2236; x_wconf 92' lang='lat' dir='ltr'><strong>rum</strong></span> <span class='ocrx_word' id='word_1_105' title='bbox 331 2166 484 2258; x_wconf 88' lang='lat' dir='ltr'><strong>praemia.</strong></span> <span class='ocrx_word' id='word_1_106' title='bbox 519 2168 570 2236; x_wconf 86' lang='lat' dir='ltr'><strong>Tu</strong></span> <span class='ocrx_word' id='word_1_107' title='bbox 603 2188 698 2249; x_wconf 88' lang='lat' dir='ltr'><strong>voro,</strong></span> <span class='ocrx_word' id='word_1_108' title='bbox 723 2166 776 2237; x_wconf 84' lang='lat' dir='ltr'><strong>vir</strong></span> <span class='ocrx_word' id='word_1_109' title='bbox 794 2167 990 2248; x_wconf 87' lang='lat' dir='ltr'><strong>fortissime,</strong></span> <span class='ocrx_word' id='word_1_110' title='bbox 1014 2164 1072 2257; x_wconf 91' lang='lat' dir='ltr'><strong>qui</strong></span> <span class='ocrx_word' id='word_1_111' title='bbox 1095 2174 1232 2235; x_wconf 87' lang='lat' dir='ltr'><strong>tantam</strong></span> <span class='ocrx_word' id='word_1_112' title='bbox 1254 2167 1302 2235; x_wconf 92' lang='lat' dir='ltr'><strong>la-</strong></span> 
     </span>
     <span class='ocr_line' id='line_1_17' title="bbox 221 2285 1408 2382; baseline -0.003 -23"><span class='ocrx_word' id='word_1_113' title='bbox 221 2287 336 2359; x_wconf 87' lang='lat' dir='ltr'><strong>bentis</strong></span> <span class='ocrx_word' id='word_1_114' title='bbox 358 2289 570 2382; x_wconf 86' lang='lat' dir='ltr'><strong>Reipublicae</strong></span> <span class='ocrx_word' id='word_1_115' title='bbox 595 2291 720 2360; x_wconf 91' lang='lat' dir='ltr'><strong>molem</strong></span> <span class='ocrx_word' id='word_1_116' title='bbox 742 2289 808 2382; x_wconf 89' lang='lat' dir='ltr'><strong>piis</strong></span> <span class='ocrx_word' id='word_1_117' title='bbox 831 2288 984 2358; x_wconf 91' lang='lat' dir='ltr'><strong>humeris</strong></span> <span class='ocrx_word' id='word_1_118' title='bbox 1012 2286 1163 2368; x_wconf 88' lang='lat' dir='ltr'><strong>subiisti,</strong></span> <span class='ocrx_word' id='word_1_119' title='bbox 1195 2285 1301 2356; x_wconf 92' lang='lat' dir='ltr'><strong>nihilo</strong></span> <span class='ocrx_word' id='word_1_120' title='bbox 1402 2370 1408 2380; x_wconf 29' lang='lat'>⁵</span> 
     </span>
     <span class='ocr_line' id='line_1_18' title="bbox 222 2409 1302 2501; baseline 0 -23"><span class='ocrx_word' id='word_1_121' title='bbox 222 2409 366 2499; x_wconf 79' lang='lat' dir='ltr'><strong>segnius</strong></span> <span class='ocrx_word' id='word_1_122' title='bbox 387 2409 560 2478; x_wconf 90' lang='lat' dir='ltr'><strong>adversus</strong></span> <span class='ocrx_word' id='word_1_123' title='bbox 582 2410 674 2478; x_wconf 87' lang='lat' dir='ltr'><strong>tales</strong></span> <span class='ocrx_word' id='word_1_124' title='bbox 688 2410 786 2478; x_wconf 90' lang='lat' dir='ltr'><strong>cives</strong></span> <span class='ocrx_word' id='word_1_125' title='bbox 806 2431 910 2501; x_wconf 91' lang='lat' dir='ltr'><strong>quam</strong></span> <span class='ocrx_word' id='word_1_126' title='bbox 932 2411 1104 2480; x_wconf 86' lang='lat' dir='ltr'><strong>adversus</strong></span> <span class='ocrx_word' id='word_1_127' title='bbox 1130 2409 1302 2479; x_wconf 87' lang='lat' dir='ltr'><strong>crudelis-</strong></span> 
     </span>
     <span class='ocr_line' id='line_1_19' title="bbox 222 2527 1302 2622; baseline -0.003 -21"><span class='ocrx_word' id='word_1_128' title='bbox 222 2532 330 2621; x_wconf 87' lang='lat' dir='ltr'><strong>simos</strong></span> <span class='ocrx_word' id='word_1_129' title='bbox 353 2530 471 2600; x_wconf 91' lang='lat' dir='ltr'><strong>hostes</strong></span> <span class='ocrx_word' id='word_1_130' title='bbox 505 2527 660 2601; x_wconf 87' lang='lat' dir='ltr'><strong>armatus</strong></span> <span class='ocrx_word' id='word_1_131' title='bbox 687 2531 841 2622; x_wconf 80' lang='lat' dir='ltr'><strong>invigila.</strong></span> <span class='ocrx_word' id='word_1_132' title='bbox 869 2534 986 2604; x_wconf 90' lang='lat' dir='ltr'><strong>Iunior</strong></span> <span class='ocrx_word' id='word_1_133' title='bbox 1009 2535 1126 2613; x_wconf 88' lang='lat' dir='ltr'><strong>Brute,</strong></span> <span class='ocrx_word' id='word_1_134' title='bbox 1151 2531 1302 2600; x_wconf 91' lang='lat' dir='ltr'><strong>senioris</strong></span> 
     </span>
     <span class='ocr_line' id='line_1_20' title="bbox 221 2649 1300 2744; baseline 0.003 -28"><span class='ocrx_word' id='word_1_135' title='bbox 221 2649 406 2740; x_wconf 80' lang='lat' dir='ltr'><strong>imaginem</strong></span> <span class='ocrx_word' id='word_1_136' title='bbox 428 2663 508 2721; x_wconf 89' lang='lat' dir='ltr'><strong>ante</strong></span> <span class='ocrx_word' id='word_1_137' title='bbox 528 2654 647 2723; x_wconf 87' lang='lat' dir='ltr'><strong>oculos</strong></span> <span class='ocrx_word' id='word_1_138' title='bbox 669 2675 807 2744; x_wconf 88' lang='lat' dir='ltr'><strong>semper</strong></span> <span class='ocrx_word' id='word_1_139' title='bbox 832 2654 944 2726; x_wconf 89' lang='lat' dir='ltr'><strong>habe:</strong></span> <span class='ocrx_word' id='word_1_140' title='bbox 971 2654 1027 2723; x_wconf 91' lang='lat' dir='ltr'><strong>ille</strong></span> <span class='ocrx_word' id='word_1_141' title='bbox 1052 2655 1174 2724; x_wconf 88' lang='lat' dir='ltr'><strong>consul</strong></span> <span class='ocrx_word' id='word_1_142' title='bbox 1202 2661 1300 2722; x_wconf 90' lang='lat' dir='ltr'><strong>erat:</strong></span> 
     </span>
     <span class='ocr_line' id='line_1_21' title="bbox 129 2758 1302 2866; baseline 0.008 -31"><span class='ocrx_word' id='word_1_143' title='bbox 129 2758 133 2762; x_wconf 41' lang='lat'><em>⁴</em></span> <span class='ocrx_word' id='word_1_144' title='bbox 222 2783 258 2837; x_wconf 88' lang='lat' dir='ltr'><strong>tu</strong></span> <span class='ocrx_word' id='word_1_145' title='bbox 288 2770 472 2843; x_wconf 91' lang='lat' dir='ltr'><strong>Tribunus.</strong></span> <span class='ocrx_word' id='word_1_146' title='bbox 490 2774 525 2842; x_wconf 89' lang='lat' dir='ltr'><strong>Si</strong></span> <span class='ocrx_word' id='word_1_147' title='bbox 542 2775 751 2846; x_wconf 85' lang='lat' dir='ltr'><strong>conferimus</strong></span> <span class='ocrx_word' id='word_1_148' title='bbox 772 2775 973 2866; x_wconf 65' lang='lat' dir='ltr'><strong>dignitates</strong></span> <span class='ocrx_word' id='word_1_149' title='bbox 993 2777 1101 2846; x_wconf 91' lang='lat' dir='ltr'><strong>multa</strong></span> <span class='ocrx_word' id='word_1_150' title='bbox 1117 2775 1302 2865; x_wconf 82' lang='lat' dir='ltr'><strong>quideme</strong></span> 
     </span>
     <span class='ocr_line' id='line_1_22' title="bbox 219 2894 1300 2992; baseline 0.001 -27"><span class='ocrx_word' id='word_1_151' title='bbox 219 2895 420 2967; x_wconf 91' lang='lat' dir='ltr'><strong>oonsulibus</strong></span> <span class='ocrx_word' id='word_1_152' title='bbox 435 2897 607 2969; x_wconf 91' lang='lat' dir='ltr'><strong>adversus</strong></span> <span class='ocrx_word' id='word_1_153' title='bbox 620 2899 755 2992; x_wconf 88' lang='lat' dir='ltr'><strong>plebem</strong></span> <span class='ocrx_word' id='word_1_154' title='bbox 774 2901 977 2981; x_wconf 85' lang='lat' dir='ltr'><strong>Romanam,</strong></span> <span class='ocrx_word' id='word_1_155' title='bbox 999 2897 1155 2968; x_wconf 89' lang='lat' dir='ltr'><strong>animose</strong></span> <span class='ocrx_word' id='word_1_156' title='bbox 1171 2894 1300 2982; x_wconf 86' lang='lat' dir='ltr'><strong>dicam,</strong></span> 
     </span>
     <span class='ocr_line' id='line_1_23' title="bbox 222 3021 1302 3105; baseline 0.006 -21"><span class='ocrx_word' id='word_1_157' title='bbox 222 3021 326 3089; x_wconf 89' lang='lat' dir='ltr'><strong>multa</strong></span> <span class='ocrx_word' id='word_1_158' title='bbox 340 3022 443 3090; x_wconf 91' lang='lat' dir='ltr'><strong>etiam</strong></span> <span class='ocrx_word' id='word_1_159' title='bbox 465 3025 598 3094; x_wconf 87' lang='lat' dir='ltr'><strong>atrocia</strong></span> <span class='ocrx_word' id='word_1_160' title='bbox 612 3027 700 3094; x_wconf 89' lang='lat' dir='ltr'><strong>faeta</strong></span> <span class='ocrx_word' id='word_1_161' title='bbox 726 3033 822 3103; x_wconf 88' lang='lat' dir='ltr'><strong>sunt,</strong></span> <span class='ocrx_word' id='word_1_162' title='bbox 837 3022 936 3093; x_wconf 92' lang='lat' dir='ltr'><strong>cuius</strong></span> <span class='ocrx_word' id='word_1_163' title='bbox 950 3021 1125 3092; x_wconf 81' lang='lat' dir='ltr'><strong>Tribunos</strong></span> <span class='ocrx_word' id='word_1_164' title='bbox 1133 3032 1302 3105; x_wconf 86' lang='lat' dir='ltr'><strong>constan-</strong></span> 
     </span>
     <span class='ocr_line' id='line_1_24' title="bbox 220 3139 1300 3237; baseline 0.005 -31"><span class='ocrx_word' id='word_1_165' title='bbox 220 3139 374 3210; x_wconf 88' lang='lat' dir='ltr'><strong>tissimos</strong></span> <span class='ocrx_word' id='word_1_166' title='bbox 394 3142 596 3213; x_wconf 86' lang='lat' dir='ltr'><strong>defensores</strong></span> <span class='ocrx_word' id='word_1_167' title='bbox 611 3166 748 3237; x_wconf 90' lang='lat' dir='ltr'><strong>semper</strong></span> <span class='ocrx_word' id='word_1_168' title='bbox 761 3144 968 3235; x_wconf 88' lang='lat' dir='ltr'><strong>accepimus.</strong></span> <span class='ocrx_word' id='word_1_169' title='bbox 988 3142 1088 3224; x_wconf 86' lang='lat' dir='ltr'><strong>Quod</strong></span> <span class='ocrx_word' id='word_1_170' title='bbox 1115 3141 1144 3211; x_wconf 91' lang='lat' dir='ltr'><strong>si</strong></span> <span class='ocrx_word' id='word_1_171' title='bbox 1167 3142 1300 3213; x_wconf 89' lang='lat' dir='ltr'><strong>Consul</strong></span> 
     </span>
     <span class='ocr_line' id='line_1_25' title="bbox 220 3259 1300 3354; baseline 0.005 -28"><span class='ocrx_word' id='word_1_172' title='bbox 220 3259 276 3331; x_wconf 91' lang='lat' dir='ltr'><strong>ille</strong></span> <span class='ocrx_word' id='word_1_173' title='bbox 297 3262 411 3331; x_wconf 91' lang='lat' dir='ltr'><strong>studio</strong></span> <span class='ocrx_word' id='word_1_174' title='bbox 432 3261 599 3335; x_wconf 77' lang='lat' dir='ltr'><strong>liber-latis</strong></span> <span class='ocrx_word' id='word_1_175' title='bbox 620 3263 711 3334; x_wconf 88' lang='lat' dir='ltr'><strong>filios</strong></span> <span class='ocrx_word' id='word_1_176' title='bbox 731 3265 919 3343; x_wconf 89' lang='lat' dir='ltr'><strong>interemit,</strong></span> <span class='ocrx_word' id='word_1_177' title='bbox 946 3263 1030 3354; x_wconf 91' lang='lat' dir='ltr'><strong>quid</strong></span> <span class='ocrx_word' id='word_1_178' title='bbox 1058 3261 1214 3332; x_wconf 89' lang='lat' dir='ltr'><strong>Tribuno</strong></span> <span class='ocrx_word' id='word_1_179' title='bbox 1238 3262 1300 3334; x_wconf 90' lang='lat' dir='ltr'><strong>tibi</strong></span> 
     </span>
     <span class='ocr_line' id='line_1_26' title="bbox 221 3384 1301 3475; baseline 0.001 -22"><span class='ocrx_word' id='word_1_180' title='bbox 221 3384 461 3475; x_wconf 82' lang='lat' dir='ltr'><strong>agendumsit</strong></span> <span class='ocrx_word' id='word_1_181' title='bbox 481 3387 514 3454; x_wconf 95' lang='lat' dir='ltr'><strong>in</strong></span> <span class='ocrx_word' id='word_1_182' title='bbox 541 3386 677 3458; x_wconf 87' lang='lat' dir='ltr'><strong>caeteris</strong></span> <span class='ocrx_word' id='word_1_183' title='bbox 705 3387 796 3458; x_wconf 91' lang='lat' dir='ltr'><strong>vide.</strong></span> <span class='ocrx_word' id='word_1_184' title='bbox 824 3388 860 3458; x_wconf 90' lang='lat' dir='ltr'><strong>Si</strong></span> <span class='ocrx_word' id='word_1_185' title='bbox 886 3385 986 3458; x_wconf 86' lang='lat' dir='ltr'><strong>fidele</strong></span> <span class='ocrx_word' id='word_1_186' title='bbox 1019 3385 1200 3457; x_wconf 88' lang='lat' dir='ltr'><strong>consilium</strong></span> <span class='ocrx_word' id='word_1_187' title='bbox 1230 3409 1301 3458; x_wconf 90' lang='lat' dir='ltr'><strong>non</strong></span> 
     </span>
     <span class='ocr_line' id='line_1_27' title="bbox 222 3508 1302 3600; baseline 0.005 -25"><span class='ocrx_word' id='word_1_188' title='bbox 222 3509 374 3600; x_wconf 87' lang='lat' dir='ltr'><strong>respuis,</strong></span> <span class='ocrx_word' id='word_1_189' title='bbox 408 3508 455 3577; x_wconf 89' lang='lat' dir='ltr'><strong>nil</strong></span> <span class='ocrx_word' id='word_1_190' title='bbox 491 3510 653 3600; x_wconf 81' lang='lat' dir='ltr'><strong>sanguini</strong></span> <span class='ocrx_word' id='word_1_191' title='bbox 682 3509 895 3583; x_wconf 89' lang='lat' dir='ltr'><strong>tribues-vel</strong></span> <span class='ocrx_word' id='word_1_192' title='bbox 917 3510 1037 3584; x_wconf 91' lang='lat' dir='ltr'><strong>amori.</strong></span> <span class='ocrx_word' id='word_1_193' title='bbox 1061 3511 1171 3594; x_wconf 85' lang='lat' dir='ltr'><strong>Quem</strong></span> <span class='ocrx_word' id='word_1_194' title='bbox 1193 3510 1302 3582; x_wconf 92' lang='lat' dir='ltr'><strong>liber-</strong></span> 
     </span>
     <span class='ocr_line' id='line_1_28' title="bbox 221 3627 1302 3712; baseline 0.004 -15"><span class='ocrx_word' id='word_1_195' title='bbox 221 3627 301 3697; x_wconf 90' lang='lat' dir='ltr'><strong>tatis</strong></span> <span class='ocrx_word' id='word_1_196' title='bbox 322 3628 497 3698; x_wconf 89' lang='lat' dir='ltr'><strong>inimicum</strong></span> <span class='ocrx_word' id='word_1_197' title='bbox 525 3629 687 3712; x_wconf 89' lang='lat' dir='ltr'><strong>senseris,</strong></span> <span class='ocrx_word' id='word_1_198' title='bbox 717 3632 807 3702; x_wconf 90' lang='lat' dir='ltr'><strong>scias</strong></span> <span class='ocrx_word' id='word_1_199' title='bbox 828 3630 921 3703; x_wconf 89' lang='lat' dir='ltr'><strong>huuc</strong></span> <span class='ocrx_word' id='word_1_200' title='bbox 954 3654 1023 3703; x_wconf 90' lang='lat' dir='ltr'><strong>non</strong></span> <span class='ocrx_word' id='word_1_201' title='bbox 1057 3631 1210 3702; x_wconf 90' lang='lat' dir='ltr'><strong>amicum</strong></span> <span class='ocrx_word' id='word_1_202' title='bbox 1240 3632 1302 3701; x_wconf 89' lang='lat' dir='ltr'><strong>tibi</strong></span> 
     </span>
     <span class='ocr_line' id='line_1_29' title="bbox 221 3753 1305 3848; baseline 0.004 -28"><span class='ocrx_word' id='word_1_203' title='bbox 221 3771 301 3823; x_wconf 91' lang='lat' dir='ltr'><strong>esse</strong></span> <span class='ocrx_word' id='word_1_204' title='bbox 322 3773 426 3845; x_wconf 90' lang='lat' dir='ltr'><strong>posse</strong></span> <span class='ocrx_word' id='word_1_205' title='bbox 446 3753 558 3843; x_wconf 79' lang='lat' dir='ltr'><strong>magis</strong></span> <span class='ocrx_word' id='word_1_206' title='bbox 579 3773 681 3845; x_wconf 90' lang='lat' dir='ltr'><strong>quam</strong></span> <span class='ocrx_word' id='word_1_207' title='bbox 706 3753 783 3837; x_wconf 92' lang='lat' dir='ltr'><strong>sibi,</strong></span> <span class='ocrx_word' id='word_1_208' title='bbox 807 3755 889 3827; x_wconf 92' lang='lat' dir='ltr'><strong>dum</strong></span> <span class='ocrx_word' id='word_1_209' title='bbox 920 3756 1055 3848; x_wconf 87' lang='lat' dir='ltr'><strong>utrique</strong></span> <span class='ocrx_word' id='word_1_210' title='bbox 1083 3755 1182 3847; x_wconf 81' lang='lat' dir='ltr'><strong>quod</strong></span> <span class='ocrx_word' id='word_1_211' title='bbox 1208 3776 1305 3848; x_wconf 84' lang='lat' dir='ltr'><strong>prae-</strong></span> 
     </span>
     <span class='ocr_line' id='line_1_30' title="bbox 222 3874 1306 3969; baseline 0.005 -25"><span class='ocrx_word' id='word_1_212' title='bbox 222 3876 475 3946; x_wconf 89' lang='lat' dir='ltr'><strong>stantissimum</strong></span> <span class='ocrx_word' id='word_1_213' title='bbox 496 3874 601 3946; x_wconf 89' lang='lat' dir='ltr'><strong>habet</strong></span> <span class='ocrx_word' id='word_1_214' title='bbox 621 3877 730 3946; x_wconf 89' lang='lat' dir='ltr'><strong>tendit</strong></span> <span class='ocrx_word' id='word_1_215' title='bbox 749 3876 895 3969; x_wconf 87' lang='lat' dir='ltr'><strong>eripere.</strong></span> <span class='ocrx_word' id='word_1_216' title='bbox 923 3878 972 3950; x_wconf 91' lang='lat' dir='ltr'><strong>De</strong></span> <span class='ocrx_word' id='word_1_217' title='bbox 1000 3877 1085 3950; x_wconf 92' lang='lat' dir='ltr'><strong>urbe</strong></span> <span class='ocrx_word' id='word_1_218' title='bbox 1114 3877 1225 3948; x_wconf 89' lang='lat' dir='ltr'><strong>Roma</strong></span> <span class='ocrx_word' id='word_1_219' title='bbox 1253 3880 1306 3949; x_wconf 95' lang='lat' dir='ltr'><strong>lo-</strong></span> 
     </span>
     <span class='ocr_line' id='line_1_31' title="bbox 221 3997 1309 4090; baseline 0.006 -24"><span class='ocrx_word' id='word_1_220' title='bbox 221 3997 392 4085; x_wconf 90' lang='lat' dir='ltr'><strong>quebatur</strong></span> <span class='ocrx_word' id='word_1_221' title='bbox 426 3999 611 4070; x_wconf 90' lang='lat' dir='ltr'><strong>Sallustius</strong></span> <span class='ocrx_word' id='word_1_222' title='bbox 644 3998 703 4081; x_wconf 91' lang='lat' dir='ltr'><strong>ubi</strong></span> <span class='ocrx_word' id='word_1_223' title='bbox 737 3998 806 4071; x_wconf 90' lang='lat' dir='ltr'><strong>ait:</strong></span> <span class='ocrx_word' id='word_1_224' title='bbox 841 4001 877 4068; x_wconf 85' lang='lat' dir='ltr'><strong>in</strong></span> <span class='ocrx_word' id='word_1_225' title='bbox 917 4014 993 4071; x_wconf 83' lang='lat' dir='ltr'><strong>tom.</strong></span> <span class='ocrx_word' id='word_1_226' title='bbox 1020 4023 1143 4090; x_wconf 81' lang='lat' dir='ltr'><strong>mopoo</strong></span> <span class='ocrx_word' id='word_1_227' title='bbox 1168 4003 1309 4072; x_wconf 82' lang='lat' dir='ltr'><strong>civitate</strong></span> 
     </span>
     <span class='ocr_line' id='line_1_32' title="bbox 222 4121 1308 4214; baseline 0.012 -28"><span class='ocrx_word' id='word_1_228' title='bbox 222 4121 326 4190; x_wconf 29' lang='lat' dir='ltr'><strong>mrsrlta</strong></span> <span class='ocrx_word' id='word_1_229' title='bbox 357 4133 388 4191; x_wconf 86' lang='lat' dir='ltr'><strong>et</strong></span> <span class='ocrx_word' id='word_1_230' title='bbox 422 4125 519 4194; x_wconf 82' lang='lat' dir='ltr'><strong>corio</strong></span> <span class='ocrx_word' id='word_1_231' title='bbox 549 4123 684 4211; x_wconf 75' lang='lat' dir='ltr'><strong>topacio</strong></span> <span class='ocrx_word' id='word_1_232' title='bbox 710 4135 810 4207; x_wconf 57' lang='lat' dir='ltr'><strong>staram·</strong></span> <span class='ocrx_word' id='word_1_233' title='bbox 842 4133 927 4214; x_wconf 90' lang='lat' dir='ltr'><strong>quot</strong></span> <span class='ocrx_word' id='word_1_234' title='bbox 959 4134 1074 4196; x_wconf 89' lang='lat' dir='ltr'><strong>autem</strong></span> <span class='ocrx_word' id='word_1_235' title='bbox 1108 4122 1144 4194; x_wconf 92' lang='lat' dir='ltr'><strong>in</strong></span> <span class='ocrx_word' id='word_1_236' title='bbox 1178 4124 1308 4199; x_wconf 90' lang='lat' dir='ltr'><strong>eadem</strong></span> 
     </span>
    </p>
   </div>
   <div class='ocr_carea' id='block_1_3' title="bbox 0 0 1472 4645">
    <p class='ocr_par' dir='ltr' id='par_1_3' title="bbox 0 0 1472 4645">
     <span class='ocr_line' id='line_1_33' title="bbox 0 0 1472 4645; baseline 0 0"><span class='ocrx_word' id='word_1_237' title='bbox 0 0 1472 4645; x_wconf 95' lang='lat' dir='ltr'><strong> </strong></span> 
     </span>
    </p>
   </div>
  </div>
 </body>
</html>
