2934 4650
592 339 747 392 srrsroxx
768 341 817 390 xx.
1183 325 1242 388 405

163 502 251 554 sum.
292 469 451 555 Sciebam
489 483 580 554 enim
620 483 844 555 verissimum
881 484 1139 556 Terentianum
1161 494 1243 556 esse

161 606 263 690 illud,
286 607 472 698 obsequium
497 610 638 687 amicos,
659 609 781 677 veritos
802 604 912 676 odium
930 608 1035 699 parit,
1057 617 1122 677 net
1143 605 1243 679 multi

161 730 274 800 lacere
298 729 378 820 quis
400 735 456 799 mc
485 739 641 812 accuset,
670 729 700 798 si
730 727 882 799 absolvit
911 727 1132 801 conscientia.
1162 731 1244 800 Haeo

162 853 309 945 praefare
335 848 446 929 libuit,
466 873 510 921 ne
531 853 618 922 sorte
646 851 874 944 frequentiam
901 850 1107 937 litterarum,
1130 861 1166 923 et
1188 874 1245 924 se-⁴

162 973 340 1044 dulitatem
363 972 396 1040 in
420 993 475 1041 me
497 992 753 1066 supervacuam
788 972 986 1044 minareris:
1014 975 1243 1065 nequeenim

165 1104 202 1168 ut·
217 1093 345 1166 absens
366 1103 402 1166 et
422 1093 466 1165 de
490 1093 680 1186 longinquo
702 1092 805 1165 finem
829 1105 1006 1188 spectans,
1032 1096 1095 1168 sed
1115 1077 1245 1170 in'aeie

51 1263 59 1283 ,
163 1215 279 1288 media
303 1236 465 1308 praesens
493 1237 582 1300 sum,
607 1219 661 1287 vel
686 1214 846 1288 victurus
873 1217 1003 1309 ingenti
1024 1219 1158 1310 praelio,
1185 1220 1245 1290 vel

164 1336 371 1418 vincendus.
395 1337 543 1431 ideoque
565 1348 600 1409 e't
622 1338 698 1409 dies
720 1339 827 1424 curis,
850 1350 885 1410 et
905 1339 1005 1432 quies
1030 1340 1190 1413 turbatur
1210 1342 1246 1412 in

165 1461 307 1543 somnis,
340 1469 375 1530 et
409 1461 585 1533 dormiens
619 1473 655 1533 et
688 1462 836 1553 vigilans
866 1460 1003 1541 laboro,
1030 1471 1067 1533 et
1091 1462 1244 1555 quictem

162 1587 257 1677 nulla
270 1607 350 1678 pars
361 1585 444 1656 mihi
460 1585 622 1679 temporis
636 1585 836 1677 largiturln
852 1585 916 1657 hoc
930 1590 1023 1657 statu
1037 1608 1145 1658 unum
1161 1585 1246 1659 mihi

164 1706 275 1777 solatii
297 1727 407 1797 genus
429 1716 484 1778 est
507 1708 684 1787 calamus;
703 1716 741 1777 ut
762 1705 855 1776 illum
882 1705 917 1775 in
940 1704 1102 1776 manibus
1132 1703 1245 1778 habeo

164 1837 279 1901 tecum
301 1849 393 1914 sum,
418 1831 514 1922 loqui
542 1828 668 1921 incipio
693 1847 762 1898 non
796 1826 891 1919 quod
920 1827 1015 1898 dictu
1048 1827 1244 1920 pulchriuS,

165 1950 228 2022 sed
248 1949 342 2042 quod
361 1949 459 2044 prius
479 1949 645 2030 occurrit,
673 1970 789 2040 neque
817 1957 884 2018 tarn
916 1947 1093 2019 coloribus
1115 1969 1245 2020 sermo-

164 2096 247 2144 num
275 2072 413 2154 studeo,
442 2093 547 2164 quam
576 2081 613 2142 ut
638 2072 718 2142 stilo
750 2069 905 2164 quolibet
938 2070 972 2143 in
1005 2069 1150 2142 auribus
1176 2071 1246 2143 tuis

163 2195 267 2266 animi
295 2196 365 2266 mci
393 2215 509 2277 curas,
542 2203 578 2263 et
609 2206 871 2288 praegravatum
891 2205 1016 2287 pectus
1044 2209 1246 2265 exonerem'.

162 2314 250 2397 Quae
270 2338 350 2387 cum
373 2316 420 2385 ita
442 2317 531 2400 sint,
554 2317 722 2410 epistolas
749 2336 846 2387 meas
867 2316 917 2385 sic
937 2315 1109 2408 excipies,
1138 2324 1178 2385 ut
1201 2313 1246 2386 ab

163 2438 214 2510 eis
235 2447 402 2532 expectes
424 2439 541 2533 potius
563 2439 731 2512 familiare
755 2437 976 2531 colloquium,
1006 2459 1112 2530 quarn
1139 2437 1247 2509 dieta-

164 2581 244 2631 men
257 2563 401 2653 elegans
417 2584 530 2634 rerum
550 2573 699 2635 tuarum.
716 2562 817 2633 Curis
832 2562 960 2631 anxius
978 2560 1045 2631 hoc
1062 2582 1125 2654 per
1142 2560 1245 2646 diem,

165 2684 231 2756 hoc
265 2708 327 2777 per
358 2696 493 2757 noctem
530 2687 659 2778 cogito,
687 2697 722 2758 et
746 2685 911 2778 quoniam
938 2684 1105 2756 memoria
1138 2685 1246 2774 fugax

164 2816 270 2898 atque
298 2806 460 2878 volubilis
493 2821 558 2892 est,
596 2832 640 2880 ne
674 2807 853 2880 confestim
888 2813 1095 2889 evanescat,
1123 2804 1247 2876 litteris

166 2950 243 2999 eam
268 2926 448 2998 tenacibus
474 2930 639 3020 illaqueo‚
667 2941 702 3000 et
727 2927 871 2998 diurnos
905 2925 1045 3016 quidem
1075 2927 1248 3015 cogitatus

165 3054 240 3122 fero
272 3032 413 3121 donum
447 3061 624 3145 repetens,
659 3056 848 3120 nocturnos
875 3067 991 3146 ,mane
1031 3068 1248 3139 consurgens

167 3171 303 3257 scribo;
324 3194 439 3265 neque
460 3173 490 3244 si
511 3173 680 3265 impetum
707 3189 880 3262 sequerer,
904 3166 980 3240 dies
1001 3172 1070 3243 ulla
1093 3172 1168 3242 sine
1194 3172 1247 3242 lit·

166 3297 250 3367 teris
283 3296 489 3389 praeteriret.
530 3293 622 3377 Quid
660 3301 776 3365 autem
809 3291 854 3365 dc
887 3302 921 3363 te
953 3294 1116 3385 proximu
1146 3302 1256 3364 nocte'

165 3417 283 3490 nescio
304 3439 348 3488 an
372 3418 533 3511 pervigil,
554 3439 599 3488 an
620 3414 843 3506 semisopitus
870 3413 1108 3507 cogitaverim,
1127 3436 1172 3484 an
1195 3414 1248 3484 vi-

165 3540 276 3612 derim
298 3539 421 3611 dicam.
450 3538 604 3611 Videbar
628 3548 663 3609 te
688 3538 812 3635 videre
830 3535 863 3605 in
886 3534 1002 3607 medio
1022 3544 1058 3605 et
1078 3535 1249 3606 altissimo

166 3660 287 3733 mundi
307 3663 383 3733 loco
404 3669 473 3732 tarn
499 3682 662 3756 supremo
689 3658 857 3755 praerupti
884 3658 1009 3730 montis
1032 3657 1183 3740 uertice,
1212 3667 1250 3728 ut

166 3807 275 3879 prope
295 3787 421 3858 coelum
443 3796 616 3876 tangeres.
638 3783 816 3876 Quidquid
840 3784 885 3855 de
916 3780 1046 3853 nostris
1072 3777 1248 3851 montibus

166 3907 333 3991 videram,
352 3906 523 4000 quidquid
543 3909 587 3980 dc
608 3906 802 4001 peregrinis
816 3903 994 3977 audieram
1011 3923 1072 3973 seu
1086 3905 1247 3992 legeram,

167 4031 327 4123 planities
358 4029 492 4103 deiecta
525 4029 732 4111 videbatur;
768 4029 844 4122 ipse
875 4035 1035 4099 cantatus
1068 4022 1251 4116 utriusque

169 4149 299 4241 linguae
320 4150 460 4225 vatibus
482 4153 650 4246 Olympus
669 4149 883 4220 humillimus
905 4146 1002 4219 collis
1020 4153 1096 4219 erat
1110 4141 1250 4226 {nubes
