2992 4664
369 307 460 354 tinen
483 304 1018 361 vtcustnusouan'rus-uurs‘roua
1042 306 1080 351 xr.
1204 293 1259 352 1111

245 546 246 549 ¹
280 453 473 545 Obsequio,
496 453 609 544 qualis
626 452 806 523 Lucanum
828 453 862 521 in
885 456 954 523 fata
974 453 1149 523 volentem

281 575 440 666 Impulit:
464 576 611 644 arterias
632 574 768 645 medico
789 574 885 645 dedit
903 575 960 645 ille
978 587 1120 645 cruento

282 697 444 790 Supplioii
467 697 629 787 graviore
650 707 743 767 metu
765 697 956 787 mortisque
978 697 1173 787 pudendae:

284 819 340 890 Sic
357 839 421 889 sua
444 819 642 890 Lucretium
661 840 756 890 mors
775 814 918 890 abstulit
939 840 979 889 ac
1000 821 1095 889 ierus
1115 818 1219 890 ardor

281 943 399 1032 Longe
415 941 504 1024 aliis,
528 954 566 1013 ut
582 943 691 1026 lama,
711 942 795 1012 loeis
819 940 975 1013 habitare
995 942 1120 1032 coegit.

279 1066 346 1151 Qui
366 1065 425 1136 tibi
447 1087 539 1136 nunc
558 1065 666 1157 igitur
687 1065 843 1148 comites,
862 1085 944 1157 quae
964 1064 1053 1148 vita,
1076 1064 1222 1136 libenter

180 1226 185 1233 ι
280 1188 474 1272 Audierim,
494 1199 663 1279 quantum
684 1209 767 1259 vero
788 1199 845 1258 tue
869 1188 1004 1258 somnia
1021 1187 1163 1269 distent,

279 1311 324 1381 Et
339 1331 454 1401 vagus
476 1309 625 1379 AEeneas
643 1319 814 1402 portaque
834 1311 987 1378 emissus
1006 1308 1156 1379 eburna:

279 1433 331 1502 An
352 1434 465 1526 potius
484 1432 558 1502 caeli
582 1433 679 1522 regio
699 1433 883 1521 tranquilla
905 1431 1025 1503 beatos

277 1552 429 1646 Excipit,
449 1552 671 1643 ingeniisque
692 1551 848 1622 arrident
867 1562 964 1622 astra
987 1552 1120 1622 serenis

256 1655 259 1659 ¹
279 1677 362 1747 Post
382 1675 522 1770 Stygios
544 1683 666 1765 raptus
688 1675 905 1767 spoliataque
927 1675 1084 1757 Tartara,
1107 1678 1235 1745 summi

281 1798 385 1888 Regis
407 1796 450 1867 ad
472 1794 676 1878 adveutum,
700 1817 828 1886 magno
849 1797 1037 1866 certamine
1059 1797 1171 1867 victor

278 1920 384 2012 Impia
404 1920 464 2010 qui
485 1919 614 2012 pressit
636 1918 809 2009 stigmatis
829 1916 947 1987 limina
970 1917 1113 2010 plantiS,

226 2064 229 2070 ·
280 2040 528 2132 Stigmatisque
549 2050 672 2132 potens
688 2049 821 2110 aeterna
842 2042 1008 2131 repagula
1029 2042 1153 2131 palmis

279 2162 410 2254 Fregit,
435 2172 469 2232 et
487 2161 671 2233 horrisono
691 2160 866 2232 convulsit
886 2160 1027 2232 cardine
1047 2163 1194 2233 valvas‘l

277 2287 360 2358 Haec
380 2307 447 2377 ego
464 2305 570 2356 nosse
593 2286 709 2355 velim.
732 2286 798 2368 Tu,
819 2282 950 2355 mundo
971 2282 999 2352 si
1020 2306 1090 2376 qua
1113 2285 1229 2355 silenti

276 2408 405 2479 Umbra
425 2427 551 2478 recens
570 2415 692 2478 nostra
715 2406 834 2477 veniet
854 2405 915 2475 tibi
937 2408 1054 2476 forsan
1076 2404 1121 2476 ab
1141 2427 1222 2487 ora,

278 2531 362 2616 Quis
384 2529 448 2601 tria
464 2550 545 2600 cara
564 2529 625 2599 tibi
642 2531 718 2601 loca
734 2550 842 2612 nuuc,
862 2526 1077 2618 totidemque
1094 2525 1230 2598 libellos
1309 2587 1315 2595 .

277 2653 404 2723 Exitus
425 2652 578 2745 excipiat
597 2653 730 2722 uostris
752 2652 855 2720 simul
873 2650 990 2744 accipe
1010 2649 1141 2721 verbis.

275 2776 492 2866 Parthenope
507 2775 626 2844 infelix
648 2784 747 2866 rapto
765 2775 873 2865 gemit
890 2773 975 2843 orba
995 2773 1160 2858 Roberto,

276 2898 532 2987 Multorumque
553 2896 816 2966 diesennorum
839 2894 981 2963 sustulit
1000 2915 1089 2964 uuus

279 3019 462 3108 Prospera3
480 3039 572 3085 nunc
592 3015 708 3085 dubiis
727 3012 858 3107 pendet
877 3013 1099 3106 plebs-anxia
1120 3020 1213 3104 fatie,

275 3141 533 3230 Innocuamque
554 3147 716 3231 premunt
736 3161 924 3231 paucorum
942 3140 1085 3212 crimina
1106 3142 1255 3215 turbam.

204 3316 206 3320 2
273 3262 411 3357 Optima
432 3259 576 3332 finitimo
596 3262 751 3354 quatitur
772 3261 850 3332 siue
872 3260 940 3334 fine
962 3268 1112 3336 tumultu

274 3387 430 3469 Mantua,
448 3384 680 3476 magnanimis
702 3384 850 3456 ducibus
870 3387 931 3456 sed
952 3389 1053 3471 fulta,
1077 3402 1215 3458 recusat

274 3507 405 3577 Invicta
423 3506 559 3578 cervice
581 3508 719 3598 iugum,
740 3506 902 3591 civilibus
925 3529 988 3577 usa
1149 3602 1153 3608 ι

274 3633 334 3702 llla
355 3629 494 3723 quidem
515 3631 679 3716 dominis
699 3631 837 3702 externi
858 3631 975 3704 nescia
997 3632 1106 3721 regui.

166 3791 169 3797 ·
272 3753 358 3822 Hinc
380 3751 439 3823 tibi
460 3754 640 3846 composui
660 3773 741 3845 quae
761 3753 926 3845 perlegis
947 3752 1018 3822 otia
1040 3763 1162 3823 nactus
1260 3813 1265 3822 .

272 3850 376 3945 Ruris
392 3875 501 3946 amica
526 3873 584 3944 tui.
607 3875 764 3959 Quonam
783 3897 898 3966 vagus
920 3875 998 3945 avia
1022 3878 1108 3946 calle

270 3999 383 4068 Fusca
405 3998 516 4090 sequi,
539 3998 666 4091 quibus
684 3997 719 4067 in
740 3997 849 4093 pratis
867 4019 985 4070 errare
1003 4000 1136 4070 soleres

238 4107 241 4115 ’
271 4118 422 4191 Assidue
444 4142 579 4192 mecum
602 4122 762 4204 volvens,
786 4143 890 4211 quam
910 4121 1063 4194 fluminis
1085 4144 1192 4205 orant,
