2804 4656
105 297 165 358 llo
299 310 303 318 ·
443 311 483 357 nn
505 310 604 358 nanus
625 310 848 359 raurnrnurnus

107 475 202 546 saepe
223 473 342 523 secum
361 466 511 542 agerem,
531 462 566 523 et
582 454 639 522 ille
658 474 795 544 semper
810 453 963 524 intentus
975 476 1041 526 ceu
1054 457 1185 548 patrios
1272 473 1274 475 ’

106 576 259 648 monitus
280 573 428 656 audiret,
451 574 570 646 incidit
590 587 629 646 ut
648 598 758 668 nuper
773 597 819 645 ex
836 598 932 656 more
950 577 1047 648 illum
1065 577 1187 650 admo-

106 698 200 770 nenti
224 699 290 768 tale
315 717 523 788 responsum
544 697 654 768 daret.
676 694 694 763 'o
715 697 989 790 lntelligoenim,
1008 700 1130 790 inquit,
1151 710 1188 769 et

111 849 125 881 a
155 823 265 890 fateor
278 819 326 889 ita
339 841 420 890 esse
436 829 474 890 ut
487 819 584 891 dicis.
603 819 672 890 Sed
685 820 807 890 alienis
822 822 880 904 uti,
903 821 1024 913 paucis
1042 821 1186 913 quidem

112 973 126 1006 r
155 955 191 1014 et
211 943 246 1013 id
267 964 358 1024 rar0,
383 945 568 1014 multorum
587 951 693 1034 atque
713 952 793 1013 ante
812 943 899 1013 alios
926 943 1036 1017 vestri
1060 944 1188 1034 permi-

110 1096 125 1130 ι)
157 1066 261 1136 serim
277 1065 322 1134 ab
335 1067 510 1158 exemplo.
529 1093 546 1128 r>
562 1066 623 1135 Hic
636 1087 703 1154 ego
717 1065 911 1136 admirans:
936 1067 1103 1158 «Siquid
1123 1090 1188 1136 un·

113 1217 127 1252 »
154 1210 272 1281 quam,
295 1188 351 1271 lili,
379 1190 445 1258 tale
468 1189 555 1258 meis
572 1190 617 1257 in
642 1187 854 1260 carminibus
874 1188 1026 1271 invenie,
1047 1189 1134 1279 seito
1152 1187 1188 1258 id

112 1342 126 1376 r
157 1335 226 1382 non
246 1310 363 1382 iudicii
386 1313 453 1381 mei
476 1332 574 1395 esse,
604 1309 669 1381 sed
694 1311 834 1381 erroris.
867 1311 944 1380 Etsi
969 1310 1060 1381 enim
1094 1309 1188 1382 mille

112 1464 128 1499 r
156 1435 288 1529 passim
307 1434 388 1503 talia
405 1433 441 1502 in
457 1433 569 1525 poetis
588 1430 669 1516 sint,
693 1431 753 1502 ubi
780 1433 911 1504 scilicet
932 1435 1019 1503 alter
1042 1434 1187 1503 alterius

113 1588 127 1621 u
157 1557 275 1629 verbis
297 1577 383 1627 usus
404 1565 471 1638 est,
495 1554 579 1624 milri
600 1566 717 1626 tamen
735 1555 820 1625 nihil
837 1555 1018 1647 operosius
1037 1556 1071 1625 in
1101 1524 1189 1624 dori-

113 1679 271 1750 »hendo
305 1678 460 1770 nihilque
488 1677 662 1748 difficilius
697 1696 736 1748 se
769 1679 885 1764 offert,
919 1700 1022 1770 quam
1056 1680 1190 1748 etmel

114 1803 267 1895 lipsius
293 1811 328 1873 et
352 1804 461 1873 multo
491 1803 649 1872 maxime
677 1800 949 1892 praecedentium
981 1800 1094 1871 vitare
1129 1822 1190 1872 ve-

113 1954 128 1990 »
158 1925 270 2016 stigia.
294 1924 362 1997 Sed
384 1925 441 1996 ubi
462 1947 554 2006 nam,
577 1944 713 2015 quaeso,
732 1932 788 1994 est
802 1923 893 1994 unde
908 1923 996 1994 hanc
1011 1921 1068 1992 tihi
1084 1924 1190 1995 licen·

112 2077 127 2114 r
157 2049 239 2120 tiam
261 2071 309 2119 ex
330 2070 385 2120 me
419 2049 584 2119 sumisir
622 2048 749 2130 Sexta,
788 2047 918 2138 inquit,
958 2046 1007 2116 tui
1027 2046 1191 2118 bucolici

112 2201 126 2237 r
156 2171 320 2244 carminis
340 2174 466 2263 egloga
487 2162 562 2254 est,
577 2169 645 2252 ubi,
665 2169 759 2240 haud
779 2171 898 2260 procul
920 2191 940 2239 a
962 2168 1038 2252 line,
1062 2192 1190 2241 versus

109 2323 128 2391 ι»
158 2304 249 2365 unus
268 2295 315 2363 ita
333 2294 474 2374 desinit,
494 2303 590 2381 atque
607 2295 738 2361 intonat
754 2314 819 2360 ore.
843 2319 858 2352 r
880 2290 1071 2383 Obstupui:
1092 2296 1190 2363 sensi

109 2416 212 2496 enim,
235 2414 292 2483 illo
315 2415 484 2504 loquente,
511 2414 606 2504 quod
632 2436 688 2482 me
715 2413 889 2484 scribente
909 2405 978 2483 noh
1000 2435 1189 2495 senseram,

111 2533 215 2604 finem
236 2555 317 2605 esse
336 2534 516 2624 Virgiliani
537 2555 664 2606 versus
692 2546 794 2605 sexto
814 2535 923 2606 diuini
943 2535 1068 2629 operis,
1085 2536 1190 2629 idque

108 2656 170 2726 tibi
187 2655 353 2727 nunciare
375 2656 546 2750 disposui,
569 2680 639 2729 non
660 2658 755 2750 quod
778 2661 870 2728 ullus
891 2659 1098 2728 correctioni
1118 2681 1192 2729 am-

108 2779 199 2872 plius
234 2780 331 2850 loeus
359 2780 417 2864 sit,
441 2781 594 2851 carmine
619 2780 676 2851 illo
703 2782 770 2851 late
795 2780 864 2851 iam
891 2778 1031 2871 cognito
1050 2799 1092 2849 ae
1113 2783 1191 2850 vul-

38 2944 40 2946 ·
108 2912 205 2994 gato,
229 2901 291 2972 sed
313 2912 350 2972 ut
372 2904 539 2996 teipsum
562 2925 701 2994 arguas,
721 2901 780 2994 qui
798 2902 884 2971 milri
900 2923 1054 2973 errorem
1074 2923 1189 2971 meum

70 3084 71 3087 ,
108 3023 202 3096 hune
222 3025 365 3096 indicari
379 3025 475 3118 prius
496 3026 541 3096 ah
561 3027 628 3097 alio
649 3046 777 3118 passus
799 3024 863 3107 sis,
887 3027 943 3095 vel
965 3024 995 3094 si
1017 3023 1053 3099 id
1072 3024 1191 3095 lorsan

108 3145 263 3237 ignotum
286 3144 347 3214 tihi
368 3146 539 3218 hactenus
560 3149 640 3231 luit,
663 3157 782 3218 notum
800 3168 880 3218 esse
898 3146 1051 3239 incipiat,
1071 3146 1192 3216 simul-

109 3290 179 3362 que
196 3267 282 3338 illud
295 3278 463 3353 occurrat,
479 3290 548 3339 non
563 3272 675 3340 solum
689 3271 758 3341 mei
773 3270 922 3366 studiosi
934 3269 1189 3351 licet-hominis

110 3393 219 3466 multa
246 3402 363 3464 tamen
385 3393 577 3464 litterarum
600 3403 636 3464 et
656 3393 785 3485 ingenii
812 3392 957 3485 penuria
983 3390 1185 3476 laborantis,
1221 3453 1226 3459 .

112 3516 174 3588 sed
203 3537 270 3587 nec
298 3515 401 3586 ullius
431 3513 629 3598 cuiuslibet,
659 3516 752 3585 docti
777 3515 845 3585 viri
871 3514 1023 3585 studium
1052 3514 1191 3606 sicpar

111 3637 231 3723 rebus,
253 3640 336 3731 quin
357 3638 505 3708 multum
531 3658 670 3730 semper
702 3636 861 3706 humanis
880 3637 987 3708 desit
1018 3635 1191 3707 inventio-

111 3757 229 3843 nibus,
264 3759 506 3852 perleotionem
541 3758 606 3829 sihi
640 3768 845 3829 reservante
875 3759 946 3841 illo,
980 3779 1000 3828 a
1033 3777 1105 3848 quo
1136 3767 1192 3826 est

110 3882 286 3957 modicum
317 3881 384 3953 hoc
400 3920 403 3923 -
419 3881 512 3974 quod
546 3880 675 3952 scimus
703 3891 763 3951 aut
790 3901 989 3972 possumus.
1011 3879 1192 3950 Postremo

110 4013 146 4073 et
159 4027 302 4076 mecum
323 4006 399 4099 ipse
418 4004 597 4095 Virgilium
616 4023 695 4074 ores
709 4003 772 4074 det
787 4004 941 4087 veniam,
960 4023 1027 4072 nec
1044 4002 1191 4072 moleste

111 4125 199 4196 ferat
211 4127 249 4209 si,
265 4149 344 4198 cum
359 4127 433 4219 ipse
440 4128 596 4212 Homero,
606 4126 727 4213 Ennio,
741 4128 900 4198 Lucretio
912 4127 1100 4218 multisque
1115 4125 1192 4196 aliis

297 4314 301 4348 J
327 4306 352 4343 “v
