2940 4650
378 335 546 385 uncinulscl
566 336 744 386 PETRARGAE
766 336 1012 386 TESTAMENTUM.
1176 327 1233 387 539

153 478 281 551 ruralis
302 476 478 550 habitatiov
496 499 575 549 mea
593 489 648 550 est
667 476 759 549 diem
787 479 961 563 clausero,
984 490 1019 550 et
1040 481 1133 552 Deus
1159 492 1234 554 tan-

151 614 224 673 tum
252 600 338 671 mibi
359 602 574 673 concesserit
594 599 688 695 quod
710 601 813 672 valde
830 599 948 693 cupio,
975 602 1166 693 cappellam
1188 603 1235 674 ibi

151 724 317 817 exiguam
360 725 405 795 ad
446 694 614 796 honorem
657 723 876 828 Beatissimae
918 724 1038 796 Mariae
1079 724 1234 817 Virginis

151 858 327 931 extruere,
357 848 426 917 illic
457 846 594 940 sepeliri
622 847 734 937 eligo;
761 846 913 939 alioquin
942 846 1086 917 inferius
1110 849 1145 917 iu
1174 849 1236 918 ali-

151 991 223 1063 quo
247 972 322 1041 loco
342 968 492 1041 honesto
513 968 611 1041 iuxta
631 968 813 1040 ecclesiam
840 967 967 1039 Plebis.
995 970 1054 1039 Sin
1081 970 1235 1042 venetiis

152 1092 296 1176 moriar,
324 1090 407 1185 poni
431 1092 513 1162 volo
545 1091 581 1160 in
608 1092 682 1162 loco
716 1091 825 1162 sancti
855 1070 1030 1162 Francisci
1059 1090 1103 1162 de
1128 1092 1237 1164 Vinea

157 1215 232 1287 illic'
258 1223 339 1287 ante
369 1215 497 1287 ostium
517 1213 686 1285 ecclesiae.
709 1214 768 1283 Sin
794 1211 994 1296 Mediolani,
1021 1226 1102 1285 enle
1127 1214 1236 1286 eccle·

156 1338 242 1406 siam
265 1336 361 1408 beati
380 1333 557 1406 Ambrosii
576 1333 675 1405 iuxta
697 1333 845 1428 primum
868 1334 1043 1405 introilum
1065 1334 1124 1426 qui
1151 1334 1237 1406 civi-

156 1457 237 1528 tatis
266 1480 384 1529 muros
407 1457 541 1551 aspicit.
565 1456 625 1527 Sin
645 1457 776 1547 Papiae,
799 1456 834 1525 in
856 1456 1005 1526 ecclesia
1031 1459 1142 1528 sancti
1163 1456 1236 1528 Au·
1339 1487 1342 1493 ’

154 1580 286 1671 gustini
308 1579 367 1651 ubi
387 1555 553 1651 fratribus
577 1581 691 1650 visum
712 1577 826 1649 luerit.
850 1578 885 1647 Si
906 1588 1023 1648 autem
1045 1579 1179 1661 Romae,
1200 1577 1232 1647 in

152 1702 300 1772 ecclesia
336 1708 467 1772 sanctae
488 1702 609 1772 Mariae
641 1699 799 1784 Maioris,
825 1701 882 1770 vel
910 1700 1019 1770 sancti
1043 1699 1147 1785 Petri,
1175 1698 1235 1769 ubi

153 1823 257 1894 inerit
276 1821 522 1917 opportunius
543 1824 602 1893 vel
622 1822 721 1891 iuxta
742 1820 923 1891 ecclesiam
950 1819 1041 1891 hanc
1063 1824 1119 1891 vel
1141 1821 1234 1891 illam

146 1929 244 2013 ¹sicut
258 1941 435 2013 canonicis
455 1941 616 2035 placebit.
639 1940 825 2011 Nominavi
843 1941 916 2011 loca
935 1939 1066 2034 quibus
1086 1963 1151 2032 per
1168 1942 1235 2011 lta-

154 2064 235 2134 liam
256 2063 460 2135 conversari
484 2065 590 2135 soleo.
603 2062 648 2135 Al
665 2064 696 2133 si
712 2065 860 2144 Parmae,
879 2064 914 2132 in
935 2062 1080 2134 ecclesia
1101 2062 1235 2148 maiori,

156 2183 215 2257 ubi
235 2207 297 2278 per
316 2186 445 2256 multos
466 2205 576 2256 annos
594 2183 859 2256 archidiaconus
877 2184 925 2254 sui
943 2184 1072 2255 inutilis
1090 2194 1126 2257 et
1144 2206 1238 2255 sem-

154 2328 216 2399 per
235 2308 308 2377 iere
328 2305 468 2377 absens.
490 2305 550 2376 Sin
573 2305 781 2399 ubicumque
799 2315 972 2378 terrarum
990 2305 1087 2389 alibi,
1107 2307 1141 2377 in
1160 2309 1235 2378 loco

154 2430 314 2499 Fratrum
335 2429 508 2500 minorum
530 2430 559 2499 si
581 2428 627 2500 sit
649 2428 730 2499 ubi:
755 2429 808 2499 sin
827 2430 942 2500 minus
960 2429 994 2499 iu
1012 2451 1236 2524 quacumque

155 2551 222 2622 alia
242 2553 402 2637 ecclesia,
424 2573 507 2645 quae
525 2551 674 2622 vicinior
693 2551 799 2622 fuerit
817 2553 895 2622 loeo
921 2546 1054 2623 mortis'.
1082 2556 1166 2624 Heec
1190 2552 1237 2624 de

156 2675 313 2766 sepulcro
339 2676 454 2766 plura,
474 2676 608 2757 satem,
635 2696 741 2766 quam
776 2673 892 2745 virum
921 2672 1063 2745 doctum
1094 2674 1233 2759 deceat,

154 2797 235 2866 licet
251 2793 298 2865 eb
317 2795 456 2866 indocto
477 2796 571 2866 dicta
592 2796 672 2865 sint.

189 2932 193 2939 ·
252 2917 353 2984 Nunc
372 2916 500 2986 accedo
521 2916 565 2987 ad
582 2916 847 3008 dispositionem
869 2937 991 2987 earum
1018 2938 1133 2986 rerum
1155 2938 1237 3009 quae

155 3044 327 3106 vocentur
351 3035 443 3107 bona
467 3035 657 3119 hominum,
682 3058 758 3106 cum
781 3037 897 3129 potius
923 3038 993 3107 sint
1014 3058 1112 3130 saepe
1129 3040 1237 3133 impe-

155 3159 309 3231 dimenta
326 3158 443 3229 animi.
460 3158 504 3227 Et
520 3159 631 3250 primu
649 3158 812 3252 equidem
830 3159 911 3231 huic
928 3171 1059 3232 sanctae
1077 3163 1236 3234 ecclesiae

156 3279 337 3363 Paduanae,
362 3279 454 3352 unde
474 3280 614 3373 percepi
635 3290 671 3351 et
694 3281 876 3354 commoda
901 3293 936 3353 et
957 3283 1118 3367 honores,
1142 3282 1254 3354 ordi-'

156 3401 238 3474 navi
270 3401 387 3472 animo
420 3400 625 3495 iampridem
656 3401 820 3495 pusillum
854 3412 961 3473 terroe
993 3425 1111 3475 emere
1141 3406 1235 3497 quod

155 3522 267 3595 eidem
290 3531 495 3594 testamento
516 3523 727 3595 dimitterem
749 3525 926 3617 usquead
944 3545 1114 3598 summam
1135 3526 1234 3597 vide-

156 3646 236 3716 licet
260 3645 487 3716 ducentarum
509 3646 674 3717 librarum
707 3646 811 3716 huius
838 3668 958 3740 paruae
983 3659 1147 3732 monetae,
1175 3648 1233 3720 vel

157 3770 233 3859 plus
250 3766 282 3838 si
298 3767 442 3861 possim.
462 3765 531 3839 Sed
548 3765 592 3837 ad
610 3767 699 3838 banc
717 3789 888 3840 summam
907 3769 1020 3840 babeo
1037 3771 1106 3842 iam
1123 3770 1233 3842 verbo

157 3890 326 3961 licentiam
357 3911 378 3958 a
406 3888 591 3982 magnifico
616 3891 746 3962 Paduee
768 3891 909 3963 domino
929 3915 969 3964 nc
989 3892 1130 3966 domino
1156 3916 1234 3967 meo

155 4012 339 4083 Francisco
363 4012 408 4083 de
435 4013 606 4098 Carraria,
621 4036 725 4107 quam
745 4015 799 4085 vel
820 4013 1056 4100 inritamen,
1078 4018 1134 4086 vel
1156 4029 1235 4110 post

157 4133 296 4220 obitum,
317 4135 477 4228 quotiens
496 4155 560 4209 seu
576 4136 867 4228 quandocumque
883 4137 990 4231 petita
1003 4136 1116 4225 fuerit
1132 4139 1234 4211 datu-
