2934 4650
568 446 745 537 nrrsrem
766 471 882 535 xxvru.
937 487 939 491 ·

275 621 468 713 ultnuctscup
491 582 658 669 PETRARCn
681 620 774 669 nzeul
796 622 837 669 DE
860 620 1009 670 cosulere
1030 620 1055 700 s?
1079 621 1106 670 Ρ.
1128 624 1157 671 Ι).

182 762 341 837 Gratulatur
350 749 430 836 'qued
443 762 471 816 in
486 762 601 833 gratiam
611 760 810 833 vicecomitum
824 759 1000 827 deminerum
1010 759 1262 819 Mediolanensium·

253 858 254 861 ’
659 849 781 904 redierit.

279 1033 422 1111 Domine
459 1033 516 1104 mi.
555 1033 695 1106 Litterae
735 1044 883 1116 vestrae,
919 1045 1041 1104 cuncta
1083 1033 1255 1106 videntem

182 1160 292 1230 Deum
320 1164 439 1240 tester,
472 1177 611 1247 semper
637 1155 720 1225 mihi
743 1156 1012 1227 consolationem
1026 1167 1068 1228 ‘et
1091 1155 1256 1248 gaudium

184 1281 393 1351 attulerunt:
430 1277 492 1350 sed
526 1279 630 1351 nullae
665 1299 816 1370 unquam
851 1280 962 1370 magis
992 1300 1099 1371 quem
1130 1279 1256 1372 quibus

185 1402 337 1472 animum
357 1423 478 1474 meum
500 1400 544 1472 de
571 1413 665 1473 statu
687 1413 807 1473 vestre
832 1401 976 1474 anxium
1008 1412 1114 1494 'atque
1144 1401 1257 1475 setici-

184 1536 257 1597 tum
273 1536 308 1595 et
324 1523 574 1617 multiplicibus
594 1523 756 1595 affectem
772 1525 870 1598 euris
892 1525 1097 1617 nuperrime
1122 1540 1257 1597 recrea·

185 1648 264 1720 stis.
280 1649 336 1718 Ex
353 1648 481 1741 quibus
498 1647 611 1730 ericio,
631 1645 725 1739 qued
741 1667 878 1740 semper
895 1647 1012 1741 optavi
1028 1658 1064 1719 et
1081 1662 1176 1741 saepe
1194 1668 1257 1742 pre

186 1771 321 1843 viribus
344 1773 541 1865 procuravi,
563 1782 602 1843 ut
622 1769 751 1842 scilieet
771 1769 817 1840 in
831 1770 1006 1861 magnifici
1033 1770 1162 1843 demini
1188 1774 1256 1843 mei

186 1894 297 1986 gratia
316 1904 351 1966 et
371 1893 614 1966 benevelentia
636 1913 702 1964 ves
723 1892 895 1991 viderem,
917 1895 1013 1986 qued.
1033 1895 1170 1988 utrique
1186 1908 1256 1966 'ue-

186 2030 294 2089 strum
310 2021 344 2088 in
362 2039 426 2089 sue
448 2017 559 2110 gradu
579 2017 670 2102 utile,
686 2015 1010 2118 delectahiieatque
1029 2017 1255 2090 honorificum

184 2140 398 2214 arbitrabar:
419 2163 482 2233 pre
502 2162 572 2232 que
593 2139 645 2208 bis
667 2161 762 2210 anne
777 2140 852 2221 iste,
876 2138 998 2210 eedem
1019 2140 1159 2211 demine
1181 2162 1256 2233 per-

183 2264 348 2347 mittente,
373 2265 537 2334 fumulum
557 2283 669 2333 meum
689 2283 768 2332 eum
791 2236 911 2331 titteris
927 2262 971 2332 ad
984 2283 1047 2332 ves
1063 2263 1152 2332 misi.
1169 2263 1255 2333 Fru-

184 2402 254 2461 stra
272 2399 396 2457 tamen
411 2365 510 2456 Nune
523 2386 753 2469 Deotaveme,
768 2384 864 2476 qued
881 2384 1043 2478 optabam
1060 2385 1177 2467 videe,
1196 2395 1256 2456 eut

182 2523 275 2583 certe
295 2511 339 2581 de
361 2510 520 2601 proxime
542 2530 619 2579 sum
643 2510 796 2579 visurus.
823 2507 957 2580 Gratias
984 2509 1063 2579 lesu
1097 2508 1253 2594 Christe,

181 2635 338 2727 quicum
365 2652 458 2724 saepe
486 2631 590 2715 alias,
619 2641 689 2701 tum
718 2630 820 2702 mede
841 2630 1015 2724 praecipue
1047 2629 1174 2701 vetivis
1203 2653 1256 2702 me

183 2758 380 2828 consolatur
418 2752 614 2824 eventibus.
655 2753 734 2843 lpse
766 2752 908 2844 quidem
941 2753 1102 2854 deminus
1136 2775 1254 2838 mene,

183 2879 282 2948 euius
309 2878 357 2948 rei
384 2897 450 2967 ege
477 2875 542 2944 sibi
569 2896 646 2945 sum
680 2873 793 2955 testis,
820 2896 995 2966 nunquam
1017 2878 1158 2949 a'vebis
1185 2881 1256 2948 ani-

184 3022 279 3071 mum
299 2999 437 3095 penitus
458 2997 608 3068 alienum
630 2996 766 3078 habuit,
787 3016 848 3065 nee
868 3019 1017 3089 unquam
1037 3021 1149 3094 usque
1169 3000 1256 3075 adeo

184 3133 378 3217 praesentes
403 3119 598 3192 inimicitias
624 3119 813 3212 cogitavit,
835 3119 918 3211 quin
940 3122 1067 3215 veteris
1097 3125 1256 3196 amicitiae

185 3245 409 3316 meminisset.
437 3241 538 3327 Qu'ed
572 3243 649 3314 idee
682 3241 813 3313 dietum
836 3239 953 3326 veiim,
977 3253 1014 3313 ut
1035 3264 1098 3313 ves
1118 3269 1257 3341 queque

70 3449 75 3459 Ι
188 3368 232 3438 ud
256 3351 445 3440 amandum
472 3365 725 3459 colendumque
748 3366 848 3434 talem
870 3349 1059 3447 deminum,
1088 3366 1180 3458 qued
1206 3371 1257 3440 fe-

116 3498 117 3501 ’
186 3468 278 3562 cisse
296 3515 360 3564 ves
384 3513 522 3584 semper
543 3491 628 3574 scie,
654 3487 764 3580 magis
785 3507 825 3558 ac
845 3486 957 3578 magis
978 3488 1131 3557 animum
1157 3488 1258 3561 indu-

187 3614 285 3685 catis.
324 3617 416 3686 Sane
451 3613 546 3708 qued
578 3612 729 3686 scribitis
765 3612 832 3682 mei
864 3611 1085 3706 praesentiam
1124 3632 1258 3713 summe

187 3735 363 3809 desiderio
389 3759 454 3810 ves
481 3748 613 3831 eptare,
643 3737 726 3807 mihi
756 3734 895 3828 quidem
919 3744 955 3806 ut
975 3725 1180 3817 iucundum,
1209 3734 1258 3804 sie

187 3863 330 3934 minime
362 3885 492 3935 nevum
521 3862 623 3932 venit.
651 3861 746 3931 Idem
767 3860 858 3931 enirn
881 3881 1034 3953 semper,
1056 3858 1149 3950 qued
1174 3857 1260 3928 ebli-
1326 3920 1328 3928 .

189 3984 276 4056 visci
297 3998 447 4079 nequee,
472 3983 602 4056 meritis
625 3984 710 4053 meis
732 3983 848 4064 nullis,
873 3983 944 4052 seia
971 3982 1128 4076 generosi
1154 3980 1259 4051 animi

190 4110 298 4180 vestri
323 4106 598 4180 mansuetudine·
617 4106 837 4198 concepistis.
861 4105 935 4197 Ege
956 4096 1072 4176 aetem
1094 4116 1258 4197 quantum
