<?xml version="1.0" encoding="UTF-8"?>
<!DOCTYPE html PUBLIC "-//W3C//DTD XHTML 1.0 Transitional//EN"
    "http://www.w3.org/TR/xhtml1/DTD/xhtml1-transitional.dtd">
<html xmlns="http://www.w3.org/1999/xhtml" xml:lang="en" lang="en">
 <head>
  <title>
</title>
<meta http-equiv="Content-Type" content="text/html;charset=utf-8" />
  <meta name='ocr-system' content='tesseract 3.04.00' />
  <meta name='ocr-capabilities' content='ocr_page ocr_carea ocr_par ocr_line ocrx_word'/>
</head>
<body>
  <div class='ocr_page' id='page_1' title='image "./franciscipetrar00fracgoog_0428.png"; bbox 0 0 2934 4650; ppageno 0'>
   <div class='ocr_carea' id='block_1_1' title="bbox 529 560 823 625">
    <p class='ocr_par' dir='ltr' id='par_1_1' title="bbox 529 560 823 625">
     <span class='ocr_line' id='line_1_1' title="bbox 529 560 823 625; baseline 0 -2"><span class='ocrx_word' id='word_1_1' title='bbox 529 560 705 625; x_wconf 73' lang='lat' dir='ltr'><strong>EPISTULA</strong></span> <span class='ocrx_word' id='word_1_2' title='bbox 732 561 823 623; x_wconf 85' lang='lat' dir='ltr'>XLIII.</span> 
     </span>
    </p>
   </div>
   <div class='ocr_carea' id='block_1_2' title="bbox 288 751 1062 810">
    <p class='ocr_par' dir='ltr' id='par_1_2' title="bbox 288 751 1062 810">
     <span class='ocr_line' id='line_1_2' title="bbox 288 751 1062 810; baseline 0.004 -5"><span class='ocrx_word' id='word_1_3' title='bbox 288 758 481 809; x_wconf 75' lang='lat' dir='ltr'>Funuctscus</span> <span class='ocrx_word' id='word_1_4' title='bbox 504 761 671 810; x_wconf 69' lang='lat' dir='ltr'>rainaudi</span> <span class='ocrx_word' id='word_1_5' title='bbox 692 751 910 809; x_wconf 80' lang='lat' dir='ltr'>BIININTENIIIO</span> <span class='ocrx_word' id='word_1_6' title='bbox 933 761 958 810; x_wconf 91' lang='lat' dir='ltr'>S.</span> <span class='ocrx_word' id='word_1_7' title='bbox 982 763 1009 810; x_wconf 83' lang='lat' dir='ltr'>P.</span> <span class='ocrx_word' id='word_1_8' title='bbox 1031 759 1062 810; x_wconf 86' lang='lat' dir='ltr'>D.</span> 
     </span>
    </p>
   </div>
   <div class='ocr_carea' id='block_1_3' title="bbox 192 925 1189 1093">
    <p class='ocr_par' dir='ltr' id='par_1_3' title="bbox 192 925 1189 1093">
     <span class='ocr_line' id='line_1_3' title="bbox 192 925 1189 1000; baseline 0.007 -20"><span class='ocrx_word' id='word_1_9' title='bbox 192 925 281 996; x_wconf 82' lang='lat' dir='ltr'>Rogat</span> <span class='ocrx_word' id='word_1_10' title='bbox 295 931 326 981; x_wconf 89' lang='lat' dir='ltr'>ut</span> <span class='ocrx_word' id='word_1_11' title='bbox 340 927 472 983; x_wconf 83' lang='lat' dir='ltr'><strong>Senatum</strong></span> <span class='ocrx_word' id='word_1_12' title='bbox 487 929 656 1000; x_wconf 75' lang='lat' dir='ltr'>Reipublicae</span> <span class='ocrx_word' id='word_1_13' title='bbox 680 931 791 986; x_wconf 84' lang='lat' dir='ltr'>Venetae</span> <span class='ocrx_word' id='word_1_14' title='bbox 816 931 931 987; x_wconf 84' lang='lat' dir='ltr'>suadeat</span> <span class='ocrx_word' id='word_1_15' title='bbox 944 931 1116 988; x_wconf 71' lang='lat' dir='ltr'>bibliotheca&gt;</span> <span class='ocrx_word' id='word_1_16' title='bbox 1132 949 1189 988; x_wconf 78' lang='lat' dir='ltr'>suar</span> 
     </span>
     <span class='ocr_line' id='line_1_4' title="bbox 506 1019 863 1093; baseline 0.014 -21"><span class='ocrx_word' id='word_1_17' title='bbox 506 1019 610 1074; x_wconf 91' lang='lat' dir='ltr'>donum</span> <span class='ocrx_word' id='word_1_18' title='bbox 625 1027 736 1093; x_wconf 88' lang='lat' dir='ltr'>accepto</span> <span class='ocrx_word' id='word_1_19' title='bbox 750 1022 863 1077; x_wconf 89' lang='lat' dir='ltr'>habere.</span> 
     </span>
    </p>
   </div>
   <div class='ocr_carea' id='block_1_4' title="bbox 143 1256 1280 4168">
    <p class='ocr_par' dir='ltr' id='par_1_4' title="bbox 134 1256 1280 4168">
     <span class='ocr_line' id='line_1_5' title="bbox 243 1256 1223 1355; baseline 0.01 -29"><span class='ocrx_word' id='word_1_20' title='bbox 243 1256 377 1343; x_wconf 79' lang='lat' dir='ltr'>OmniS,</span> <span class='ocrx_word' id='word_1_21' title='bbox 413 1269 450 1330; x_wconf 92' lang='lat' dir='ltr'>ut</span> <span class='ocrx_word' id='word_1_22' title='bbox 481 1258 642 1344; x_wconf 77' lang='lat' dir='ltr'>arbitror,</span> <span class='ocrx_word' id='word_1_23' title='bbox 679 1263 769 1334; x_wconf 90' lang='lat' dir='ltr'>inter</span> <span class='ocrx_word' id='word_1_24' title='bbox 802 1283 866 1334; x_wconf 90' lang='lat' dir='ltr'>nos</span> <span class='ocrx_word' id='word_1_25' title='bbox 902 1263 1095 1355; x_wconf 79' lang='lat' dir='ltr'>grallarum</span> <span class='ocrx_word' id='word_1_26' title='bbox 1134 1265 1223 1337; x_wconf 87' lang='lat' dir='ltr'>actio</span> 
     </span>
     <span class='ocr_line' id='line_1_6' title="bbox 144 1377 1223 1478; baseline 0.005 -28"><span class='ocrx_word' id='word_1_27' title='bbox 144 1377 309 1473; x_wconf 86' lang='lat' dir='ltr'>deinceps</span> <span class='ocrx_word' id='word_1_28' title='bbox 331 1401 550 1474; x_wconf 89' lang='lat' dir='ltr'>supervacua</span> <span class='ocrx_word' id='word_1_29' title='bbox 570 1395 634 1454; x_wconf 88' lang='lat' dir='ltr'>est.</span> <span class='ocrx_word' id='word_1_30' title='bbox 661 1385 712 1456; x_wconf 86' lang='lat' dir='ltr'>Eo</span> <span class='ocrx_word' id='word_1_31' title='bbox 741 1384 833 1456; x_wconf 89' lang='lat' dir='ltr'>enim</span> <span class='ocrx_word' id='word_1_32' title='bbox 860 1386 1021 1457; x_wconf 86' lang='lat' dir='ltr'>amicitiae</span> <span class='ocrx_word' id='word_1_33' title='bbox 1047 1386 1223 1478; x_wconf 79' lang='lat' dir='ltr'>progressi</span> 
     </span>
     <span class='ocr_line' id='line_1_7' title="bbox 145 1493 1224 1600; baseline 0.007 -29"><span class='ocrx_word' id='word_1_34' title='bbox 145 1521 284 1600; x_wconf 73' lang='lat' dir='ltr'>eumue,</span> <span class='ocrx_word' id='word_1_35' title='bbox 314 1512 352 1572; x_wconf 88' lang='lat' dir='ltr'>ut</span> <span class='ocrx_word' id='word_1_36' title='bbox 373 1502 468 1595; x_wconf 87' lang='lat' dir='ltr'>quod</span> <span class='ocrx_word' id='word_1_37' title='bbox 488 1501 570 1573; x_wconf 93' lang='lat' dir='ltr'>mihi</span> <span class='ocrx_word' id='word_1_38' title='bbox 594 1506 677 1576; x_wconf 81' lang='lat' dir='ltr'>iacis</span> <span class='ocrx_word' id='word_1_39' title='bbox 699 1503 759 1576; x_wconf 92' lang='lat' dir='ltr'>tibi</span> <span class='ocrx_word' id='word_1_40' title='bbox 782 1493 898 1578; x_wconf 84' lang='lat' dir='ltr'>iacias.</span> <span class='ocrx_word' id='word_1_41' title='bbox 926 1505 1052 1598; x_wconf 86' lang='lat' dir='ltr'>Egisse</span> <span class='ocrx_word' id='word_1_42' title='bbox 1078 1518 1113 1579; x_wconf 89' lang='lat' dir='ltr'>te</span> <span class='ocrx_word' id='word_1_43' title='bbox 1136 1509 1224 1589; x_wconf 88' lang='lat' dir='ltr'>meis</span> 
     </span>
     <span class='ocr_line' id='line_1_8' title="bbox 146 1606 1280 1721; baseline 0.011 -31"><span class='ocrx_word' id='word_1_44' title='bbox 146 1623 179 1693; x_wconf 89' lang='lat' dir='ltr'>in</span> <span class='ocrx_word' id='word_1_45' title='bbox 200 1623 314 1708; x_wconf 92' lang='lat' dir='ltr'>rebus,</span> <span class='ocrx_word' id='word_1_46' title='bbox 331 1646 412 1718; x_wconf 84' lang='lat' dir='ltr'>quae</span> <span class='ocrx_word' id='word_1_47' title='bbox 435 1635 517 1697; x_wconf 87' lang='lat' dir='ltr'>sunt</span> <span class='ocrx_word' id='word_1_48' title='bbox 538 1635 615 1711; x_wconf 82' lang='lat' dir='ltr'>tuae,</span> <span class='ocrx_word' id='word_1_49' title='bbox 639 1626 734 1719; x_wconf 90' lang='lat' dir='ltr'>quod</span> <span class='ocrx_word' id='word_1_50' title='bbox 755 1630 790 1698; x_wconf 88' lang='lat' dir='ltr'>ln</span> <span class='ocrx_word' id='word_1_51' title='bbox 811 1629 959 1721; x_wconf 89' lang='lat' dir='ltr'>propriis</span> <span class='ocrx_word' id='word_1_52' title='bbox 989 1651 1114 1720; x_wconf 88' lang='lat' dir='ltr'>ageres</span> <span class='ocrx_word' id='word_1_53' title='bbox 1136 1630 1222 1715; x_wconf 91' lang='lat' dir='ltr'>scio,</span> <span class='ocrx_word' id='word_1_54' title='bbox 1273 1606 1280 1619; x_wconf 49' lang='lat'>⁸</span> 
     </span>
     <span class='ocr_line' id='line_1_9' title="bbox 144 1748 1225 1845; baseline 0.003 -28"><span class='ocrx_word' id='word_1_55' title='bbox 144 1757 179 1819; x_wconf 91' lang='lat' dir='ltr'>et</span> <span class='ocrx_word' id='word_1_56' title='bbox 207 1748 365 1819; x_wconf 84' lang='lat' dir='ltr'>fortassis</span> <span class='ocrx_word' id='word_1_57' title='bbox 391 1770 433 1821; x_wconf 93' lang='lat' dir='ltr'>eo</span> <span class='ocrx_word' id='word_1_58' title='bbox 458 1751 608 1845; x_wconf 90' lang='lat' dir='ltr'>amplius</span> <span class='ocrx_word' id='word_1_59' title='bbox 637 1773 709 1843; x_wconf 89' lang='lat' dir='ltr'>quo</span> <span class='ocrx_word' id='word_1_60' title='bbox 743 1772 915 1842; x_wconf 89' lang='lat' dir='ltr'>generosa</span> <span class='ocrx_word' id='word_1_61' title='bbox 943 1772 1043 1822; x_wconf 90' lang='lat' dir='ltr'>mens</span> <span class='ocrx_word' id='word_1_62' title='bbox 1070 1751 1113 1823; x_wconf 86' lang='lat' dir='ltr'>ad</span> <span class='ocrx_word' id='word_1_63' title='bbox 1138 1752 1225 1822; x_wconf 53' lang='lat' dir='ltr'>amiss</span> 
     </span>
     <span class='ocr_line' id='line_1_10' title="bbox 143 1847 1225 1965; baseline 0.003 -25"><span class='ocrx_word' id='word_1_64' title='bbox 143 1870 237 1942; x_wconf 87' lang='lat' dir='ltr'>eitiae</span> <span class='ocrx_word' id='word_1_65' title='bbox 269 1879 395 1942; x_wconf 86' lang='lat' dir='ltr'>nomeu</span> <span class='ocrx_word' id='word_1_66' title='bbox 428 1847 532 1944; x_wconf 87' lang='lat' dir='ltr'>altius</span> <span class='ocrx_word' id='word_1_67' title='bbox 566 1873 763 1965; x_wconf 82' lang='lat' dir='ltr'>expergisci</span> <span class='ocrx_word' id='word_1_68' title='bbox 797 1885 832 1945; x_wconf 91' lang='lat' dir='ltr'>et</span> <span class='ocrx_word' id='word_1_69' title='bbox 865 1872 1015 1944; x_wconf 90' lang='lat' dir='ltr'>stimulis</span> <span class='ocrx_word' id='word_1_70' title='bbox 1049 1870 1225 1944; x_wconf 89' lang='lat' dir='ltr'>ardenti0·</span> 
     </span>
     <span class='ocr_line' id='line_1_11' title="bbox 144 1991 1224 2085; baseline 0.004 -23"><span class='ocrx_word' id='word_1_71' title='bbox 144 1991 241 2065; x_wconf 91' lang='lat' dir='ltr'>ribus</span> <span class='ocrx_word' id='word_1_72' title='bbox 267 1993 323 2085; x_wconf 86' lang='lat' dir='ltr'>agi</span> <span class='ocrx_word' id='word_1_73' title='bbox 354 1997 452 2066; x_wconf 89' lang='lat' dir='ltr'>solet.</span> <span class='ocrx_word' id='word_1_74' title='bbox 486 1997 534 2065; x_wconf 88' lang='lat' dir='ltr'>De</span> <span class='ocrx_word' id='word_1_75' title='bbox 553 2007 684 2076; x_wconf 84' lang='lat' dir='ltr'>eventu</span> <span class='ocrx_word' id='word_1_76' title='bbox 705 1994 833 2067; x_wconf 91' lang='lat' dir='ltr'>viderit</span> <span class='ocrx_word' id='word_1_77' title='bbox 866 2017 934 2066; x_wconf 91' lang='lat' dir='ltr'>non</span> <span class='ocrx_word' id='word_1_78' title='bbox 956 1995 1128 2079; x_wconf 85' lang='lat' dir='ltr'>Fortuna,</span> <span class='ocrx_word' id='word_1_79' title='bbox 1160 1994 1224 2066; x_wconf 90' lang='lat' dir='ltr'>sed</span> 
     </span>
     <span class='ocr_line' id='line_1_12' title="bbox 143 2114 1225 2209; baseline 0.001 -22"><span class='ocrx_word' id='word_1_80' title='bbox 143 2116 306 2204; x_wconf 80' lang='lat' dir='ltr'>Fortunae</span> <span class='ocrx_word' id='word_1_81' title='bbox 326 2117 493 2188; x_wconf 88' lang='lat' dir='ltr'>Dominus</span> <span class='ocrx_word' id='word_1_82' title='bbox 514 2139 575 2208; x_wconf 84' lang='lat' dir='ltr'>qur</span> <span class='ocrx_word' id='word_1_83' title='bbox 602 2117 685 2186; x_wconf 91' lang='lat' dir='ltr'>mibi</span> <span class='ocrx_word' id='word_1_84' title='bbox 716 2117 808 2188; x_wconf 90' lang='lat' dir='ltr'>hunc</span> <span class='ocrx_word' id='word_1_85' title='bbox 843 2116 972 2209; x_wconf 91' lang='lat' dir='ltr'>tibique</span> <span class='ocrx_word' id='word_1_86' title='bbox 1006 2117 1100 2186; x_wconf 89' lang='lat' dir='ltr'>illum</span> <span class='ocrx_word' id='word_1_87' title='bbox 1128 2114 1225 2188; x_wconf 82' lang='lat' dir='ltr'>dedit</span> 
     </span>
     <span class='ocr_line' id='line_1_13' title="bbox 146 2237 1224 2331; baseline 0 -23"><span class='ocrx_word' id='word_1_88' title='bbox 146 2238 316 2321; x_wconf 89' lang='lat' dir='ltr'>animum,</span> <span class='ocrx_word' id='word_1_89' title='bbox 332 2247 369 2309; x_wconf 89' lang='lat' dir='ltr'>ut</span> <span class='ocrx_word' id='word_1_90' title='bbox 386 2248 422 2309; x_wconf 90' lang='lat' dir='ltr'>et</span> <span class='ocrx_word' id='word_1_91' title='bbox 442 2237 508 2310; x_wconf 90' lang='lat' dir='ltr'>hoe</span> <span class='ocrx_word' id='word_1_92' title='bbox 527 2259 593 2330; x_wconf 88' lang='lat' dir='ltr'>ego</span> <span class='ocrx_word' id='word_1_93' title='bbox 612 2241 701 2310; x_wconf 92' lang='lat' dir='ltr'>velle</span> <span class='ocrx_word' id='word_1_94' title='bbox 718 2238 916 2331; x_wconf 85' lang='lat' dir='ltr'>inciperem,</span> <span class='ocrx_word' id='word_1_95' title='bbox 936 2250 971 2310; x_wconf 90' lang='lat' dir='ltr'>et</span> <span class='ocrx_word' id='word_1_96' title='bbox 989 2246 1025 2309; x_wconf 92' lang='lat' dir='ltr'>tu</span> <span class='ocrx_word' id='word_1_97' title='bbox 1043 2238 1140 2331; x_wconf 91' lang='lat' dir='ltr'>pium</span> <span class='ocrx_word' id='word_1_98' title='bbox 1160 2237 1224 2309; x_wconf 91' lang='lat' dir='ltr'>hoc</span> 
     </span>
     <span class='ocr_line' id='line_1_14' title="bbox 145 2358 1225 2456; baseline 0 -26"><span class='ocrx_word' id='word_1_99' title='bbox 145 2360 363 2454; x_wconf 89' lang='lat' dir='ltr'>propositum</span> <span class='ocrx_word' id='word_1_100' title='bbox 384 2361 595 2446; x_wconf 83' lang='lat' dir='ltr'>adiuvares3</span> <span class='ocrx_word' id='word_1_101' title='bbox 617 2362 713 2456; x_wconf 92' lang='lat' dir='ltr'>quod</span> <span class='ocrx_word' id='word_1_102' title='bbox 734 2362 763 2432; x_wconf 92' lang='lat' dir='ltr'>si</span> <span class='ocrx_word' id='word_1_103' title='bbox 783 2369 901 2456; x_wconf 89' lang='lat' dir='ltr'>optato</span> <span class='ocrx_word' id='word_1_104' title='bbox 923 2358 1140 2442; x_wconf 85' lang='lat' dir='ltr'>successerit,</span> <span class='ocrx_word' id='word_1_105' title='bbox 1159 2361 1225 2431; x_wconf 88' lang='lat' dir='ltr'>erit</span> 
     </span>
     <span class='ocr_line' id='line_1_15' title="bbox 145 2483 1224 2580; baseline 0.001 -28"><span class='ocrx_word' id='word_1_106' title='bbox 145 2484 178 2552; x_wconf 91' lang='lat' dir='ltr'>ni</span> <span class='ocrx_word' id='word_1_107' title='bbox 200 2486 307 2570; x_wconf 82' lang='lat' dir='ltr'>fallor,</span> <span class='ocrx_word' id='word_1_108' title='bbox 328 2484 448 2557; x_wconf 86' lang='lat' dir='ltr'>tibiae</span> <span class='ocrx_word' id='word_1_109' title='bbox 466 2487 612 2580; x_wconf 87' lang='lat' dir='ltr'>posteris</span> <span class='ocrx_word' id='word_1_110' title='bbox 630 2499 769 2579; x_wconf 83' lang='lat' dir='ltr'>tuaeque</span> <span class='ocrx_word' id='word_1_111' title='bbox 791 2484 1003 2579; x_wconf 88' lang='lat' dir='ltr'>reipublicae,</span> <span class='ocrx_word' id='word_1_112' title='bbox 1024 2507 1092 2554; x_wconf 90' lang='lat' dir='ltr'>non</span> <span class='ocrx_word' id='word_1_113' title='bbox 1114 2483 1224 2555; x_wconf 82' lang='lat' dir='ltr'>audeo</span> 
     </span>
     <span class='ocr_line' id='line_1_16' title="bbox 145 2606 1223 2699; baseline -0.004 -21"><span class='ocrx_word' id='word_1_114' title='bbox 145 2607 261 2679; x_wconf 82' lang='lat' dir='ltr'>dinero</span> <span class='ocrx_word' id='word_1_115' title='bbox 282 2607 488 2698; x_wconf 89' lang='lat' dir='ltr'>gloriosum,</span> <span class='ocrx_word' id='word_1_116' title='bbox 511 2608 573 2681; x_wconf 90' lang='lat' dir='ltr'>sed</span> <span class='ocrx_word' id='word_1_117' title='bbox 595 2631 717 2681; x_wconf 91' lang='lat' dir='ltr'>secure</span> <span class='ocrx_word' id='word_1_118' title='bbox 744 2607 893 2679; x_wconf 85' lang='lat' dir='ltr'>dixerim</span> <span class='ocrx_word' id='word_1_119' title='bbox 916 2607 962 2679; x_wconf 94' lang='lat' dir='ltr'>ad</span> <span class='ocrx_word' id='word_1_120' title='bbox 982 2606 1125 2699; x_wconf 84' lang='lat' dir='ltr'>gloriam</span> <span class='ocrx_word' id='word_1_121' title='bbox 1153 2606 1223 2676; x_wconf 84' lang='lat' dir='ltr'>via.</span> 
     </span>
     <span class='ocr_line' id='line_1_17' title="bbox 147 2716 1225 2825; baseline 0 -26"><span class='ocrx_word' id='word_1_122' title='bbox 147 2716 264 2800; x_wconf 87' lang='lat' dir='ltr'>lIIuItae</span> <span class='ocrx_word' id='word_1_123' title='bbox 285 2730 387 2814; x_wconf 89' lang='lat' dir='ltr'>enim,</span> <span class='ocrx_word' id='word_1_124' title='bbox 403 2753 542 2823; x_wconf 89' lang='lat' dir='ltr'>magnae</span> <span class='ocrx_word' id='word_1_125' title='bbox 563 2742 599 2802; x_wconf 88' lang='lat' dir='ltr'>et</span> <span class='ocrx_word' id='word_1_126' title='bbox 619 2733 799 2825; x_wconf 86' lang='lat' dir='ltr'>praeclarae</span> <span class='ocrx_word' id='word_1_127' title='bbox 813 2751 870 2801; x_wconf 84' lang='lat' dir='ltr'>res</span> <span class='ocrx_word' id='word_1_128' title='bbox 883 2753 930 2799; x_wconf 85' lang='lat' dir='ltr'>ex</span> <span class='ocrx_word' id='word_1_129' title='bbox 948 2752 1016 2801; x_wconf 91' lang='lat' dir='ltr'>non</span> <span class='ocrx_word' id='word_1_130' title='bbox 1035 2729 1225 2801; x_wconf 86' lang='lat' dir='ltr'>maioribus</span> 
     </span>
     <span class='ocr_line' id='line_1_18' title="bbox 147 2850 1225 2944; baseline -0.001 -23"><span class='ocrx_word' id='word_1_131' title='bbox 147 2852 253 2922; x_wconf 87' lang='lat' dir='ltr'>initiis</span> <span class='ocrx_word' id='word_1_132' title='bbox 274 2853 445 2944; x_wconf 90' lang='lat' dir='ltr'>prodiere.</span> <span class='ocrx_word' id='word_1_133' title='bbox 467 2852 551 2923; x_wconf 87' lang='lat' dir='ltr'>illibi</span> <span class='ocrx_word' id='word_1_134' title='bbox 571 2852 733 2944; x_wconf 90' lang='lat' dir='ltr'>equidem</span> <span class='ocrx_word' id='word_1_135' title='bbox 754 2851 855 2922; x_wconf 88' lang='lat' dir='ltr'>bonae</span> <span class='ocrx_word' id='word_1_136' title='bbox 872 2851 1059 2922; x_wconf 90' lang='lat' dir='ltr'>voluntatis</span> <span class='ocrx_word' id='word_1_137' title='bbox 1078 2850 1225 2922; x_wconf 76' lang='lat' dir='ltr'>candIda</span> 
     </span>
     <span class='ocr_line' id='line_1_19' title="bbox 148 2971 1225 3064; baseline 0.001 -23"><span class='ocrx_word' id='word_1_138' title='bbox 148 2981 184 3042; x_wconf 89' lang='lat' dir='ltr'>et</span> <span class='ocrx_word' id='word_1_139' title='bbox 203 2971 318 3042; x_wconf 91' lang='lat' dir='ltr'>illimis</span> <span class='ocrx_word' id='word_1_140' title='bbox 339 2971 550 3043; x_wconf 87' lang='lat' dir='ltr'>conscientia</span> <span class='ocrx_word' id='word_1_141' title='bbox 572 2973 656 3042; x_wconf 88' lang='lat' dir='ltr'>satis</span> <span class='ocrx_word' id='word_1_142' title='bbox 677 2981 744 3052; x_wconf 90' lang='lat' dir='ltr'>est,</span> <span class='ocrx_word' id='word_1_143' title='bbox 766 2993 847 3063; x_wconf 77' lang='lat' dir='ltr'>quae</span> <span class='ocrx_word' id='word_1_144' title='bbox 874 2992 911 3041; x_wconf 91' lang='lat' dir='ltr'>se</span> <span class='ocrx_word' id='word_1_145' title='bbox 937 2972 1067 3043; x_wconf 89' lang='lat' dir='ltr'>utinam</span> <span class='ocrx_word' id='word_1_146' title='bbox 1096 2983 1225 3064; x_wconf 90' lang='lat' dir='ltr'>tempe-</span> 
     </span>
     <span class='ocr_line' id='line_1_20' title="bbox 150 3093 1224 3195; baseline 0.001 -30"><span class='ocrx_word' id='word_1_147' title='bbox 150 3094 276 3166; x_wconf 88' lang='lat' dir='ltr'>stivius</span> <span class='ocrx_word' id='word_1_148' title='bbox 296 3094 494 3178; x_wconf 86' lang='lat' dir='ltr'>obtulisset,</span> <span class='ocrx_word' id='word_1_149' title='bbox 516 3093 599 3166; x_wconf 91' lang='lat' dir='ltr'>dum</span> <span class='ocrx_word' id='word_1_150' title='bbox 625 3093 755 3195; x_wconf 85' lang='lat' dir='ltr'>scilicet</span> <span class='ocrx_word' id='word_1_151' title='bbox 782 3093 896 3164; x_wconf 88' lang='lat' dir='ltr'>anima</span> <span class='ocrx_word' id='word_1_152' title='bbox 921 3093 977 3165; x_wconf 92' lang='lat' dir='ltr'>illa</span> <span class='ocrx_word' id='word_1_153' title='bbox 1004 3093 1224 3166; x_wconf 76' lang='lat' dir='ltr'>sancdssima</span> 
     </span>
     <span class='ocr_line' id='line_1_21' title="bbox 150 3217 1223 3310; baseline -0.001 -22"><span class='ocrx_word' id='word_1_154' title='bbox 150 3240 296 3290; x_wconf 85' lang='lat' dir='ltr'>summae</span> <span class='ocrx_word' id='word_1_155' title='bbox 329 3242 446 3291; x_wconf 90' lang='lat' dir='ltr'>rerum</span> <span class='ocrx_word' id='word_1_156' title='bbox 482 3226 645 3310; x_wconf 86' lang='lat' dir='ltr'>praeerat,</span> <span class='ocrx_word' id='word_1_157' title='bbox 667 3237 748 3308; x_wconf 88' lang='lat' dir='ltr'>quae</span> <span class='ocrx_word' id='word_1_158' title='bbox 767 3226 935 3308; x_wconf 87' lang='lat' dir='ltr'>quantum</span> <span class='ocrx_word' id='word_1_159' title='bbox 958 3217 1038 3289; x_wconf 90' lang='lat' dir='ltr'>bine</span> <span class='ocrx_word' id='word_1_160' title='bbox 1057 3219 1223 3310; x_wconf 88' lang='lat' dir='ltr'>gavisura</span> 
     </span>
     <span class='ocr_line' id='line_1_22' title="bbox 147 3340 1223 3435; baseline -0.003 -22"><span class='ocrx_word' id='word_1_161' title='bbox 147 3341 251 3413; x_wconf 78' lang='lat' dir='ltr'>luerit</span> <span class='ocrx_word' id='word_1_162' title='bbox 284 3341 358 3435; x_wconf 92' lang='lat' dir='ltr'>ipse</span> <span class='ocrx_word' id='word_1_163' title='bbox 387 3340 447 3434; x_wconf 93' lang='lat' dir='ltr'>qui</span> <span class='ocrx_word' id='word_1_164' title='bbox 479 3363 556 3412; x_wconf 92' lang='lat' dir='ltr'>eam</span> <span class='ocrx_word' id='word_1_165' title='bbox 584 3342 685 3432; x_wconf 88' lang='lat' dir='ltr'>plane</span> <span class='ocrx_word' id='word_1_166' title='bbox 711 3361 815 3411; x_wconf 90' lang='lat' dir='ltr'>noras</span> <span class='ocrx_word' id='word_1_167' title='bbox 848 3341 995 3411; x_wconf 86' lang='lat' dir='ltr'>aestima.</span> <span class='ocrx_word' id='word_1_168' title='bbox 1030 3341 1131 3411; x_wconf 90' lang='lat' dir='ltr'>Certe</span> <span class='ocrx_word' id='word_1_169' title='bbox 1157 3360 1223 3429; x_wconf 90' lang='lat' dir='ltr'>ego</span> 
     </span>
     <span class='ocr_line' id='line_1_23' title="bbox 147 3461 1221 3555; baseline -0.003 -23"><span class='ocrx_word' id='word_1_170' title='bbox 147 3463 240 3535; x_wconf 91' lang='lat' dir='ltr'>illam</span> <span class='ocrx_word' id='word_1_171' title='bbox 261 3486 354 3534; x_wconf 91' lang='lat' dir='ltr'>nuno</span> <span class='ocrx_word' id='word_1_172' title='bbox 377 3463 422 3536; x_wconf 89' lang='lat' dir='ltr'>de</span> <span class='ocrx_word' id='word_1_173' title='bbox 447 3465 535 3535; x_wconf 90' lang='lat' dir='ltr'>oaelo</span> <span class='ocrx_word' id='word_1_174' title='bbox 561 3461 714 3553; x_wconf 88' lang='lat' dir='ltr'>gaudere</span> <span class='ocrx_word' id='word_1_175' title='bbox 736 3484 841 3555; x_wconf 89' lang='lat' dir='ltr'>super</span> <span class='ocrx_word' id='word_1_176' title='bbox 863 3463 917 3533; x_wconf 91' lang='lat' dir='ltr'>bis</span> <span class='ocrx_word' id='word_1_177' title='bbox 942 3482 1022 3554; x_wconf 90' lang='lat' dir='ltr'>quae</span> <span class='ocrx_word' id='word_1_178' title='bbox 1044 3461 1132 3531; x_wconf 89' lang='lat' dir='ltr'>inter</span> <span class='ocrx_word' id='word_1_179' title='bbox 1157 3481 1221 3530; x_wconf 89' lang='lat' dir='ltr'>nos</span> 
     </span>
     <span class='ocr_line' id='line_1_24' title="bbox 147 3581 1222 3678; baseline -0.005 -21"><span class='ocrx_word' id='word_1_180' title='bbox 147 3594 314 3678; x_wconf 89' lang='lat' dir='ltr'>aguntur,</span> <span class='ocrx_word' id='word_1_181' title='bbox 337 3595 372 3656; x_wconf 92' lang='lat' dir='ltr'>et</span> <span class='ocrx_word' id='word_1_182' title='bbox 391 3586 442 3656; x_wconf 90' lang='lat' dir='ltr'>rei</span> <span class='ocrx_word' id='word_1_183' title='bbox 462 3585 596 3656; x_wconf 83' lang='lat' dir='ltr'>exitum</span> <span class='ocrx_word' id='word_1_184' title='bbox 618 3596 805 3678; x_wconf 86' lang='lat' dir='ltr'>expectare</span> <span class='ocrx_word' id='word_1_185' title='bbox 834 3583 932 3678; x_wconf 85' lang='lat' dir='ltr'>(quid</span> <span class='ocrx_word' id='word_1_186' title='bbox 955 3581 1125 3676; x_wconf 76' lang='lat' dir='ltr'>loquori),</span> <span class='ocrx_word' id='word_1_187' title='bbox 1155 3581 1222 3652; x_wconf 93' lang='lat' dir='ltr'>imo</span> 
     </span>
     <span class='ocr_line' id='line_1_25' title="bbox 147 3706 1220 3801; baseline -0.003 -23"><span class='ocrx_word' id='word_1_188' title='bbox 147 3729 231 3779; x_wconf 90' lang='lat' dir='ltr'>vero</span> <span class='ocrx_word' id='word_1_189' title='bbox 249 3707 317 3779; x_wconf 91' lang='lat' dir='ltr'>iam</span> <span class='ocrx_word' id='word_1_190' title='bbox 334 3719 544 3801; x_wconf 87' lang='lat' dir='ltr'>praesentem</span> <span class='ocrx_word' id='word_1_191' title='bbox 564 3718 721 3801; x_wconf 88' lang='lat' dir='ltr'>spectare</span> <span class='ocrx_word' id='word_1_192' title='bbox 739 3729 807 3778; x_wconf 89' lang='lat' dir='ltr'>non</span> <span class='ocrx_word' id='word_1_193' title='bbox 822 3729 899 3778; x_wconf 90' lang='lat' dir='ltr'>sum</span> <span class='ocrx_word' id='word_1_194' title='bbox 912 3706 1042 3779; x_wconf 92' lang='lat' dir='ltr'>dubius</span> <span class='ocrx_word' id='word_1_195' title='bbox 1063 3728 1132 3777; x_wconf 91' lang='lat' dir='ltr'>non</span> <span class='ocrx_word' id='word_1_196' title='bbox 1152 3715 1220 3775; x_wconf 91' lang='lat' dir='ltr'>tam</span> 
     </span>
     <span class='ocr_line' id='line_1_26' title="bbox 144 3828 1221 3923; baseline -0.005 -20"><span class='ocrx_word' id='word_1_197' title='bbox 144 3851 247 3923; x_wconf 78' lang='lat' dir='ltr'>aequo</span> <span class='ocrx_word' id='word_1_198' title='bbox 269 3832 331 3903; x_wconf 90' lang='lat' dir='ltr'>sed</span> <span class='ocrx_word' id='word_1_199' title='bbox 354 3832 434 3902; x_wconf 74' lang='lat' dir='ltr'>laeto</span> <span class='ocrx_word' id='word_1_200' title='bbox 455 3829 571 3900; x_wconf 91' lang='lat' dir='ltr'>animo</span> <span class='ocrx_word' id='word_1_201' title='bbox 591 3831 772 3915; x_wconf 84' lang='lat' dir='ltr'>serentem,</span> <span class='ocrx_word' id='word_1_202' title='bbox 794 3829 991 3923; x_wconf 91' lang='lat' dir='ltr'>quodcum</span> <span class='ocrx_word' id='word_1_203' title='bbox 1013 3828 1078 3900; x_wconf 93' lang='lat' dir='ltr'>sibi</span> <span class='ocrx_word' id='word_1_204' title='bbox 1100 3848 1221 3899; x_wconf 90' lang='lat' dir='ltr'>omnes</span> 
     </span>
     <span class='ocr_line' id='line_1_27' title="bbox 144 3952 1218 4048; baseline -0.002 -26"><span class='ocrx_word' id='word_1_205' title='bbox 144 3953 284 4026; x_wconf 89' lang='lat' dir='ltr'>virtutis</span> <span class='ocrx_word' id='word_1_206' title='bbox 304 3965 339 4026; x_wconf 93' lang='lat' dir='ltr'>et</span> <span class='ocrx_word' id='word_1_207' title='bbox 359 3953 481 4048; x_wconf 88' lang='lat' dir='ltr'>gloriae</span> <span class='ocrx_word' id='word_1_208' title='bbox 506 3952 624 4024; x_wconf 88' lang='lat' dir='ltr'>titulos</span> <span class='ocrx_word' id='word_1_209' title='bbox 655 3953 689 4024; x_wconf 90' lang='lat' dir='ltr'>in</span> <span class='ocrx_word' id='word_1_210' title='bbox 716 3955 842 4026; x_wconf 90' lang='lat' dir='ltr'>eoelum</span> <span class='ocrx_word' id='word_1_211' title='bbox 865 3956 1001 4025; x_wconf 84' lang='lat' dir='ltr'>auferre</span> <span class='ocrx_word' id='word_1_212' title='bbox 1022 3952 1218 4044; x_wconf 87' lang='lat' dir='ltr'>contigerit,</span> 
     </span>
     <span class='ocr_line' id='line_1_28' title="bbox 143 4076 1217 4168; baseline -0.002 -22"><span class='ocrx_word' id='word_1_213' title='bbox 143 4085 310 4166; x_wconf 90' lang='lat' dir='ltr'>quantum</span> <span class='ocrx_word' id='word_1_214' title='bbox 337 4077 455 4150; x_wconf 88' lang='lat' dir='ltr'>nescio</span> <span class='ocrx_word' id='word_1_215' title='bbox 491 4098 534 4148; x_wconf 86' lang='lat' dir='ltr'>an</span> <span class='ocrx_word' id='word_1_216' title='bbox 569 4079 628 4148; x_wconf 93' lang='lat' dir='ltr'>ulli</span> <span class='ocrx_word' id='word_1_217' title='bbox 666 4098 818 4168; x_wconf 88' lang='lat' dir='ltr'>unquam</span> <span class='ocrx_word' id='word_1_218' title='bbox 839 4076 1049 4149; x_wconf 90' lang='lat' dir='ltr'>Venetorum</span> <span class='ocrx_word' id='word_1_219' title='bbox 1071 4077 1217 4159; x_wconf 87' lang='lat' dir='ltr'>Ducum,</span> 
     </span>
    </p>
   </div>
   <div class='ocr_carea' id='block_1_5' title="bbox 0 0 1473 4650">
    <p class='ocr_par' dir='ltr' id='par_1_5' title="bbox 0 0 1473 4650">
     <span class='ocr_line' id='line_1_29' title="bbox 0 0 1473 4650; baseline 0 0"><span class='ocrx_word' id='word_1_220' title='bbox 0 0 1473 4650; x_wconf 95' lang='lat' dir='ltr'> </span> 
     </span>
    </p>
   </div>
  </div>
 </body>
</html>
