2804 4656
208 293 266 353 rol
548 306 590 353 ur
611 304 712 353 ancus
732 300 954 349 raurrrlnmus

209 451 258 534 lit,
286 450 404 519 veniet
436 447 497 540 qni
529 449 640 518 volet:
667 444 843 538 quomodo
864 453 994 528 autem,
1023 445 1108 516 nihil
1129 432 1287 527 adrem,

137 664 139 667 v
210 572 315 645 modo
335 580 374 642 ut
392 570 489 655 velit,
518 591 582 641 seu
608 581 669 640 tua
693 568 808 640 virtus
834 590 1004 657 amorem,
1026 589 1090 639 seu
1115 579 1291 662 stuporem

212 696 334 788 gloria,
355 715 418 766 seu
439 693 597 765 timorem
616 690 770 786 paritura
786 690 943 761 felicitas.
959 691 1068 760 Nemo
1085 690 1144 781 qui
1161 692 1291 762 iustum

211 840 254 890 ac
273 822 447 890 famosum
467 828 503 889 et
521 816 656 887 felicem
683 813 873 909 principem
899 835 970 885 non
995 816 1052 884 vel
1078 824 1171 885 amet
1192 815 1292 885 mire-

212 948 349 1034 turque,
377 943 435 1012 vel
461 948 603 1010 metuat.
632 938 757 1030 lucipe,
784 940 895 1009 Vetus
915 948 969 1008 est
988 937 1155 1029 verbum:
1177 937 1292 1008 multis

212 1040 395 1136 itineribus
416 1065 561 1134 Romam
576 1061 657 1153 peti.
677 1061 713 1131 si
731 1072 861 1155 torpes
872 1062 990 1131 nullus
1004 1082 1072 1131 non
1091 1060 1176 1130 satis
1190 1069 1290 1130 tenax

181 1217 185 1287 p
212 1189 360 1279 laqueus
376 1196 444 1256 est:
461 1185 491 1255 si
508 1193 717 1267 tcmoveaS,
737 1207 840 1256 vanae
857 1184 987 1255 circum
1012 1183 1292 1254 exciderintten-

141 1351 149 1362 --
182 1368 183 1372 ,
181 1308 354 1391 diculae‚
378 1320 485 1400 tuque
502 1329 572 1379 non
595 1317 729 1378 tantum
752 1307 852 1389 liber
869 1307 943 1391 sed,
960 1316 1152 1400 utparest‚
1176 1305 1294 1377 mundi

183 1449 184 1477 ³
212 1432 376 1505 dominus
408 1440 514 1523 alque
546 1430 725 1501 bominum
753 1440 867 1502 rector
891 1431 1064 1522 emperie,
1097 1453 1213 1522 neque
1233 1430 1293 1502 soli

176 1536 183 1601 l
214 1554 275 1625 tibi
296 1554 359 1624 sed
376 1553 529 1624 humano
547 1552 666 1643 generi
686 1552 873 1645 quaesieris
890 1552 1094 1624 libertatem.
1114 1553 1295 1644 AEgrotan-

213 1677 283 1746 lem
306 1698 429 1769 aprum
446 1675 521 1768 ipse
534 1674 677 1746 morbus
698 1677 829 1767 alligat,
854 1676 1005 1749 validum
1024 1666 1294 1767 frementemque

214 1796 377 1899 cohibere
403 1817 553 1887 magnus
573 1807 628 1868 est
654 1796 762 1869 labor.
789 1798 926 1870 Excute
953 1810 1145 1892 torporem,
1173 1818 1295 1868 cernes

213 1921 313 2005 illico
330 1929 454 1992 cuncta
480 1920 605 1991 facilia:
632 1921 784 2013 alioquin
812 1932 931 2013 torpor
956 1923 1030 2014 ipse
1060 1944 1123 2014 pro
1148 1921 1295 1992 vinculis

115 2029 117 2033 ⁵
213 2042 289 2115 erit.
315 2045 425 2114 Nemo
450 2046 585 2114 leonem
612 2065 820 2114 aranearum
843 2044 933 2127 tella,
956 2066 1058 2114 nemo
1078 2046 1175 2115 visco
1201 2043 1297 2135 aqui·

214 2171 281 2239 lam
309 2177 446 2260 captam
473 2167 571 2237 vidit.
606 2165 699 2249 Quid
730 2175 800 2236 tuae
833 2189 926 2238 nunc
951 2169 1078 2259 aquilae
1103 2177 1295 2248 morantur,

179 2334 181 2348 κ
212 2291 298 2382 quid
319 2290 369 2362 tui
387 2291 576 2360 mussitant
595 2291 741 2359 leones‘l
760 2290 875 2361 Facile
892 2290 927 2360 in
946 2291 1128 2361 servitium
1151 2290 1309 2360 trahitur„

213 2414 275 2505 qui
294 2410 452 2482 libertate
473 2410 714 2501 seindignum
740 2415 903 2484 aestimat.
930 2411 1058 2506 Atqui
1085 2435 1125 2484 se
1150 2413 1295 2484 liberum

214 2532 323 2614 novit,
348 2552 417 2602 non
443 2542 523 2603 ante
550 2532 708 2604 libertate
734 2534 928 2626 privabitur
953 2559 1057 2629 quam
1082 2537 1170 2621 vita,
1193 2535 1298 2605 immo

112 2660 126 2688 '³'
215 2676 260 2726 ne
281 2664 354 2725 tum
375 2657 532 2748 quidem:
556 2657 627 2728 vita
652 2657 743 2728 enim
772 2658 913 2752 spoliari
937 2668 1074 2729 naturae
1100 2668 1169 2740 est,
1197 2656 1298 2727 liber-

214 2785 286 2847 tate
312 2778 493 2849 socordiae.
523 2780 621 2851 Nunc
646 2800 733 2850 vero
757 2801 920 2872 quaenam
947 2781 1013 2852 ista
1040 2779 1205 2872 superbia
1228 2791 1296 2863 est,

216 2901 406 2996 principem
427 2901 619 2973 Romanum
640 2901 791 2994 publicae
812 2903 982 2975 libertatis
1000 2911 1175 2975 auctorem
1196 2902 1298 2972 liber-

216 3035 286 3096 tate
307 3025 462 3118 privare,
485 3035 524 3095 ut
545 3026 647 3097 cuius
668 3048 748 3098 esse
770 3024 899 3097 debent
915 3027 1046 3111 omnia,
1069 3027 1143 3119 ipse
1165 3046 1235 3096 non
1256 3024 1300 3094 sit

217 3147 330 3215 suus?
346 3144 529 3227 Quomodo
549 3149 640 3218 enim
663 3146 751 3218 liber
771 3150 896 3241 suique
916 3148 1076 3219 dominns
1097 3157 1163 3231 est,
1181 3147 1240 3219 cui
1256 3147 1299 3217 sit

216 3267 438 3347 interdictum
460 3269 511 3338 ire
529 3291 598 3360 quo
624 3268 745 3356 libeat,
772 3271 888 3342 minus
914 3271 1005 3356 dico,
1034 3272 1140 3342 immo
1160 3269 1298 3363 quidem

216 3393 274 3464 cui
291 3411 366 3463 suae
382 3389 508 3464 domus
525 3391 629 3463 limen
647 3392 848 3464 obstrusum
868 3396 927 3480 sit,
947 3407 1051 3487 atque
1066 3395 1151 3488 ipse,
1167 3406 1205 3465 ut
1223 3413 1300 3485 pro-

218 3515 293 3608 prie
311 3515 440 3600 dicam,
458 3536 564 3606 qnam
582 3515 783 3607 longissime
805 3521 1005 3609 relegatus?
1021 3517 1205 3608 intelligis,
1225 3517 1299 3587 Cae-

220 3655 292 3720 sar,
309 3660 377 3708 non
398 3658 480 3729 quae
499 3637 573 3707 dixi
592 3648 741 3721 tantum,
762 3641 825 3711 sed
843 3661 923 3731 quae
940 3641 1057 3713 dicere
1070 3640 1177 3711 volni:
1193 3640 1299 3709 multa

220 3759 312 3829 enim
320 3767 519 3845 occursant,
539 3758 607 3829 nisi
625 3781 751 3830 verear
769 3783 813 3831 ne
832 3783 1051 3856 supervacua
1063 3761 1123 3832 tibi
1143 3761 1201 3844 sit,
1219 3757 1298 3829 mihi

219 3881 322 3951 etiam
343 3883 538 3975 periculosa
557 3884 720 3955 narratio.
747 3885 807 3954 Sat
832 3884 901 3956 odii
927 3885 1130 3977 iampridem
1156 3905 1220 3976 pro
1239 3904 1300 3952 ve·
1384 3941 1387 3956 .

220 4001 323 4073 ritate
346 4005 526 4075 contraxi:
553 4005 667 4077 studio
693 4005 850 4077 inimicos
864 4027 1030 4105 *quaerere
1056 4028 1124 4077 non
1151 4005 1299 4097 simplex

221 4125 373 4194 amentia
398 4136 462 4197 est.
489 4128 608 4220 ltaque
631 4129 715 4201 satis
741 4129 845 4201 hodie
869 4129 1034 4201 dixerim:
1061 4151 1166 4222 quam
1187 4128 1298 4199 effica-
