2992 4664
188 287 247 347 310
651 295 811 342 inurantur

185 443 398 516 desiderium
427 462 541 510 meum
564 462 743 534 superare.
777 441 878 539 Quod
908 442 999 512 enim
1034 442 1274 535 imprudentia

186 576 348 659 peccatur
367 561 602 635 munificentia
623 586 692 634 non
713 575 916 636 excusatur.
944 566 1039 637 Vale.

328 735 571 804 Avenione'l369,
588 735 640 788 XII
655 735 716 788 Kal.
733 735 846 806 Aprilis.

276 923 357 974 Nori.
374 923 455 983 Quum
467 924 493 972 in
506 923 622 973 archivio
637 923 732 973 llncnm
745 923 937 973 Mantuanorum
951 930 1077 986 repertam
1094 923 1160 974 banc
1173 925 1274 986 episto-

183 1006 233 1056 lam
246 1004 356 1056 ediderit
365 1004 488 1053 Antonius
503 1003 666 1054 Possevinius
678 1018 693 1054 e
703 1004 760 1055 Soc.
776 1005 831 1052 lesu
840 1040 847 1062 ‚
857 1017 965 1066 mmque
974 1004 1044 1065 operi
1055 1017 1101 1052 suo
1110 1003 1139 1052 ul
1150 1005 1273 1054 t’etrwcc

182 1085 302 1146 redivivo)
314 1086 450 1134 inseruerit
461 1085 620 1143 Tomastnus¹
632 1099 680 1134 nos
693 1086 768 1135 etiam
777 1085 833 1134 aliis
842 1086 1024 1134 accensendam
1036 1084 1170 1134 duximus:
1181 1099 1274 1148 quam·

183 1168 221 1218 ris
235 1167 348 1217 indubiis
362 1167 618 1229 ineluctabilibusquc
629 1165 784 1229 argumentis
799 1165 966 1228 apocrypham
983 1178 1040 1215 esse
1055 1165 1082 1214 in
1095 1178 1153 1230 cap.
1169 1171 1192 1226 t,
1205 1167 1219 1229 5
1233 1166 1272 1216 ta.

183 1249 239 1301 Lib.
253 1251 275 1310 l,
285 1248 349 1298 llist.
363 1247 451 1297 litter.
466 1247 557 1298 iamdiu
571 1247 784 1297 demonstraverit
794 1246 980 1296 Tiraboscliius.

683 1453 764 1469 ἠ

605 1655 786 1719 uuisioni
806 1657 838 1719 tl.

234 1820 427 1870 tunnulsctts
448 1821 619 1871 Parauaea
641 1822 777 1870 ZENOBIO
798 1823 841 1870 nl:
863 1820 989 1869 srltana
1010 1821 1220 1872 inonanrnto

657 1922 683 1970 S.
706 1923 734 1970 P.
756 1923 787 1970 ll.

220 2062 400 2117 Homericum
414 2062 617 2134 fragmentum,
634 2069 662 2118 et
677 2081 734 2119 suae
748 2064 891 2118 cuiusdam
908 2063 1038 2136 Epistolae
1051 2063 1225 2136 particulam

546 2170 577 2208 se
590 2153 743 2208 missurum
757 2153 902 2224 promittit.

275 2396 330 2481 Ad
349 2417 490 2488 eaquae
511 2394 635 2466 scribis
656 2395 756 2466 brevi
776 2416 958 2486 responso,
980 2395 1014 2465 ni
1035 2396 1149 2480 fallor,
1172 2418 1265 2490 opus

177 2532 241 2590 est.
264 2519 301 2586 ln
323 2520 445 2610 primis
467 2518 636 2609 suspicari
658 2519 753 2588 nullo
779 2517 883 2588 modo
903 2517 1077 2588 debueras
1103 2518 1148 2588 ad
1175 2521 1265 2590 ami-

178 2661 252 2723 cos,
280 2660 369 2731 quos
391 2641 425 2709 in
453 2640 561 2730 patria
588 2639 670 2707 mihi
698 2640 899 2710 carissimos
930 2662 971 2710 ao
996 2640 1194 2733 praeduloes
1222 2642 1264 2712 il·
1373 2697 1375 2700 >

177 2766 303 2832 lorum
328 2762 440 2833 virius
469 2774 504 2834 et
538 2763 697 2833 meritum
731 2762 831 2845 lecit,
867 2765 1054 2834 familiares
1090 2766 1260 2856 epistolas

175 2877 329 2968 dictanti,
353 2895 448 2957 tuum
471 2909 597 2959 nomeu
618 2886 782 2958 excidere
808 2886 974 2978 potuisse.
989 2886 1142 2957 Necdum
1164 2888 1260 2958 enim

174 3018 234 3078 aut
259 3017 353 3078 tanta
376 3009 542 3098 segnities
576 3009 729 3090 incessit,
765 3020 825 3078 aut
857 3006 979 3100 pectus
1012 3008 1077 3078 boc
1107 3007 1152 3078 de
1187 3020 1258 3081 tam

174 3129 270 3200 lluxa
294 3131 462 3200 memoria
485 3134 676 3203 amicornm
703 3131 769 3202 sihi
800 3129 900 3220 lingit
925 3131 1106 3221 imagines.
1135 3131 1259 3206 Amice

174 3250 279 3343 igitur
297 3251 424 3336 iecisti,
443 3263 478 3322 et
498 3264 536 3322 ut
557 3277 613 3324 res
633 3254 751 3324 decuit
772 3275 869 3338 vere,
896 3254 991 3346 quod
1016 3277 1154 3326 omnem
1182 3259 1258 3328 cul-

172 3397 250 3467 pam
273 3375 306 3444 io
329 3374 488 3444 nuntium
504 3375 684 3448 reflexisii.

271 3499 491 3568 Homericum
513 3498 613 3584 illud,
633 3520 678 3569 ne
694 3497 848 3584 dubites
863 3501 993 3572 millam
1008 3523 1087 3571 cum
1102 3501 1254 3595 primum

170 3623 316 3691 lacullas
344 3619 702 3692 adsuerii.Caelerum
729 3645 844 3694 exeo
876 3636 1030 3717 tempore
1063 3627 1255 3698 Parmense

170 3741 401 3826 domicilium,
444 3754 478 3813 et
512 3765 618 3836 quam
650 3745 704 3814 ille
736 3768 826 3816 nunc
859 3747 975 3817 incolit
1004 3745 1252 3818 bibliothecam

169 3872 326 3933 nostram
348 3887 416 3935 non
438 3865 556 3936 revisi.
576 3865 668 3937 Scito
686 3864 933 3938 brevissimum
951 3890 1039 3961 opus
1055 3891 1145 3950 esse,
1164 3893 1255 3962 quo·

170 4005 238 4073 que
258 3985 392 4057 facilius
409 3988 454 4058 ad
475 3988 709 4072 scribendum,
731 4011 774 4061 eo
799 3991 1007 4063 laboriosius
1024 3993 1069 4064 ad
1091 4014 1255 4084 quaeren-

169 4103 251 4173 tlum
276 4107 361 4199 (sed
388 4110 477 4181 banc
503 4111 562 4181 tibi
589 4109 701 4183 libens
726 4112 880 4185 divinam
913 4136 1054 4208 operam
1089 4115 1247 4209 dictabo,
