2934 4650
578 325 732 374 nrrsrocn
752 324 849 372 xxxu.
1184 300 1239 360 387

171 481 303 546 tantum
320 471 377 543 ille
395 472 563 563 religioni,
583 470 720 562 diisque
737 467 963 540 mendacibus
982 464 1114 544 tribuit,
1132 481 1243 555 quan·

170 609 241 669 tum
264 617 360 668 verae
379 595 553 687 religioni,
571 619 657 669 vero
674 599 745 668 Deo
767 591 988 664 tribuendum
1009 591 1108 661 erat‘?
1122 585 1243 670 ,Quan-

170 731 274 814 toque
295 719 410 792 studio
430 720 698 814 providendum,
720 742 764 790 ne
785 726 844 790 tuo
865 697 962 801 fletu,
983 714 1102 797 Paule,
1125 720 1163 781 tu
1183 729 1242 802 pe·

169 843 266 927 rires
282 844 442 915 Christus
460 843 717 915 offenderetur?
736 843 953 935 Quamquam
976 837 1060 932 quid
1080 835 1241 927 exempla

168 967 280 1038 virilia
299 968 437 1059 colligo,
460 988 537 1039 cum
560 969 725 1038 Romanae
749 966 928 1050 mulieres,
950 963 1119 1056 pudorem
1141 967 1251 1031 tuum¹

169 1110 325 1181 premere
358 1099 393 1161 et
425 1090 583 1161 lacrimas
610 1090 740 1161 siccare
766 1088 965 1172 debuerint,
987 1086 1042 1156 vir
1061 1080 1240 1157 Romane?

166 1209 252 1282 Nam
275 1209 332 1281 ubi
351 1223 443 1295 tunc,
462 1231 596 1304 quaeso,
620 1209 679 1281 ubi
701 1222 775 1282 erat
803 1210 952 1282 Cornelii
979 1206 1131 1279 Africani
1151 1203 1236 1285 filia,

166 1335 399 1406 Gracchorum
423 1344 547 1417 mater,
569 1334 623 1405 cui
648 1345 775 1426 praeter
798 1345 966 1406 maternae
993 1331 1130 1426 pietatis
1155 1331 1239 1401 effe-

165 1468 280 1541 ctum,
304 1481 407 1550 quam
429 1457 498 1529 cari
527 1455 586 1527 filii
611 1467 743 1540 essent,
766 1456 849 1528 illud
870 1457 998 1529 indicat
1022 1454 1115 1548 quod
1137 1454 1238 1524 Cam-

164 1601 263 1672 panae
290 1581 370 1650 olim
397 1578 559 1671 bospitae,
582 1578 675 1670 apud
699 1599 737 1648 se
762 1577 976 1650 muliebriter
997 1575 1230 1659 iactabundae,

131 1779 133 1783 ,
163 1711 199 1772 et
220 1725 284 1773 sua
306 1701 372 1772 sibi
393 1711 598 1773 ornamenta
619 1702 837 1787 monstranti,
859 1700 948 1773 filios
969 1702 1089 1774 eludo
1106 1701 1236 1772 littera-

163 1846 239 1894 rum
265 1811 481 1896 revertentes
505 1824 677 1908 ostendit,
706 1836 741 1896 et
770 1826 851 1907 lraec,
878 1825 1008 1917 inquit,
1036 1848 1109 1894 meu
1136 1847 1236 1895 orna-

161 1959 387 2017 montescot.
422 1948 493 2020 Hos
525 1946 573 2017 illi
605 1945 693 2018 tilios
728 1958 763 2018 ct
793 1943 870 2018 baec
903 1923 1106 2018 ornamenta
1133 1932 1235 2018 simul

100 2103 108 2116 ν
161 2071 289 2153 omnia,
316 2062 534 2142 saevamors
558 2070 684 2163 rapuit:
708 2080 840 2143 tantum
869 2079 983 2142 tamen
1005 2070 1110 2141 animi
1135 2070 1232 2140 femi-

159 2183 225 2264 neo
250 2195 313 2266 fuit
333 2196 367 2264 in
389 2202 546 2287 pectore,
569 2202 608 2264 ut
627 2216 674 2264 ex
696 2205 804 2265 morte
825 2195 919 2264 illam
940 2192 1232 2289 complorantibus

159 2328 194 2389 et
218 2319 379 2390 miseram
406 2317 639 2390 vocitantibus
666 2318 906 2412 responderet:
930 2316 1080 2388 Mestum
1104 2320 1231 2408 otique,

157 2439 213 2510 sed
224 2444 376 2512 miserum
388 2465 422 2511 se
440 2463 669 2531 necesseque
690 2444 770 2525 tales
788 2443 872 2534 pilius
890 2444 1062 2534 paruisset.
1078 2441 1146 2517 Ob!
1163 2463 1232 2513 non

158 2565 339 2637 femineam
364 2564 426 2636 sed
446 2564 596 2650 virilem,
619 2576 653 2636 et
678 2587 761 2636 vere
786 2574 930 2657 paterna
956 2566 1065 2658 gloria
1090 2565 1232 2659 dignam

157 2690 295 2759 vocem!
318 2687 382 2759 Ubi
400 2700 474 2759 erat
490 2689 588 2759 Livia
601 2686 769 2780 Augusta,
785 2689 840 2760 cui
860 2711 938 2760 cum
957 2711 977 2759 e
994 2687 1133 2760 duobus
1151 2688 1231 2761 liliis

157 2832 266 2896 mors,
286 2820 324 2881 ut
344 2814 452 2880 lerme
473 2832 548 2881 mos
570 2832 655 2881 suus
677 2822 748 2894 est,
767 2822 803 2882 et
819 2812 1010 2905 pessimum
1033 2812 1232 2904 reliquisset
1318 2852 1323 2860 ·

158 2915 381 3023 et'optimum
417 2932 629 3022 imperioque
658 2932 902 3023 dignissimum
935 2932 1155 3017 abstulisset,
1184 2933 1232 3005 ita

158 3074 277 3124 casum
299 3074 400 3123 suurn
422 3052 528 3138 flevit,
551 3062 589 3123 ut
611 3055 700 3125 ultro
726 3064 761 3124 et
786 3052 926 3124 modum
949 3065 984 3125 et
1004 3053 1106 3127 finem
1128 3057 1231 3128 lacri-

157 3178 223 3249 mis
248 3177 453 3272 imponeret,
481 3175 701 3271 mediamque
727 3199 765 3248 se
792 3177 882 3265 inter
906 3180 998 3274 piam
1023 3190 1169 3254 matrem
1194 3192 1231 3254 et

157 3277 346 3394 principem
371 3299 532 3371 feminam
554 3299 750 3384 exhiberet,
774 3324 817 3372 ne
839 3304 892 3374 vel
918 3316 1052 3377 naturae
1072 3306 1226 3379 debitum

157 3436 316 3516 negaret,
338 3427 394 3496 vel
416 3407 500 3495 tanti
526 3422 683 3515 coniugis
710 3426 829 3496 oculos
856 3431 1050 3519 spectaculo
1075 3431 1230 3502 tristiore

156 3546 406 3619 contunderet?
430 3546 567 3631 Quanto
594 3558 711 3645 autem
738 3550 897 3620 exactius
926 3546 1120 3622 cavendum
1152 3560 1229 3624 erat

156 3692 199 3740 ne
217 3667 348 3761 gemitu
374 3669 479 3748 nimio
496 3668 680 3742 laederetur
697 3670 856 3743 Christus
874 3681 1046 3763 spectator
1062 3696 1102 3745 ac
1118 3673 1227 3745 iudex

155 3801 296 3862 actuum
330 3799 549 3876 nostrorum,
584 3795 639 3864 cui
675 3796 880 3868 mortalibus
915 3797 1066 3889 querelis
1098 3798 1225 3872 iudicia

155 3919 286 3985 aeterna
305 3913 452 3985 convelli
478 3913 701 3988 hauddubie
727 3940 839 4012 neque
865 3919 1036 3992 immerito
1057 3924 1227 4014 permole·

158 4043 247 4107 stum
272 4042 348 4108 est‘l
374 4037 443 4109 Sed
469 4041 643 4111 Romanas
666 4052 805 4114 transeo
826 4042 965 4136 quibus,
990 4052 1026 4115 ut
1047 4044 1227 4119 muliebris

157 4168 225 4229 est*
241 4162 374 4254 pudor,
406 4163 455 4235 sic
473 4162 584 4236 virilis
615 4163 718 4236 animi
747 4164 981 4261 roboratque
1007 4171 1222 4256 constantia,
