2934 4650
598 337 752 387 nrisnont
774 337 834 386 rui.
1142 412 1144 416 Α
1176 323 1236 386 lca

164 479 393 561 tutis'illexit
415 488 450 551 et
471 481 627 570 cogitans
653 478 748 572 qnod
775 480 803 550 si
831 477 933 551 vobis
962 480 1096 572 placeat
1121 480 1236 573 ipsum

161 600 328 695 experiri,
351 603 416 674 erit
437 603 540 675 homo
560 625 623 698 pro
644 602 761 686 vobis,
785 611 820 672 el
846 601 923 672 talis
954 601 1048 694 quod
1073 623 1152 672 eum
1180 601 1238 674 ubi

162 744 269 796 nosse
290 724 464 818 coeperitis
491 747 560 796 non
586 723 733 796 libenter
761 723 859 795 abire
883 723 1142 817 permitteretis,
1170 747 1238 796 non

161 848 323 920 consensi
339 846 592 931 tantummodo,
616 846 678 917 sed
701 845 796 916 suasi
815 855 853 915 ut
869 845 915 916 ad
931 855 1061 915 vestrae
1079 844 1239 917 domina-

162 968 263 1039 tionis
288 969 507 1060 praesentiam
533 988 570 1039 se
592 969 776 1049 conferret,
804 965 1003 1059 supplicans
1036 977 1239 1039 reverenter

162 1101 200 1162 ut
224 1085 304 1161 eum
331 1089 479 1183 probare
510 1089 722 1179 dignemini:
755 1098 804 1173 et,
839 1089 868 1159 si
903 1088 979 1159 talis
1011 1100 1067 1160 est
1099 1091 1238 1182 qualem

161 1215 254 1299 dico,
279 1213 373 1306 quod
393 1212 494 1284 vobis
518 1213 632 1283 visum
660 1211 761 1282 tuerit
781 1210 925 1282 iacietis.
953 1211 1076 1293 Multa,
1103 1210 1149 1280 mi
1176 1210 1240 1281 do-

162 1338 269 1420 mine,
292 1335 436 1428 potestis
463 1345 499 1406 et
522 1336 630 1406 multa
655 1309 791 1404 habetis
817 1333 946 1417 lacere,
981 1340 1016 1404 et
1049 1333 1236 1403 multorum
1323 1418 1329 1427 Ι

161 1458 251 1530 fideli
273 1479 379 1550 opera
402 1456 582 1548 indigetis,
605 1465 640 1526 et
660 1454 705 1525 ad
726 1464 821 1526 tanta
846 1455 984 1545 negotia
1012 1454 1112 1546 pauci
1138 1476 1239 1548 repe-

161 1581 297 1652 riuntur
318 1579 443 1652 idonei.
466 1579 548 1649 llaec
568 1577 746 1648 hactenus.
769 1577 896 1647 Deme
920 1585 1036 1646 autem
1070 1577 1115 1646 nil
1144 1575 1239 1647 aliud

160 1702 257 1786 dioc,
287 1702 354 1771 nisi
379 1700 475 1792 qnod
500 1699 589 1771 inter
617 1720 751 1770 summa
781 1711 816 1770 et
847 1706 1005 1769 extrema
1038 1699 1143 1770 animi
1171 1700 1238 1768 mei

161 1823 333 1895 desideria
347 1831 412 1907 est,
429 1830 466 1892 ut
486 1842 551 1892 vos
574 1819 752 1892 revideam
775 1829 960 1912 antequam
983 1820 1120 1889 moriar.
1141 1817 1238 1890 Chri-

161 1955 237 2016 stus
257 1965 322 2017 vos
344 1955 549 2037 promoveat
569 1953 603 2014 et
621 1952 807 2013 conservet
827 1940 990 2033 ingratia
1012 1962 1084 2012 sua.

302 2088 418 2158 Paduae,
435 2088 474 2142 tx
488 2087 640 2142 Februarii.

558 2475 737 2541 nrlsl'ctn
758 2476 837 2540 XLII.

180 2630 372 2681 FRANCISCUS
394 2628 563 2678 usualiter
584 2627 723 2676 rudolto
745 2627 917 2676 LllUllEN'l'll
938 2628 1021 2676 TltlB.
1043 2628 1113 2677 POP.
1135 2629 1211 2678 ROM.

631 2725 657 2773 S.
681 2727 709 2774 P.
731 2726 762 2774 D.

157 2865 243 2920 Vallis
261 2865 368 2919 Clausae
383 2859 571 2918 amoenitatem
585 2837 725 2916 describit.
746 2861 877 2930 Eglogam
893 2860 928 2914 de
947 2861 1031 2914 rebus
1050 2860 1084 2914 ab
1104 2876 1136 2914 co
1154 2863 1237 2931 gestis

142 2971 145 2978 ·
246 2969 262 3006 a
288 2968 318 3005 se
344 2953 523 3022 compositam
538 2951 631 3018 mittit,
657 2955 683 3003 et
708 2964 837 3002 arcanam
863 2949 987 3003 eiusdem
1010 2950 1238 3018 significationem

244 3041 349 3112 pandit.

255 3271 372 3362 Nuper
398 3289 444 3339 ex
470 3268 631 3363 procellis
667 3268 772 3340 huius
802 3269 1047 3364 Curiae,'quae
1082 3272 1236 3342 Romana

157 3391 298 3475 dicitur,
321 3393 410 3463 inter
430 3412 519 3484 quas
541 3412 636 3483 aegre
661 3392 728 3464 iam
757 3393 874 3465 senior
895 3402 1016 3478 nauta,
1039 3392 1100 3463 sed
1121 3393 1236 3465 adhuc

157 3515 255 3586 rudis
276 3524 311 3585 et
331 3514 535 3606 inexpertus
554 3514 696 3606 navigo,
717 3514 750 3585 in
771 3514 967 3586 solitudinis
985 3528 1137 3586 assuetae
1156 3536 1235 3608 por-

157 3650 231 3709 tum
252 3635 388 3728 lugiens
409 3635 454 3707 de
474 3635 654 3708 Avenione
675 3638 806 3708 Vallem
828 3641 982 3709 clausam
1009 3659 1055 3707 ex
1083 3658 1120 3707 re
1147 3660 1236 3707 nun·

155 3771 316 3854 cupatam
338 3756 430 3852 petii.
453 3759 567 3829 Locus
587 3767 643 3829 est
659 3759 721 3827 XV
742 3780 910 3853 passuum
931 3758 1084 3829 millibus
1106 3757 1151 3830 ab
1171 3758 1235 3829 hac

157 3879 453 3953 turbulentissima
470 3879 609 3957 civitate
630 3890 666 3950 et
686 3880 827 3950 sinistra
850 3879 1005 3951 Rhodani
1029 3881 1102 3976 ripa
1123 3874 1237 3952 semoss

57 4090 59 4095 ι
157 4015 226 4087 tus,
249 4003 337 4075 adeo
363 4011 479 4073 tamen
512 4000 579 4071 hoc
609 4011 678 4072 tam
696 3991 818 4095 'parvo
845 4001 959 4096 spatio
979 4001 1174 4087 dissimilis,
1199 4012 1235 4073 ut

158 4123 202 4194 ab
220 4126 341 4198 ultimo
360 4122 540 4195 occidente
560 4122 595 4192 in
616 4135 793 4196 extremos
816 4123 899 4196 solis
929 4135 1026 4195 ortus
1055 4123 1233 4197 transiisse
