2738 4680
293 339 386 389 uruun
408 338 573 387 vrunsrnus
595 336 983 387 susurrus-nmmum
1004 339 1023 387 1.
1132 325 1188 386 lttl

104 484 263 578 equidem
286 483 392 555 eredo
411 493 446 554 et
467 482 527 553 tibi
547 492 587 585 et
602 481 676 553 ocio
696 491 731 554 et
750 481 859 573 quieti
880 490 951 551 tuae
971 481 1085 575 aptius
1104 502 1188 552 con-

104 609 197 700 iugio
222 607 395 687 caruisse,
422 628 546 676 verum
573 614 632 676 tua
652 604 777 675 domus
803 612 839 673 et
862 603 977 696 patria
1013 613 1049 674 et
1087 604 1188 677 amici

103 731 197 803 aliud
216 739 317 801 exte
338 740 495 823 poscunt,
514 728 585 801 Nec
606 728 666 802 tibi
687 734 846 798 natorum
864 750 930 799 nee
949 728 1062 800 aetatis
1079 751 1189 802 excu-

104 854 192 925 satio
220 854 287 923 ulla
308 863 376 936 est,
405 873 484 923 eum
504 862 540 921 et
565 848 645 921 filiis
665 869 785 922 careas
810 857 846 919 et
870 848 972 920 viridi
997 849 1046 921 sis
1072 860 1186 923 aetate.

102 976 193 1062 Quid
214 979 323 1068 ergo?
339 976 392 1045 Ex
415 995 485 1067 quo
508 997 562 1045 me
579 974 613 1044 in
634 973 769 1045 consilii
787 981 921 1065 partem
940 993 1048 1045 vocas
1066 994 1189 1046 assen-

103 1099 168 1170 tior
194 1111 232 1170 ut
257 1121 403 1170 uxorem
430 1098 551 1170 ducas.
579 1097 797 1190 Quamquam
823 1095 915 1166 enim
940 1096 1025 1166 nihil
1049 1096 1187 1169 dulcius

101 1223 262 1296 caelibatu
288 1222 447 1306 arbitrer,
480 1222 635 1315 nihilque
663 1220 896 1313 tranquillius
930 1232 1043 1294 status
1070 1231 1187 1294 tamen

102 1354 183 1417 tuus
201 1368 243 1417 ac
264 1356 400 1417 tuorum
420 1347 509 1418 hanc
530 1345 590 1416 tibi
608 1345 828 1419 dulcedinem
847 1370 887 1420 ac
906 1347 1186 1441 tranquillitatem

102 1469 245 1542 invidet.
268 1468 343 1539 Non
365 1469 476 1559 magis
497 1469 555 1540 diu
579 1479 694 1562 potest
717 1468 817 1541 altior
838 1472 975 1542 fortuna
995 1492 1101 1564 quam
1129 1490 1187 1540 su-

102 1591 217 1663 blimis
238 1612 338 1662 mons
355 1601 416 1663 aut
436 1589 607 1662 tumidum
629 1614 724 1663 mare
741 1592 947 1686 quiescere:
966 1594 1038 1664 suis
1056 1602 1092 1663 et
1111 1591 1187 1686 ipsa

102 1718 216 1787 ventis
242 1717 402 1810 exposita
434 1727 500 1787 est.
528 1715 598 1786 Nec
630 1714 810 1806 estquod
841 1715 954 1802 dicas,
984 1738 1039 1788 me
1073 1719 1205 1790 solumf

103 1839 259 1932 respicio,
283 1837 367 1908 mihi
387 1840 554 1909 consulo:
576 1861 655 1909 eum
676 1849 711 1911 et
731 1840 853 1931 patriae
873 1849 909 1910 et
928 1839 1131 1934 parentibus
1152 1847 1188 1908 et

103 1962 237 2047 amieiS,
261 1958 454 2032 secundum
476 1959 648 2033 laudatam
671 1962 762 2031 illam
789 1961 940 2033 Platonis
963 1961 1183 2045 sententiam,

103 2094 204 2154 uatus
226 2083 285 2154 sis.
307 2082 385 2175 Age
405 2106 505 2175 ergo,
529 2083 666 2154 Christo
687 2085 845 2178 auspice,
868 2084 936 2155 due
964 2106 1124 2168 uxorem,
1151 2085 1186 2154 iu

103 2229 167 2298 qua
182 2207 343 2298 eligenda
360 2207 526 2278 iudicium
545 2209 626 2277 volo
645 2230 769 2300 purum
788 2217 824 2277 et
842 2215 1014 2281 semotum
1031 2205 1076 2277 ab
1093 2208 1185 2276 omni

104 2330 262 2424 opinione
283 2330 436 2422 vulgari,
461 2341 586 2402 utnon
610 2341 678 2402 tam
704 2330 820 2401 dotem
842 2353 882 2401 ao
903 2328 1058 2412 divitias,
1080 2351 1184 2422 quam
1261 2371 1263 2379 ,

105 2475 210 2544 genus
232 2461 268 2524 et
286 2454 444 2548 pueritiae
465 2453 681 2536 rudimenta;
702 2474 771 2523 uon
794 2464 864 2525 tam
883 2464 1025 2526 ornatus
1046 2454 1186 2544 elegan-

106 2575 180 2646 tiam
199 2597 304 2669 quam
323 2577 507 2669 pietatem;
526 2598 640 2669 neque
658 2577 799 2647 omnino
816 2587 885 2647 tam
908 2577 1063 2671 corporis
1080 2597 1185 2669 quam

105 2699 202 2768 animi
221 2701 367 2770 lormam
388 2708 535 2792 spectes.
555 2697 609 2769 An
627 2721 713 2770 vero
730 2700 880 2771 vicinam
898 2722 942 2770 an
960 2702 1185 2792 longinquam

104 2824 215 2916 potius
245 2825 299 2919 (ea
320 2822 412 2894 enim
438 2822 711 2916 percontationis
734 2833 804 2894 tuae
830 2822 984 2894 secunda
1006 2843 1086 2915 pars
1112 2823 1186 2892 luc-

105 2950 162 3042 rat)
190 2960 312 3021 eontra
345 2950 500 3021 omnium
528 2953 601 3021 lere
627 2951 834 3021 sententiam
866 2953 998 3042 loquar.
1027 2949 1184 3021 Vicinam

105 3095 224 3165 uempe
247 3094 384 3156 omneS,
406 3094 485 3165 ego,
508 3074 645 3144 caeteris
669 3073 826 3167 paribus,
849 3072 1071 3166 longinquam
1093 3094 1185 3166 prae-

103 3200 183 3268 fero.
207 3196 274 3265 Alii
299 3197 390 3267 enim
411 3199 550 3269 favores
577 3199 781 3282 metiuntur,
804 3197 863 3289 qui
890 3210 925 3268 et
948 3197 1016 3268 rari
1044 3208 1126 3269 sunt
1150 3209 1186 3268 et

105 3322 207 3390 multo
228 3329 401 3404 coustant,
425 3340 644 3413 quorumque
671 3328 705 3390 te
725 3340 793 3390 non
820 3320 921 3393 valde
941 3320 1099 3412 indigum
1126 3328 1183 3389 tua

106 3463 176 3515 sors
199 3442 289 3514 lecit.
311 3444 386 3534 Ego
408 3443 514 3513 animi
535 3441 729 3535 libertatem
754 3454 790 3514 et
811 3443 1011 3526 taediorum,
1034 3452 1069 3512 et
1090 3462 1183 3535 saepe

104 3568 201 3639 etiam
224 3565 384 3638 odiorum
401 3568 530 3657 lugam,
550 3588 630 3658 quac
650 3568 801 3638 affinium
821 3566 1006 3660 praesentia
1023 3569 1184 3658 lrequen-

104 3690 235 3762 tissime
256 3709 376 3762 secum
396 3688 510 3773 affert3
528 3712 594 3762 nec
612 3712 696 3762 vero
709 3690 793 3762 illud
808 3691 966 3762 ultimum
984 3688 1072 3759 facio
1088 3688 1184 3781 quod

104 3835 162 3887 seu
190 3815 332 3910 sapiens
358 3823 515 3885 matrona
548 3812 663 3908 (quem
689 3813 780 3885 enim
807 3812 972 3885 dedeceat
999 3812 1095 3905 quod
1120 3833 1183 3883 uec

103 3938 210 4010 David
240 3939 369 4028 Regem
396 3959 461 4008 uec
485 3937 649 4028 Magnum
679 3937 881 4028 Pompeium
914 3934 1091 4022 dedecuit,
1118 3957 1183 4007 nec

105 4061 298 4155 Augustum
321 4059 507 4154 Caesarem)
530 4081 594 4131 seu
614 4059 712 4132 rudis
730 4063 816 4132 forte
838 4059 1043 4151 virguncula
1062 4060 1182 4153 primis

105 4192 194 4259 tuum
229 4187 333 4258 limen
366 4183 549 4280 hymencis
582 4183 750 4275 attigerit,
786 4182 870 4256 utile
902 4183 968 4255 hoc
1000 4184 1180 4256 eonsilium
