2992 4664
170 296 230 355 llll
509 305 550 351 nc
571 303 671 351 ulmus
693 302 915 350 ullrlnrlnruus

170 455 338 548 amplius!
362 452 472 536 Quam
497 453 603 521 multa
625 463 783 542 pereunt,
811 452 882 521 imo
901 473 1005 543 quam
1029 453 1112 522 nihil
1135 468 1257 527 manet

166 575 324 650 omnium
345 595 427 666 quae
442 571 509 643 suh
527 575 600 644 sole
614 572 778 643 versabili
793 595 888 644 coeca
904 575 989 644 texit
1002 573 1184 649 industria.
1200 579 1260 649 Oh

169 699 306 769 labores
324 716 498 785 curasque
522 694 716 766 hominum!
741 695 793 765 Oh
813 707 949 789 tempus
964 694 1074 768 breve
1092 699 1155 770 sed
1175 722 1257 792 per-

169 821 294 892 ditum!
318 818 369 889 Oh
388 817 580 888 vanitatem
601 817 871 911 superbiamque
888 817 932 889 de
953 819 1059 890 nihilo
1079 822 1175 911 quod
1194 845 1257 894 su-

170 965 263 1024 mnS,
286 941 381 1033 quod
403 940 553 1029 agimus,
576 940 670 1030 quod
694 942 893 1031 speramus!
928 940 1015 1023 Quis
1049 965 1135 1013 vero
1161 969 1256 1018 nunc

169 1063 290 1134 lumini
312 1061 396 1133 fidat
416 1061 602 1151 ambiguo?
624 1062 788 1143 Summus
809 1062 937 1155 eloquii
951 1064 1007 1133 Sol
1022 1065 1176 1159 eclipsim
1194 1091 1257 1162 pa·-

170 1186 275 1257 titur:
298 1185 378 1276 quis
398 1183 511 1276 quaeri
531 1180 659 1253 audeat
678 1183 794 1276 perire
821 1183 887 1253 sibi
913 1187 1060 1278 aliquid,
1087 1175 1149 1257 aut
1173 1191 1255 1279 quis

171 1307 311 1378 omnino
331 1327 534 1377 mansurum
556 1304 621 1374 sibi
642 1304 833 1397 quidquam
848 1307 1077 1399 spondealex
1090 1309 1255 1381 omnibus

171 1431 297 1502 studiis
330 1429 429 1499 suis?
460 1426 536 1495 Non
571 1449 679 1518 parva
711 1449 757 1498 ex
790 1439 888 1522 parte
910 1430 1102 1502 Homericae
1124 1431 1255 1522 vigiliae

173 1550 359 1644 perierunt,
381 1570 450 1618 non
478 1559 547 1619 lam
570 1548 682 1631 nobiS,
718 1570 820 1619 nemo
851 1551 943 1620 enim
978 1539 1126 1642 perdidit
1159 1556 1275 1647 quod⁴

172 1696 241 1743 non
264 1670 399 1754 habuit,
422 1693 526 1763 quam
549 1669 676 1754 Graiis,
699 1670 757 1762 qui
781 1693 824 1741 ne
842 1692 911 1764 qua
932 1673 1033 1745 nobis
1048 1673 1081 1743 in
1097 1696 1134 1744 re
1152 1675 1257 1748 cede·

173 1808 260 1877 rent,
283 1794 461 1885 ignaviam
483 1814 623 1885 quoque
640 1801 797 1864 nostram
815 1793 850 1864 in
873 1794 996 1865 litteris
1019 1799 1254 1888 supergressi,

173 1917 311 1988 Homeri
337 1914 443 1986 libros
470 1918 599 1986 mullos
631 1914 733 2007 quasi
767 1915 909 1986 totidem
942 1917 1084 1988 alterius
1110 1940 1254 1991 suorum

174 2040 343 2112 luminum
365 2036 480 2108 radios
502 2039 674 2107 amisere:
701 2036 834 2128 indigui
858 2036 918 2129 qui
944 2038 1010 2109 hac
1034 2050 1128 2112 tanta
1150 2042 1256 2114 ooeci-

175 2171 247 2232 tate
267 2163 385 2253 fulgur
405 2159 488 2230 illud
515 2159 681 2231 babuisse
710 2158 911 2250 glorientur.
945 2161 1055 2232 hlovit
1084 2173 1256 2257 praeterea

176 2283 429 2376 suspenditque
455 2280 609 2352 animum
635 2281 785 2371 legantis
811 2281 907 2372 quod
931 2280 976 2352 de
1004 2293 1065 2354 tuo
1089 2283 1255 2360 liname-⁴

177 2406 333 2479 morasti.
356 2404 524 2487 Quamvis
545 2404 638 2472 enim
658 2405 762 2474 etiam
784 2404 876 2497 apud
896 2416 1035 2476 nostros
1056 2404 1112 2477 illa
1131 2407 1256 2479 mortis

173 2529 264 2598 lama
281 2527 424 2615 vulgata
446 2524 506 2607 sit,
529 2535 634 2616 alque
654 2525 729 2619 ipse
749 2546 816 2617 ego
840 2524 923 2595 alibi
948 2529 1074 2596 lamam
1101 2509 1256 2621 sequens

172 2649 265 2729 idem
288 2647 512 2742 scripserim,
525 2646 589 2716 sed
608 2656 691 2717 nota
712 2646 950 2738 ambiguitatis
972 2647 1141 2732 adhibila;
1157 2649 1257 2723 iuva-

173 2773 233 2842 bat
252 2782 382 2853 tamen‚
406 2781 451 2852 el,
473 2770 502 2840 si
524 2769 624 2854 sinis,
648 2769 745 2841 iuvat
764 2771 810 2850 de
831 2778 864 2840 le
890 2770 993 2841 simul
1020 2793 1060 2842 ao
1086 2773 1256 2865 Sophocle

175 2892 297 2964 melius
331 2892 483 2984 opinari,
518 2915 622 2984 quam
656 2901 695 2964 ut
727 2892 1037 2966 turbulentissimae
1069 2896 1261 2988 passiones

173 3015 278 3087 animi
295 3037 429 3095 moeror
458 3025 493 3086 et
512 3016 680 3106 gaudium
714 3024 847 3087 tantum
881 3018 914 3088 in
950 3028 1018 3089 tam
1050 3016 1256 3095 coelestibus

173 3137 331 3230 potuisse
353 3138 538 3218 videantur
558 3141 717 3229 ingeniis.
740 3141 826 3210 Nam
848 3139 893 3210 de
914 3138 1122 3232 Philemonis
1142 3141 1254 3226 exitu,

63 3257 68 3264 “
174 3258 204 3328 si
224 3259 326 3330 lanae
346 3257 534 3339 credimus,
554 3258 712 3343 ridicule,
736 3259 901 3351 graviora
918 3241 1112 3330 tandem'et
1133 3262 1257 3352 opina-

174 3379 296 3450 biliora
316 3378 518 3460 didicimus,
542 3401 609 3449 non
637 3380 708 3449 risu
743 3382 838 3451 illum
867 3390 905 3451 ut
934 3379 1050 3450 dicere
1083 3381 1256 3468 solebant,

173 3503 235 3586 sed
261 3501 296 3569 vi
324 3500 475 3593 quadam
502 3504 805 3596 contemplationis
828 3504 1008 3574 altissimae
1034 3506 1253 3596 consopitum

173 3626 367 3718 expirasse.
407 3625 472 3695 Sed
503 3626 547 3696 ad
581 3636 614 3695 le
645 3649 751 3695 unum
783 3637 983 3717 sortemque
1016 3635 1107 3696 tuam
1136 3628 1253 3710 redeo,

173 3769 276 3838 quam
300 3749 439 3843 copiose
460 3748 647 3818 admodum
670 3760 705 3818 et
730 3748 885 3839 graviter
910 3749 1109 3841 deplorasti.
1133 3751 1256 3820 Solate

174 3879 290 3940 autem
304 3893 425 3962 quaeso
440 3872 607 3954 animum,
623 3871 811 3962 faciesque,
831 3880 947 3942 certus
966 3891 1056 3952 sum,
1073 3869 1102 3940 si
1115 3871 1256 3942 discus-

80 4055 83 4061 .
175 3990 223 4060 sis
245 3992 465 4083 passionibus
487 3994 530 4065 ad
545 4006 576 4064 te
592 3992 696 4066 redis.
712 3994 819 4064 lllulla
831 3992 876 4062 de
889 3992 1130 4078 imitatoribus,
1146 3996 1256 4065 mulla

174 4111 217 4181 de
240 4113 385 4186 indoctis
408 4114 671 4188 insullaloribus
692 4127 838 4208 questus
860 4134 920 4186 es:
943 4115 1034 4186 iusta
1055 4114 1204 4207 quidem
1221 4117 1253 4187 in
