2804 4656
178 299 237 361 ⁹220
522 313 564 360 nn
586 311 685 361 araus
706 310 928 364 rnuuramaus

178 449 281 520 etiam
300 447 327 517 si
349 445 478 518 oblitus
492 443 558 530 tui,
574 445 604 515 si
622 444 683 516 tibi
696 445 807 516 iratus
825 455 1002 536 appareat:
1022 443 1067 515 de
1080 446 1158 538 ipso
1171 448 1268 518 enim

179 572 345 664 seriptum
365 578 435 640 est:
458 567 542 638 Cum
554 569 659 636 tratas
670 565 774 657 fueris
791 566 1023 638 misericordior
1030 566 1267 640 recordaberis.

177 693 420 776 Familiariter,
447 688 664 763 confidenter
688 701 724 762 et
748 712 832 761 vere
858 690 963 761 dicito
995 691 1080 763 illud
1111 693 1267 764 ulcerosi

179 816 271 887 senis
284 814 508 886 memorabile
521 823 556 885 et
571 813 740 885 devotum
754 812 919 883 verbum:
936 813 1094 884 Etiamsi
1111 815 1268 886 occiderit

177 962 239 1022 me,
259 940 296 1007 tit
315 941 384 1032 ipso
396 939 550 1030 sperabo:
569 937 616 1007 ita
633 935 704 1017 dic,
721 935 769 1005 ita
789 936 855 1018 fac,
878 934 925 1005 ita
937 937 1064 1026 cogita,
1084 937 1132 1008 ita
1150 959 1266 1030 spera.

176 1061 311 1134 Poteris
337 1061 461 1142 omnia,
485 1060 515 1130 si
537 1068 570 1130 te
592 1079 697 1153 posse
723 1057 925 1143 credideris,
949 1080 1019 1128 nou
1040 1059 1076 1129 in
1097 1069 1131 1131 te
1152 1060 1267 1132 sedin

176 1208 220 1259 eo
240 1187 298 1279 qui
320 1198 354 1258 te
374 1185 554 1257 confortat.
576 1182 737 1265 Proinde,
761 1183 856 1274 quod
882 1183 990 1267 soles,
1013 1204 1079 1274 age
1100 1203 1267 1275 perseve-

179 1320 309 1393 ranter,
338 1331 450 1401 eoque
475 1308 669 1401 promptius
690 1328 760 1399 quo
782 1308 975 1400 proximior
996 1305 1056 1376 fini
1076 1329 1125 1378 es.
1152 1309 1267 1381 Breve

177 1443 233 1505 est
253 1433 333 1513 iter,
357 1430 440 1500 nibil
468 1442 585 1501 autem
612 1431 722 1503 breve
746 1429 900 1501 difficile:
925 1432 1017 1501 nulla
1031 1434 1089 1501 vel
1109 1452 1266 1526 praeceps

176 1574 366 1647 paucorum
383 1573 550 1644 passuum
567 1551 622 1622 via
636 1551 874 1643 fatigationem
889 1553 997 1635 elicit;
1013 1564 1136 1624 contra
1148 1565 1266 1624 autem

177 1680 251 1749 solo
271 1686 415 1768 aspectu
435 1674 494 1746 via
514 1676 648 1766 longior
669 1676 803 1767 fatigat,
823 1675 1019 1767 etsiplana
1040 1675 1096 1746 sit.
1118 1677 1162 1746 Et
1181 1676 1266 1769 quid

178 1803 301 1892 putas?
321 1801 448 1889 Magna
468 1819 551 1890 pars
572 1799 659 1869 lucis
681 1808 759 1869 acta
784 1809 839 1870 est
863 1798 966 1869 falsis
986 1797 1022 1868 in
1039 1772 1202 1888 'gaudiis
1230 1799 1266 1868 in

176 1920 355 1993 laboribus
376 1922 486 2003 veris,
507 1921 596 1991 inter
618 1943 701 2016 spes
723 1919 923 2011 ambiguas,
949 1919 1039 1990 inter
1058 1929 1154 1991 certa
1173 1921 1267 2014 peri-

154 2030 274 2126 ιοιιΙὲη
299 2054 335 2115 et
362 2047 571 2137 quantulum
603 2056 659 2117 est
691 2045 785 2137 quod
819 2047 951 2115 restat?
976 2042 1262 2136 advesperascit,

158 2245 162 2249 p
177 2167 261 2237 mihi
281 2167 401 2239 crede:
416 2168 502 2277 dum
515 2167 777 2238 confabulemur
789 2177 825 2238 et
840 2166 1152 2260 circumspicimus,
1168 2177 1264 2238 tran-

178 2290 222 2367 sit
241 2293 318 2363 dies
340 2313 408 2362 non
432 2288 662 2360 sentientibus
684 2288 796 2358 nobis.
819 2289 1062 2383 Respiciamus
1076 2289 1262 2361 adsolem:

177 2413 282 2487 finem
310 2414 436 2484 adesse
461 2411 674 2492 videbimus,
702 2412 764 2501 qui
790 2410 856 2482 etsi
871 2412 1131 2497 dissimuletur,
1150 2413 1264 2485 aderit

177 2547 307 2620 tamen,
328 2546 363 2605 et
379 2532 475 2625 quod
495 2534 671 2624 plerisque
691 2531 869 2603 viantibus
888 2534 1025 2619 accidit,
1049 2536 1091 2605 iis
1113 2555 1265 2629 praeser-

179 2662 239 2730 tim
260 2658 321 2751 qui
342 2657 534 2742 vehuntur,
553 2640 642 2727 'ante
666 2668 888 2751 expectatum
917 2659 1045 2752 hospes
1072 2661 1138 2732 erit
1163 2662 1198 2731 in
1225 2663 1265 2732 li-

121 2836 129 2841 .
177 2781 284 2862 mine,
302 2791 410 2872 atque
427 2781 547 2850 ultima
568 2801 631 2850 nos
648 2779 775 2852 domus
792 2782 955 2874 excipiet.
974 2782 1137 2855 Eundum
1158 2783 1264 2874 igitur

176 2904 337 2974 alacriter
352 2915 398 2974 >et
420 2915 537 2989 caute,
561 2903 771 2996 invictisque
795 2904 922 2974 animis
950 2905 1085 2977 viarum
1108 2906 1264 2998 reliquiae

176 3026 400 3119 peragendae,
422 3047 463 3097 ac
481 3047 543 3120 spe
561 3026 688 3118 quietis
709 3026 979 3121 permulcendos
997 3027 1104 3098 labor.
1119 3030 1164 3098 Et
1176 3052 1263 3121 quo·
1370 3115 1376 3127 ὓ

177 3147 269 3217 niam
293 3148 358 3216 buc
374 3147 548 3237 loquendo
559 3151 794 3242 pervenimus,
814 3151 870 3219 ille
889 3149 973 3219 mibi
990 3172 1043 3221 ex.
1057 3153 1174 3223 multis
1189 3152 1264 3223 via·

177 3281 290 3340 torum
312 3288 388 3338 mos
414 3269 595 3362 probatur,
623 3270 683 3362 qui
711 3271 860 3363 bospitio
880 3272 1153 3365 propinquantes
1179 3285 1264 3345 eunt

177 3394 322 3478 lentina,
338 3403 375 3463 ut
389 3391 515 3463 diurno
532 3404 623 3464 aestu
637 3396 803 3465 collectus
823 3397 941 3466 fervor
955 3404 1177 3488 temperetur.
1197 3398 1264 3468 lta-

177 3506 247 3608 que
267 3515 311 3586 de
332 3516 504 3588 industria
526 3516 675 3607 gradum
696 3528 828 3601 tenent,
854 3519 1098 3611 fumantesque
1126 3519 1263 3590 frenant

178 3657 302 3729 equoS,
326 3649 430 3730 atque
452 3637 500 3708 ita
521 3639 729 3730 perveniunt
745 3661 814 3730 quo
836 3638 1045 3731 pergebant,
1066 3649 1103 3710 ut
1120 3641 1261 3712 nullain

178 3771 277 3852 parte
294 3761 443 3852 vestigia
461 3760 693 3833 festinationis
707 3763 892 3833 emineant.
908 3763 953 3832 Et
969 3785 1034 3833 nos
1051 3765 1112 3854 qui
1125 3764 1264 3834 ferven-

180 3884 272 3954 tibus
293 3885 419 3956 animis
441 3908 501 3978 per
521 3885 768 3956 adolescentiae
791 3888 968 3980 pulverem
991 3885 1145 3956 iuventae
1165 3908 1263 3956 mon·

181 4017 260 4077 tana
281 4009 523 4093 transivimus,
546 4009 615 4080 iam
631 4011 735 4099 plano
754 4020 789 4080 et
809 4008 919 4080 solido
942 4007 1077 4092 redditi,
1094 4017 1264 4102 tempere-

182 4148 258 4198 mus
292 4127 469 4213 ardorem,
503 4131 680 4202 frenemus
714 4130 895 4223 impetum,
923 4139 959 4199 et
987 4126 1031 4199 ad
1069 4127 1172 4200 finem
1213 4129 1263 4199 sic
