2730 4680
226 318 264 377 68
560 330 601 376 nn
622 331 722 378 nuans
744 329 967 379 rantumnrous

226 468 376 537 animum
406 467 465 537 tihi
498 466 723 539 dedicaturus
756 467 977 549 nascebatur,
1006 487 1144 559 aequum
1174 469 1238 540 luit
1264 479 1300 539 ut

226 590 420 660 renascenti
447 591 511 661 sihi
534 614 658 662 nomen
686 592 766 664 hinc
796 594 873 664 eius
906 594 1022 665 futuro
1052 590 1200 685 hincque
1225 592 1299 685 ipsa

202 796 207 805 ι
226 712 285 782 Dei
306 714 523 805 praescientia
544 712 611 782 iam
634 713 797 808 praesenti
824 713 1001 808 proposito
1021 734 1213 784 consonum
1240 712 1300 783 oh-

225 834 370 904 veniret.
392 836 498 906 ldulta
520 835 564 906 de
587 836 651 906 hoc
676 837 752 907 viro
773 835 946 907 narranda
966 836 1118 931 suppetit
1137 837 1297 920 materia,

224 980 305 1050 qnae
326 960 408 1030 nulli
430 981 534 1051 quam
553 958 622 1044 tibi,
645 961 772 1041 Caesar,
790 959 923 1031 notiora
946 959 1169 1031 crediderim:
1191 959 1297 1031 unum

223 1105 269 1154 ex
289 1082 382 1152 mille
399 1083 643 1176 perstringam.
663 1083 840 1174 Siquidem
858 1104 950 1153 auno
970 1084 1027 1154 illo
1045 1084 1094 1153 tui
1115 1081 1297 1165 adventus

223 1226 303 1274 cum
325 1215 362 1275 tu
387 1226 443 1274 me
470 1204 543 1274 suis
570 1202 688 1276 verbis
709 1204 754 1275 ad
781 1214 814 1274 te
835 1203 1008 1275 Mantuam
1035 1217 1300 1289 evocasses,.et

223 1350 290 1418 ego
310 1328 430 1422 paucis
456 1338 534 1420 post
559 1326 682 1398 diebus
709 1327 776 1399 iter
800 1348 960 1419 agerem,
987 1325 1131 1417 contigit
1157 1335 1195 1396 ut
1220 1349 1298 1398 cum

222 1450 358 1544 Ahdnae
374 1451 487 1520 amnis
502 1451 535 1519 in
547 1452 621 1542 ripa
640 1471 719 1520 sero
737 1447 981 1535 substitissem,
1000 1472 1102 1521 mane
1118 1451 1204 1521 meis
1222 1452 1298 1545 ipse

224 1573 373 1645 stimulis
393 1573 530 1644 excitus
555 1583 591 1642 et
615 1571 659 1643 ad
682 1582 714 1643 te
740 1593 930 1666 properans
955 1585 1036 1645 ante
1056 1575 1170 1645 lucem
1194 1572 1298 1645 domo

222 1696 416 1787 egrederer,
437 1718 505 1767 non
523 1697 689 1766 comitum
711 1696 814 1767 modo
833 1697 894 1768 sed
914 1697 1122 1778 famulorum
1134 1719 1298 1769 ‘murmu-

222 1843 277 1906 re‚
293 1820 394 1912 quod
414 1819 470 1890 uhi
493 1820 555 1888 vix
576 1841 638 1912 per
658 1820 751 1891 diem
772 1821 806 1888 in
834 1817 994 1890 thalamis
1011 1829 1090 1891 ante
1108 1820 1224 1910 ignem
1247 1831 1299 1891 to-

224 1947 324 2016 lerari
356 1955 477 2036 posset
501 1943 632 2014 insoliti
656 1945 712 2014 vis
745 1943 886 2035 algoris
912 1965 979 2035 ego
1008 1966 1070 2039 per
1101 1953 1237 2015 noctem
1263 1954 1299 2013 et

222 2046 342 2160 rigidis
368 2067 509 2138 nivibus
534 2078 569 2138 et
595 2065 737 2138 lubricae
763 2066 884 2158 glaciei
905 2080 941 2139 et
965 2067 1042 2139 coeli
1067 2066 1297 2139 inclementiae

221 2191 363 2261 minime
383 2193 534 2261 ferreum
552 2211 679 2282 corpus
697 2189 894 2260 obiicerem.
914 2191 999 2260 Tum
1018 2212 1099 2261 ecce
1116 2189 1220 2260 limen
1236 2209 1299 2282 op-

220 2313 292 2408 pidi
314 2324 559 2402 transgressus
578 2313 644 2381 iste
664 2310 703 2381 fit
727 2309 865 2396 obvius,
888 2313 947 2404 qui
968 2313 1137 2384 Cremona
1158 2309 1225 2383 sub
1244 2311 1298 2381 in-

222 2444 402 2530 tempestae
428 2436 539 2504 nectis
561 2434 698 2503 silentio
723 2433 903 2524 digressus
921 2434 989 2506 iam
1015 2434 1198 2507 duodecim
1219 2434 1297 2505 mil-

220 2560 265 2630 lia
282 2578 451 2651 passuum
469 2566 647 2647 exegerat,
663 2566 701 2626 ut
717 2556 774 2626 illo
792 2557 897 2627 totius
914 2556 993 2628 anni
1011 2555 1221 2629 brevissimo
1238 2558 1296 2631 die

219 2680 453 2752 Mediolanum
474 2678 683 2772 perveniret.
710 2678 756 2749 Et
772 2678 851 2750 licet
876 2680 1013 2750 famulis
1033 2690 1137 2773 atque
1162 2680 1296 2751 comiti-

112 2812 115 2819 '
220 2801 287 2873 hus
309 2803 382 2873 suis
409 2803 537 2893 frigore
557 2802 690 2873 enectis
708 2811 744 2872 et
764 2802 882 2874 labore
899 2803 1074 2889 confectis,
1102 2825 1193 2875 nnus
1218 2804 1296 2897 ipse

221 2925 271 2995 sic
295 2924 366 2997 ibat
394 2925 494 3025 quasi
528 2924 572 2996 ad
602 2925 739 2996 aestivae
771 2924 881 2997 noctis
910 2948 1069 2998 auroram
1103 2924 1294 2998 herbosum

220 3049 334 3119 breve
355 3050 420 3120 iter
445 3049 645 3138 ingressus,
671 3057 706 3119 et
726 3047 910 3126 identidem
933 3049 1157 3141 requiescens
1177 3051 1212 3120 in
1234 3062 1295 3123 tuo

219 3170 360 3241 nomine
379 3181 415 3241 et
434 3169 469 3238 iu
487 3169 537 3239 tui
558 3169 726 3241 memoria
747 3173 974 3242 recalescens.
993 3172 1132 3264 Agnovi
1152 3193 1292 3244 vocem:

221 3292 374 3365 tenebrae
399 3292 556 3362 notitiam
583 3292 703 3362 vultus
729 3291 955 3364 abstulerant.
984 3281 1158 3387 Compello
1182 3294 1294 3365 homi-

219 3439 316 3488 nem:
338 3412 470 3485 accedit
487 3413 621 3506 cupide.
642 3414 686 3484 Et
705 3415 798 3487 Deus
816 3414 913 3499 bone,
934 3437 1022 3508 quos
1043 3416 1099 3488 ille
1118 3417 1162 3488 de
1182 3427 1293 3499 teru-

219 3560 349 3623 333333,
376 3559 464 3630 quas
492 3558 589 3632 spes,
616 3558 705 3629 qnos
731 3537 765 3605 in
791 3560 910 3610 aurem
937 3559 1100 3611 susurros
1126 3540 1293 3632 gavisuro

219 3664 304 3732 milri
330 3665 433 3734 laetus
456 3644 588 3732 intulit!
618 3661 692 3733 lhat
716 3660 819 3747 enim,
846 3662 979 3746 Caesar,
1001 3670 1040 3733 ut
1056 3660 1203 3732 arduum
1232 3660 1292 3732 tihi

220 3790 452 3878 complanaret
471 3784 546 3870 iter,
565 3794 600 3855 et
614 3783 804 3856 secundnm
818 3783 903 3856 illud
921 3785 1037 3856 lsaiae:
1052 3786 1171 3861 Omnis
1190 3807 1291 3858 mons

220 3920 255 3978 et
267 3910 364 3999 collis
374 3908 613 3980 humiliaretur
626 3917 661 3978 et
674 3918 792 3979 essent
807 3930 912 4002 prava
925 3910 960 3977 in
974 3908 1104 3980 directa
1116 3920 1151 3980 et
1164 3931 1291 4004 aspera

220 4029 255 4099 in
275 4031 352 4109 vias
369 4034 509 4126 planas3
527 4030 621 4124 quod
637 4053 721 4102 mox
737 4031 870 4103 coelesti
886 4053 950 4126 ope
969 4033 1037 4103 tuis
1054 4034 1192 4105 favente
1209 4055 1291 4104 con-

222 4152 307 4222 siliis
337 4176 441 4248 supra
471 4176 566 4247 spem
593 4154 736 4226 feliciter
760 4155 984 4248 adimpletum
1010 4166 1074 4226 est.
1102 4155 1184 4227 lnde
1210 4165 1290 4252 post
