2992 4664
573 307 727 355 nrrsrott
750 308 801 355 nv.
1156 295 1214 353 333

134 456 323 553 scriptores
341 454 494 548 quinque
511 456 568 525 vei
589 476 672 538 sex3
694 455 808 527 habeo
827 464 897 526 tres
919 456 964 527 ad
981 475 1158 547 praesenS,
1179 465 1217 525 et

133 601 178 650 ne
211 580 329 672 plures
359 576 508 647 habeam
529 597 636 647 causa
668 587 742 662 est,
776 579 857 669 quia
891 600 959 649 non
993 577 1217 647 inveniuntur

134 701 340 793 scriptores:
357 700 420 770 sed
436 701 584 792 pictores
606 700 736 771 utinam
756 722 824 771 non
841 701 956 792 inepti.
974 699 1092 770 Habeo
1110 720 1216 768 unum

134 821 376 916 presbyterum
404 819 639 892 venerabitem
661 822 776 890 virum
803 820 970 913 quidum
1002 821 1036 888 in
1063 820 1217 892 Ecclesia

137 966 213 1015 sum
235 943 401 1014 assiduus
423 965 557 1013 mecum
584 953 659 1026 est,
691 965 769 1013 cum
806 965 875 1035 quo
910 964 1004 1036 saepe
1031 941 1088 1012 ubi
1123 944 1219 1013 solus

138 1067 307 1159 prandere
327 1065 506 1158 disposui,
533 1087 615 1136 ecce
642 1064 756 1136 subito
781 1088 802 1136 e
828 1072 1032 1135 transverso
1054 1064 1219 1135 conviva·

137 1167 214 1260 rum
232 1187 342 1270 acieS,
371 1190 428 1257 vel
454 1188 531 1258 cibo
556 1188 733 1280 pascenda
753 1190 807 1258 vet
834 1188 977 1259 sabulis:
1001 1186 1104 1257 vitari
1125 1186 1216 1256 enim

136 1330 281 1404 prorsus
299 1311 434 1402 nequit,
457 1331 502 1379 ne
520 1311 575 1379 vei
594 1310 777 1402 superbior
790 1331 991 1402 appaream,
1009 1311 1062 1379 vel
1078 1309 1220 1379 avarior
1265 1385 1268 1391 ,

137 1456 241 1528 quam
264 1454 353 1503 sum.
368 1433 425 1502 Sic
439 1455 494 1503 me
507 1435 601 1503 Deus
620 1444 719 1515 amet,
734 1441 772 1504 ut
788 1453 1038 1523 nonnunquam
1061 1439 1219 1522 spectare

138 1553 220 1626 mihi
246 1555 369 1626 videor
395 1556 471 1626 iiius
505 1556 725 1649 Peneiopaeos
759 1554 958 1625 Homericos
981 1554 1125 1634 Procas,
1153 1550 1220 1620 nisi

139 1678 231 1770 quod
251 1678 372 1748 hostes
394 1679 441 1747 itti
458 1680 608 1760 fuerant,
627 1677 659 1745 hi
683 1689 797 1748 autem
822 1687 904 1746 sunt
924 1675 1035 1746 amici.
1057 1677 1222 1745 Exonero

139 1799 292 1869 animum
324 1799 497 1890 loquendo
528 1810 660 1880 tecum,
688 1800 795 1867 immo
828 1820 987 1878 mecum,
1022 1808 1056 1865 et
1085 1795 1162 1865 ideo
1187 1804 1223 1864 te

140 1921 270 1993 tamdiu
292 1920 359 1991 hoc
379 1920 490 1991 inutili
514 1942 674 1991 sermone
693 1939 836 2013 occupo.
864 1917 1011 2001 Quando
1035 1929 1150 1987 autem
1178 1915 1223 1987 de

140 2067 204 2127 me,
227 2046 347 2129 frater,
367 2045 444 2115 haec
464 2044 654 2115 crederes?
679 2045 723 2113 Et
751 2054 859 2114 totum
881 2042 946 2113 hoc
968 2041 1050 2110 mihi
1072 2040 1153 2110 iacit
1174 2041 1224 2111 te-

140 2166 230 2238 nitas
253 2188 343 2250 mea‚
371 2188 452 2260 quae
475 2188 542 2249 me,
566 2179 691 2238 natura
710 2166 786 2236 licet
805 2168 911 2255 vulgo
931 2161 1222 2247 abstractumpin

117 2311 322 2360 ‚commune
350 2291 508 2360 restituit.
540 2288 647 2382 Cupio
680 2297 850 2381 praeterea
886 2295 922 2355 et
952 2285 1116 2376 dispon0‚
1153 2285 1225 2353 Deo

87 2503 90 2511 ι
141 2412 258 2495 dante,
278 2433 346 2482 non
369 2416 533 2504 temptum
556 2413 655 2483 Marti
677 2421 844 2504 quantum
874 2429 1045 2499 nusquam
1067 2414 1164 2478 esset
1186 2418 1224 2476 ut

142 2533 249 2603 Iulius
279 2533 411 2616 Caesar,
434 2535 497 2606 sed
519 2554 626 2606 unum
648 2533 703 2604 hic
724 2545 872 2626 parvum
898 2531 1089 2603 oratorium
1107 2532 1230 2601 Beatae·

142 2655 274 2745 Virgini
291 2665 475 2739 extruere3
497 2657 635 2749 iamque
650 2679 739 2749 opus
753 2655 952 2747 aggredior:
974 2654 1039 2725 etsi
1058 2653 1224 2724 deberem

142 2776 274 2847 tibettos
296 2789 400 2848 meos·
415 2779 599 2871 pignorare
620 2783 677 2849 vel
703 2779 867 2851 vendere.
890 2780 935 2847 Et
955 2778 984 2846 si
1007 2779 1051 2848 ad
1072 2798 1227 2869 opuscu-

141 2901 212 2968 lum
239 2900 305 2968 hoc
325 2901 535 2989 expleudum
558 2900 716 2970 Christus
737 2899 817 2968 mihi
837 2899 944 2967 vitam
965 2906 1000 2966 et
1024 2900 1220 2967 facultatem

141 3017 289 3099 dederit,
322 3018 435 3087 statim
461 3019 489 3087 si
516 3020 634 3089 venire
666 3021 740 3111 ipse
766 3040 833 3088 non
862 3019 1007 3108 possim,
1033 3018 1121 3087 sicut
1155 3037 1225 3087 non

142 3161 247 3234 posse
285 3139 433 3210 arbitror
474 3141 632 3212 deiectus
661 3140 794 3210 viribus
830 3140 1024 3232 corporeis
1060 3143 1225 3212 famulum

145 3286 251 3333 unum
272 3264 316 3334 ad
337 3263 514 3334 dominnm
534 3285 650 3334 rueum
669 3262 894 3335 Sabinensenr
916 3265 1015 3336 etad
1038 3277 1070 3336 te
1092 3266 1224 3335 mittam

144 3387 188 3457 ad
211 3386 453 3458 retentandum
472 3378 553 3458 ¹istic
572 3387 667 3480 quod
688 3388 769 3458 olim
792 3408 847 3457 me
866 3390 996 3458 frustra·
1014 3384 1176 3469 voluisse,
1193 3394 1229 3455 et

144 3508 218 3600 ipse
240 3509 306 3580 scit
326 3518 362 3580 et
389 3520 424 3580 tu
446 3510 550 3581 etiam
568 3532 636 3579 non
664 3510 814 3601 ignoras.
843 3511 939 3591 Haec,
969 3510 1096 3590 amice,
1125 3528 1227 3579 cura·

146 3654 223 3701 rum
244 3654 400 3704 mearum
428 3654 510 3725 pars
537 3632 718 3704 miliesima
749 3644 813 3702 est.
849 3631 884 3703 Si
918 3632 972 3701 his
1005 3651 1090 3720 ergo
1123 3639 1227 3720 atque

146 3756 230 3837 aiiis,
253 3766 288 3826 et
303 3757 397 3847 quod
417 3757 498 3826 mihi
516 3778 535 3827 a
556 3756 820 3850 praedecessore
835 3777 900 3825 suo
917 3754 1125 3846 promissum
1142 3765 1225 3837 erat,

146 3889 183 3948 ut
203 3879 318 3962 nostis
334 3879 496 3950 dominus
512 3889 635 3949 noster
655 3877 761 3969 quieti
785 3898 872 3948 meae
895 3878 1076 3947 consutere
1103 3875 1228 3965 digna·

145 4012 253 4083 retur,
280 4023 349 4071 non
371 4011 557 4082 teneretur,
586 4003 709 4083 fateor,
733 4000 876 4090 indigno
896 4008 930 4068 et
952 3996 1133 4078 immerito,
1157 3997 1224 4066 nisi
1294 3997 1297 4001 ’

146 4122 190 4192 ad
205 4122 425 4196 imitationem
445 4127 562 4196 forsan
576 4123 668 4194 iltius
687 4121 785 4193 cuius
804 4122 916 4192 vicem
932 4120 1029 4210 gerit,
1045 4119 1108 4212 qui
1120 4121 1227 4190 muita
