2738 4680
206 314 265 376 lto
551 328 593 375 on
613 324 715 374 nunus
736 323 958 372 rnurnmnmus

207 473 311 545 nibus
334 474 533 566 praemium,
555 472 630 565 rapi
652 492 714 543 eos
732 470 834 541 iussit
851 480 885 541 et
902 469 937 540 in
954 491 1093 540 crucem
1112 469 1198 555 tolli,
1219 491 1292 551 ser-

206 599 337 691 vilique
373 597 543 691 supplicio
577 596 688 678 allici,
723 595 844 665 dicens
878 592 1021 689 euenire
1059 593 1217 685 potuisse
1256 604 1291 664 ut

205 731 326 793 essent
346 720 495 803 insidiae,
525 742 564 790 ac
591 721 719 811 periret
746 717 878 789 romani
905 717 1055 789 nominis
1083 719 1288 788 reverentie.

206 846 362 938 Cumque
384 846 509 935 iugens
531 843 655 916 seditio
676 845 710 913 in
730 844 891 913 exercitu
909 853 984 915 orta
997 837 1290 934 esseuprocessit

203 968 238 1037 in
261 967 412 1038 medium
436 969 510 1038 sine
532 966 654 1050 armis,
677 975 735 1036 et:
762 996 776 1031 u
801 967 975 1036 Perculile
996 987 1065 1048 me,
1101 963 1227 1056 iuquit,
1259 965 1287 1034 si

210 1116 226 1154 n
257 1088 415 1172 audetis,
454 1098 700 1182 corruptaeque
721 1087 915 1180 disciplinae
947 1087 1029 1158 eaesi
1062 1087 1168 1157 etiam
1189 1087 1287 1158 ducis

207 1239 222 1275 »
252 1214 368 1284 scelus
389 1210 515 1284 addite.
540 1241 555 1277 t>
577 1214 664 1295 Quae
683 1231 738 1282 res
757 1222 892 1282 tantum
911 1210 1117 1283 obedientie
1136 1211 1286 1282 romanis

203 1334 347 1418 addidit,
368 1345 502 1407 lantum
520 1336 664 1406 terroris
684 1333 843 1406 barbaris
860 1333 991 1419 iniecit,
1006 1333 1210 1405 videntibus
1226 1334 1287 1405 da-

203 1469 340 1530 mnatos
363 1460 495 1530 romani
517 1460 617 1531 ducis
640 1459 768 1530 iudicio
787 1460 894 1531 etiam
914 1481 975 1530 eos
1002 1457 1061 1550 qui
1087 1467 1208 1529 contra
1233 1460 1285 1530 fas

202 1582 371 1667 vicerant,
390 1593 427 1654 ut
448 1594 731 1676 pacem-centum
749 1605 930 1665 annorum,
953 1581 1102 1653 absente
1113 1580 1286 1653 Antonino

201 1709 357 1778 Romano
379 1719 461 1779 tuuc
486 1709 709 1800 imperatore,
729 1706 969 1800 deposcerent.
992 1704 1046 1775 Ad
1065 1714 1283 1800 postremum

202 1831 259 1901 bic
279 1820 335 1901 est
351 1831 408 1902 ille
428 1830 484 1902 vir
504 1853 609 1923 quem
633 1853 741 1902 unum
761 1831 937 1924 corruptis
958 1851 998 1901 ac
1015 1828 1160 1923 perditis
1180 1830 1285 1920 legio-

201 1977 287 2024 num
310 1954 466 2025 moribus
485 1953 716 2026 reformandis
738 1953 832 2024 idem
853 1953 929 2046 ipse
955 1955 1095 2024 Marcus
1120 1952 1283 2023 Aurelius

200 2076 398 2148 Antoninus
432 2078 627 2173 principum
657 2076 938 2169 sapientissimus
966 2099 1053 2148 sano
1078 2090 1283 2168 maturoque

200 2201 345 2272 consilio
376 2200 566 2292 delegisse,
605 2200 733 2293 cuique
769 2223 830 2292 per
866 2201 1050 2292 epistolam
1085 2200 1283 2273 severitatis

200 2325 341 2394 eximiae
362 2347 485 2395 verum
505 2335 539 2394 et
561 2324 698 2414 insigne
724 2324 960 2396 testimonium
989 2323 1187 2396 reddidisse
1212 2327 1283 2396 lau·
1347 2305 1353 2318 ’

199 2445 314 2517 datur.
334 2447 441 2517 lllulta
461 2446 534 2516 dixi
556 2447 601 2517 de
622 2447 760 2532 Cassio,
775 2445 870 2540 quod
887 2455 922 2518 et
939 2450 1048 2518 multu
1065 2446 1109 2518 de
1127 2470 1170 2521 eo
1188 2452 1297 2540 lege--

199 2589 291 2653 ram,
314 2578 350 2638 el
369 2570 517 2638 multum
532 2568 587 2638 ille
601 2578 731 2640 noslrae
749 2571 927 2642 moderuae
944 2566 1073 2643 militiae
1086 2573 1281 2657 dissimilis

198 2693 420 2783 multumque
441 2691 519 2762 ideo
539 2692 704 2763 vitiorum
723 2694 832 2764 nostri
855 2696 1021 2789 temporis
1035 2696 1194 2769 convicio
1208 2698 1282 2768 ido-

198 2835 287 2884 neus
320 2814 519 2886 videbatur.
555 2816 617 2886 Cui
654 2814 719 2887 hac
757 2815 793 2887 in
825 2841 863 2890 re
894 2819 1016 2889 similis
1050 2821 1278 2904 Maximinus

198 2938 360 3028 quamvis
381 2938 417 3006 iu
438 2937 581 3029 reliquis
603 2938 755 3010 crudelis
777 2962 817 3010 ac
838 2939 1027 3026 barbarus,
1049 2944 1171 3034 quinta
1195 2965 1281 3035 qua·

197 3082 280 3150 que,
304 3069 343 3130 ut
363 3062 397 3130 iu
416 3063 488 3130 vita
509 3062 586 3133 eius
608 3062 751 3154 legitur,
773 3062 830 3133 die
846 3063 989 3133 iubebat
1008 3064 1136 3135 milites
1157 3065 1278 3137 decur-

198 3203 294 3263 rere,
317 3181 406 3253 inter
428 3204 466 3253 se
488 3183 675 3255 simulacra
696 3185 866 3257 bellorum
888 3209 1009 3278 agere,
1024 3188 1177 3278 gladios
1200 3188 1279 3259 lori-

197 3325 270 3390 cas,
296 3306 430 3394 galeae,
463 3315 575 3389 scuta,
611 3307 764 3394 tunicas,
798 3319 834 3379 et
866 3310 981 3381 omnia
1014 3332 1111 3381 arma
1142 3309 1277 3382 illorum

92 3522 94 3526 Υ
197 3427 352 3520 quotidie
377 3427 661 3523 circumspicere,
690 3431 906 3524 quinetiam
937 3433 1012 3528 ipse
1045 3433 1279 3526 prospiciebat

196 3573 343 3642 prorsus
364 3563 403 3623 ut
424 3575 545 3625 verum
570 3574 608 3624 se
634 3566 766 3647 patrem
794 3555 959 3627 militibus
984 3556 1170 3651 praeberet.
1197 3560 1278 3629 Pro-

196 3672 264 3744 bus
286 3697 425 3768 quoque
447 3677 514 3747 sub
532 3679 646 3748 oculis
665 3679 839 3772 eratqui,
874 3691 910 3752 ut
937 3682 985 3751 ait
1008 3682 1150 3753 Flavius
1176 3684 1278 3776 Vopi-

199 3809 294 3873 scus,
318 3795 498 3885 nu'nquum
524 3795 668 3866 militem
699 3797 851 3869 otiosum
876 3820 957 3871 esse
984 3821 1176 3893 perpessus
1202 3812 1276 3883 est;

198 3912 370 4004 siquidem
397 3919 505 3989 multa
530 3940 636 4011 opera
663 3921 801 3992 militari
830 3944 936 3994 mauu
970 3922 1127 4016 perfecit,
1158 3923 1277 3996 dicens

196 4055 370 4109 annonam
393 4040 534 4114 militem
555 4043 740 4116 comedere
760 4069 829 4118 non
850 4045 988 4118 debere.
1010 4046 1060 4118 Ac
1080 4069 1124 4118 ne
1145 4049 1276 4120 leviora

197 4158 418 4247 gravissimis
441 4163 609 4253 inseram,
633 4177 740 4260 utque
761 4170 917 4242 omittam
946 4167 1112 4253 Quintum
1141 4169 1277 4242 Cincin-
