2940 4650
568 304 723 356 nrrsronn
745 307 786 357 vr.
1161 290 1219 354 529

139 449 268 522 babent
288 448 419 540 aliquid
438 450 534 520 vivae
554 449 753 543 voluptatis.
778 447 907 520 Ibimus
929 451 1032 520 vacui
1053 470 1217 520 curarum
1267 543 1268 546 Ἴ
1302 436 1304 455 '

139 594 201 665 per
215 561 280 643 =eos
297 570 425 664 quibus
443 570 689 643 incredibiliter
702 572 856 644 delector
869 572 1014 665 Tyrreni
1031 572 1138 643 maris
1156 593 1219 642 an·

138 692 282 775 fractus
310 700 345 762 et
369 699 524 786 optatum
551 712 691 784 semper
719 692 837 777 otium,
869 691 964 786 quod
994 691 1107 763 nobile
1132 690 1218 763 illud
1267 733 1270 751 2

139 817 330 887 amicorum
350 837 413 909 par
432 816 545 908 Scipio
570 837 612 887 ac
637 815 767 887 Laelius
800 824 880 910 post
909 813 1046 886 labores
1075 813 1218 885 bellicos

139 938 175 1009 in
208 938 335 1010 Caietae
364 937 523 1010 litoribus
548 951 783 1031 consequutus
807 938 917 1010 luisse
945 936 1124 1022 novimus,
1142 915 1216 1009 ¹nos

139 1069 220 1164 post
243 1059 437 1131 studiorum
462 1059 601 1151 vigilias
627 1059 662 1131 in
688 1061 806 1134 lanuae
830 1059 991 1132 litoribus
1018 1058 1214 1131 sortiemur.

138 1184 175 1254 Si
212 1205 282 1276 qua
327 1191 441 1254 autem
480 1182 740 1255 baeterrarum
778 1193 877 1277 parte
914 1183 1074 1255 satietate
1113 1192 1218 1254 erunt

139 1304 257 1390 animi,
281 1306 347 1377 alia
367 1303 468 1375 nobis
487 1305 619 1376 Patavii
645 1306 680 1375 in
706 1305 850 1396 regione
875 1305 982 1377 Vallis
1008 1303 1216 1397 Cispadanae

139 1447 204 1496 nec
221 1426 335 1497 minus
354 1427 554 1518 tranquilia,
572 1448 638 1499 nec
655 1428 770 1498 minus
792 1426 916 1500 idonea
937 1425 1041 1498 sedes
1063 1436 1134 1509 est,
1155 1424 1215 1496 ubi

116 1529 207 1618 'non
233 1569 342 1640 parva
368 1548 481 1642 portio
506 1549 678 1620 felicitatis
711 1558 841 1620 nostrae
866 1548 986 1633 luerit,
1014 1547 1092 1619 talis
1122 1547 1213 1620 illius

136 1669 204 1739 viri
225 1670 329 1742 aede
351 1669 450 1742 nobis
471 1669 677 1742 benemeriti
698 1671 867 1742 meruisse
888 1671 1099 1742 convictum.
1121 1671 1213 1741 Erit·

136 1813 206 1883 que
226 1789 327 1861 nobis
348 1790 393 1861 ad
413 1793 503 1862 latus
524 1791 678 1863 omnium
697 1813 787 1883 quas
807 1813 874 1883 ego
900 1791 1047 1862 viderim
1071 1791 1120 1886 (et
1139 1791 1212 1863 vidi

135 1921 281 1984 cunctas
307 1915 380 1984 lere
398 1911 526 2005 quibus
547 1912 698 2004 Europae
720 1912 817 2004 regio
837 1911 1007 2008 superbit)
1030 1912 1212 1984 miraculo-
1283 2003 1286 2012 .

136 2033 276 2105 sissima
315 2035 538 2106 Venetiarum
576 2033 723 2120 civitae,
762 2033 908 2127 eiusque
947 2034 1022 2105 dux
1055 2033 1210 2118 illustris
1284 2018 1286 2027 ,

135 2157 278 2228 lionoris
292 2178 430 2249 qnoque
444 2178 550 2229 causa
562 2156 807 2240 nominandus
823 2154 995 2238 Andreas,
1011 2176 1080 2226 non
1094 2157 1210 2228 minus

134 2277 304 2350 bonarum
326 2279 448 2351 artium
473 2279 613 2361 studiiS,
635 2302 739 2372 quam
768 2279 854 2349 tanti
880 2279 1105 2369 magistratus
1126 2277 1211 2348 insi-

134 2400 260 2492 gnibus
280 2401 335 2472 vir
355 2402 481 2484 clarus
504 2402 620 2492 quiet
641 2402 716 2493 ipse
737 2401 781 2471 de
803 2400 937 2472 illorum
960 2422 1106 2471 numero
1129 2419 1212 2472 asse

133 2544 203 2593 non
223 2522 374 2605 erubuit,
396 2523 467 2616 qni,
488 2522 608 2595 nescio
627 2545 698 2615 quo
717 2524 805 2594 falso
825 2523 964 2594 nomine
985 2523 1130 2618 decepti,
1154 2544 1210 2605 me
1293 2557 1295 2562 ·

132 2657 213 2715 ante
245 2666 367 2717 omnes
398 2644 539 2738 quidem
565 2655 828 2741 conspexerunt
847 2656 881 2717 et
901 2644 1112 2716 dilexerunt.
1134 2644 1209 2716 Erit

132 2778 168 2838 et
194 2767 388 2838 Tarvisium
416 2769 551 2839 aestivis
571 2768 705 2840 deliciis
725 2779 761 2840 et
781 2768 983 2840 fluminibus
1004 2769 1129 2840 civitas
1155 2768 1207 2838 in-

133 2889 244 2980 signis
257 2898 291 2958 et
306 2887 474 2973 lontibus,
492 2887 582 2960 unde
599 2889 713 2959 omnis
731 2888 871 2959 tristitia
884 2912 988 2982 quam
1001 2890 1206 2981 longissime

133 2993 285 3101 relegata
311 3023 375 3081 est.
398 3011 447 3080 lta
467 3010 629 3103 quotiens
655 3009 818 3080 identitas
845 3007 938 3082 taedii
964 3021 1075 3082 mater
1099 3009 1206 3081 offen-

131 3134 235 3216 derit,
255 3131 366 3203 aderit
381 3131 511 3227 optima
528 3129 656 3203 fastidii
674 3131 845 3203 medicina
865 3134 1032 3217 varietas
1052 3141 1087 3205 et
1104 3132 1205 3227 quid·
1228 3161 1230 3164 ·

130 3256 216 3349 qnid
234 3253 402 3339 molestiae
418 3253 623 3350 obrepserit,
639 3260 772 3328 alterno
790 3256 974 3350 colloquio,
992 3267 1028 3327 et
1048 3257 1203 3326 locorum

131 3381 248 3451 talium
271 3376 458 3449 mutatione
479 3378 692 3470 purgabitur.
715 3380 837 3452 Nescio
858 3380 941 3473 quid
959 3379 1054 3450 aliud
1074 3378 1201 3463 dicam;

129 3511 165 3573 et
186 3500 296 3571 sentio
317 3522 372 3570 me
393 3499 497 3570 animi
515 3501 631 3572 calore
652 3501 789 3593 longius
811 3523 915 3594 quam
941 3501 1203 3572 destinaveram

129 3622 355 3717 processisse.
390 3621 502 3692 Unum
531 3622 596 3693 boc
621 3621 823 3708 identidem,
846 3623 940 3716 quod
961 3623 1036 3694 sine
1061 3622 1202 3694 bortatu

128 3766 206 3816 meo
226 3744 285 3815 tibi
313 3744 347 3813 in
373 3742 487 3815 animo
507 3765 588 3815 esse
613 3743 792 3838 perpendi,
816 3745 990 3817 inculcare
1013 3765 1082 3815 non
1107 3744 1201 3816 desi-

126 3889 218 3938 nam.
246 3865 516 3949 ConveniamuS,
543 3886 621 3950 oro,
648 3866 794 3960 impigre
813 3868 848 3937 in
869 3866 963 3939 bunc
987 3868 1100 3940 locum
1126 3889 1200 3938 om·

125 4010 201 4076 nee,
224 3990 253 4060 si
276 3989 372 4059 locus
394 3987 449 4058 hic
469 3968 631 4059 omnibus
648 3990 781 4083 placet:
809 3989 962 4083 alioquin
982 4013 1003 4061 e
1023 4000 1100 4063 toto.
1114 3989 1197 4063 orbe

126 4122 296 4185 terrarum
315 4111 456 4207 (nullum
476 4111 567 4184 enim
585 4112 706 4187 mundi
725 4115 834 4199 latus,
854 4116 982 4187 nullam
1000 4113 1196 4187 barbariem

249 4241 286 4282 nr.
1012 4233 1043 4284 34
