2992 4664
651 323 813 372 VARIARUM

618 676 798 740 EPISTOLA
818 677 863 738 111.

253 837 1073 896 1333313333131333311111133111131111113313
1096 839 1122 888 s,
1145 839 1173 888 r.
1197 842 1228 890 3.

218 985 298 1040 Dolet
311 990 430 1039 mortem
445 984 539 1040 uxoris
553 991 581 1040 et
594 984 687 1040 fratris
702 985 772 1039 eius.
786 983 905 1039 Excusat
920 1001 949 1039 se
965 986 1040 1056 quod
1057 991 1170 1041 vocatus
1185 987 1268 1042 illum

267 1089 323 1128 non
338 1074 429 1157 adeat,
442 1077 470 1127 et
484 1073 568 1128 mittit
582 1073 705 1128 carmina
719 1090 781 1144 quae
795 1072 903 1142 vulgari
919 1089 1048 1128 sermone
1061 1073 1221 1129 dictaverat.

196 1375 200 1382 .
300 1312 451 1383 dolende
472 1323 552 1383 ante
573 1312 660 1383 alios
682 1320 718 1382 et
738 1311 888 1383 amande
907 1310 1048 1383 domine
1065 1311 1124 1379 mi.
1146 1310 1287 1383 Plenam

203 1437 314 1509 solitae
339 1433 566 1506 humanitatis
599 1433 782 1528 epistolam
812 1444 907 1505 tuam
936 1457 1011 1505 non
1039 1434 1114 1504 sine
1139 1434 1292 1524 suspirio

203 1582 247 1630 ne
263 1559 375 1630 dicam
396 1558 563 1642 taurimis,
582 1559 659 1648 legi.
676 1559 872 1629 Renovavit
883 1559 976 1629 enim
992 1558 1074 1628 mihi
1090 1579 1184 1640 eam,
1205 1577 1289 1647 quae

203 1702 388 1753 senescere
409 1682 442 1751 in
464 1679 667 1773 praecordiis
688 1681 776 1751 meis
795 1680 930 1772 nequit,
951 1680 1155 1753 memoriam
1172 1678 1231 1763 tui,
1253 1692 1290 1750 et

202 1803 332 1895 ignotae
353 1803 494 1897 quidem
516 1803 611 1887 facie,
643 1803 707 1875 sed
738 1802 876 1874 dilectae
897 1802 982 1873 mihi
1013 1802 1225 1873 venerabilis
1256 1813 1292 1873 et

201 1930 381 2021 praeclarae
400 1936 505 2020 atque
528 1928 562 1997 in
591 1936 763 1998 aeternum
784 1924 1024 1997 memorandae
1041 1924 1219 2016 coniugis,
1242 1926 1291 1996 si-

203 2053 345 2144 mulque
367 2052 579 2142 magnanimi
596 2062 632 2121 et
656 2049 792 2141 egregii
818 2048 936 2120 fratris
969 2051 1018 2121 tui
1043 2049 1174 2120 domini
1207 2050 1289 2134 mei,

202 2184 239 2245 et
258 2175 360 2245 amici
385 2173 507 2266 optimi
532 2194 613 2243 non,
629 2171 781 2244 verbalis
815 2172 877 2243 sed
909 2174 1025 2256 realis,
1060 2172 1214 2263 qualium
1236 2182 1291 2242 est

204 2297 309 2368 hodie
330 2318 465 2368 summa
483 2294 639 2386 penuria.
659 2295 722 2379 Et,
742 2295 919 2365 Christum
941 2305 1052 2364 testor
1071 2292 1146 2364 veri
1166 2293 1287 2374 Deum,

202 2421 267 2488 vix
283 2418 340 2488 3111
358 2416 429 2488 duo
452 2416 540 2486 mori
562 2426 735 2507 poterant,
753 2416 814 2507 qui
836 2438 1027 2487 cormeum
1049 2415 1124 2506 pari
1144 2413 1290 2508 cuspide

203 2542 439 2611 vulnerarent.
456 2538 524 2608 Sed
538 2558 606 2606 non
621 2547 683 2620 est,
701 2548 831 2631 praeter
844 2539 1057 2631 patientiam,
1073 2536 1216 2608 remedii
1229 2560 1291 2628 ge-

167 2658 174 2674 *
204 2682 270 2732 nus
293 2662 419 2732 ullum:
444 2658 480 2729 id
507 2658 566 2731 tibi
597 2659 747 2731 suadere
768 2681 837 2730 non
858 2661 999 2753 expedit
1017 2658 1292 2751 prudentissimo

204 2784 574 2876 atquessexpertissimo
594 2804 740 2854 casuum
762 2784 1014 2854 humanorum.
1030 2783 1172 2855 Accedit
1182 2792 1219 2853 et
1235 2782 1292 2853 iila

204 2905 409 2988 consolatio,
431 2903 526 2996 quod
546 2913 581 2974 et
602 2904 785 2975 benedicta
803 2926 895 2976 uxor
917 2915 952 2974 et
972 2906 1077 2975 frater
1090 2903 1290 2974 amantissi-

204 3049 283 3099 mus
304 3039 438 3100 rectum
461 3031 526 3099 iter
547 3029 592 3100 ad
625 3048 775 3121 superus
809 3027 966 3098 tenuisse
990 3024 1156 3097 credendi
1187 3037 1288 3098 sunt:

204 3170 245 3219 ea
259 3149 324 3221 fuit
344 3150 526 3219 amborum
545 3151 631 3233 vita,
650 3174 692 3222 ea
711 3149 860 3241 insignis
877 3160 1046 3222 matronae
1058 3148 1180 3241 1113133,
1202 3146 1292 3221 fides

203 3283 238 3343 et
263 3273 425 3356 castitas,
460 3291 501 3340 ea
536 3273 601 3341 viri
636 3273 783 3343 illustris
809 3272 1029 3343 excellentia.
1058 3271 1181 3348 Cessat
1204 3293 1291 3362 ergo

204 3399 313 3468 altera
330 3393 468 3467 dedendi
491 3416 616 3465 causa:
636 3399 792 3489 profecto
813 3397 907 3466 enim
935 3394 1020 3479 illis,
1045 3405 1081 3466 ut
1101 3415 1218 3487 spero,
1240 3397 1292 3465 ni-

205 3521 251 3591 1111
274 3520 354 3591 mali
375 3517 514 3590 accidit:
542 3519 570 3588 si
592 3509 677 3611 quid
698 3519 776 3588 mali
799 3507 872 3603 fuit,
896 3517 997 3588 nobis
1018 3517 1176 3608 contigit,
1196 3518 1291 3610 quod

204 3641 320 3736 ipsum
338 3641 577 3733 magnitudine
599 3640 710 3711 animi.
727 3641 966 3735 superandum
984 3653 1049 3712 est.
1062 3641 1106 3710 Et
1123 3640 1294 3732 113131131-

205 3764 284 3837 dem
307 3765 486 3837 haetenus.
511 3767 562 3835 De
591 3765 724 3856 reliquo
748 3772 865 3834 autem
893 3762 1043 3854 gratiam
1070 3761 1130 3832 tibi
1160 3760 1290 3844 haheo,
1386 3770 1395 3785 “

206 3898 241 3956 et
265 3908 354 3978 quas
376 3906 520 3977 possum
542 3887 674 3977 gratias
694 3907 776 3976 ago,
799 3885 894 3978 quod
924 3885 959 3955 in
985 3884 1140 3956 omnium
1167 3883 1294 3955 discri-

208 4009 313 4090 mine,
336 4009 440 4100 inque
459 4008 613 4079 omnium
636 4007 711 4079 sive
732 4009 984 4078 elementorum
1007 4007 1085 4077 sive
1111 4005 1293 4075 hominum

207 4124 530 4211 ite110‚'mem0riam
554 4129 617 4199 mei
642 4128 766 4213 habes,
791 4142 826 4200 et
852 4130 1027 4222 mihique
1050 4132 1183 4200 nulium
1210 4150 1292 4219 gra-
