2992 4664
580 330 733 381 nersronn
754 331 816 380 xxv.
1175 312 1233 376 353

168 474 345 566 dispersas
363 476 589 570 plurimisque
602 476 669 548 iam
690 474 813 547 diebus
835 454 1094 568 peregrinantes
1114 470 1159 543 ab
1178 471 1233 541 his

166 597 297 668 laribus
317 598 448 684 Musas,
476 599 542 669 etsi
564 619 658 693 saepe
683 596 836 691 receptui
861 594 1063 680 cecinerim,
1089 615 1234 686 cougre-

167 741 251 811 gare
263 742 330 791 non
345 721 449 813 potui.
468 721 591 793 Parcet
609 721 714 813 igitur
736 720 912 792 urbanitas
929 729 1056 801 vestra,
1074 718 1130 788 cui
1150 737 1235 808 qna-

77 924 79 927 ,
166 843 360 935 liacumqne
380 842 424 913 de
448 842 630 915 arboribus
656 845 744 915 meis
769 864 870 938 poma
902 842 1018 914 furtim
1051 842 1139 912 lecta
1172 860 1235 934 pro

166 973 332 1058 tempore,
355 965 538 1038 rusticanis
560 965 712 1038 vasculis
732 965 931 1038 offeruntur.
960 965 1081 1036 Valere
1101 983 1166 1037 vos
1185 963 1201 1031 f
1220 1002 1234 1013 -

167 1087 275 1160 liciter
293 1087 405 1181 cupio.

561 1537 736 1602 llPlSTOLrl
757 1537 835 1600 llllll.

244 1709 435 1760 rnnncrsous
456 1707 623 1758 nnrnnncn
643 1707 790 1757 nnnnnro
812 1705 1008 1756 sunnonenm
1029 1705 1054 1754 s.
1076 1707 1105 1755 r.
1127 1705 1156 1754 n.

166 1860 303 1916 Absentiae
318 1860 440 1914 dolorem
454 1857 599 1913 scribendo
615 1856 705 1911 leniri.
721 1855 844 1918 Nimium
860 1855 955 1910 abillo
974 1872 1004 1909 se
1019 1853 1136 1923 laudari,
1152 1853 1234 1910 nimis

251 1947 313 2018 plus
328 1964 406 2019 aequo
419 1946 480 2006 fieri
494 1946 594 2017 scripta
608 1962 672 2015 sna,
689 1944 789 2017 quibus
803 1944 926 2016 undique
942 1942 1103 2015 colligendis
1122 1958 1234 2013 operam

253 2036 344 2091 dabat.

262 2303 433 2375 Invidisse
457 2305 642 2376 Fortunam
675 2312 805 2377 nostrae
825 2301 984 2374 amicitiae
1009 2299 1234 2382 crediderim,

166 2426 213 2497 ita
230 2446 293 2498 nos
306 2427 470 2497 distraxit
485 2448 526 2498 ao
546 2426 681 2513 dissuit,
706 2440 743 2500 ut
755 2428 818 2497 vix
839 2427 904 2500 hoc
930 2427 1044 2521 ipsum
1069 2445 1237 2497 commer-

166 2548 257 2619 cium
278 2549 481 2634 litterarum‚
512 2561 708 2622 extremum
727 2553 879 2622 solamen
901 2551 1084 2633 absentiae,
1113 2547 1158 2619 sit
1182 2567 1238 2618 re-

167 2671 294 2742 lictum.
321 2671 385 2743 Ubi
409 2673 516 2758 enim,
545 2683 582 2745 ut
602 2673 646 2745 sit
665 2673 797 2756 ocium,
825 2673 900 2757 ubi,
923 2674 1079 2766 inquam,
1102 2671 1238 2741 nuncii‘l

167 2792 232 2865 Ubi
252 2792 364 2866 fides?
395 2795 493 2887 Piget
524 2807 709 2889 occupatos
743 2818 783 2867 ao
815 2795 974 2867 defessos
1001 2795 1065 2866 hos
1091 2793 1236 2886 digitos

168 2925 298 2987 tantum
315 2917 470 3007 quotidie
490 2917 682 2990 litterarum
703 2917 859 3010 perdere.
881 2918 930 2987 Tu
951 2917 1046 2998 mihi,
1068 2940 1149 2989 nam
1166 2938 1240 2988 me-

168 3036 269 3123 mini,
295 3049 433 3129 pontem
460 3040 708 3133 nescioquem
733 3038 864 3111 dudum
901 3039 1110 3113 traiiciendis
1134 3040 1239 3112 animi

168 3161 391 3257 conceptibus
421 3163 594 3234 struxisse
624 3160 810 3246 videbare,
849 3172 885 3233 et
916 3173 1129 3236 monstrasse
1154 3163 1236 3246 iter,

167 3309 246 3379 quo,
269 3287 402 3381 siquid
422 3286 561 3358 omnino
578 3286 797 3358 familiarium
811 3308 982 3378 nugarum
1002 3286 1175 3369 haberem,
1195 3285 1240 3356 ad

169 3421 203 3482 te
238 3412 336 3484 laoile
364 3411 547 3483 mitterem.
575 3411 706 3506 Nempe
730 3431 817 3503 pons
844 3411 901 3480 ille
926 3409 1030 3491 illico,
1062 3429 1238 3500 quonam

168 3545 368 3605 terraemotu
390 3556 452 3606 seu
468 3533 594 3626 quihus
619 3532 788 3604 imbribus
819 3533 1006 3615 incertum,
1040 3530 1087 3602 ita
1112 3528 1241 3600 corruit
1275 3568 1276 3572 =

169 3668 207 3729 ut
227 3678 270 3731 ne
289 3657 475 3749 vestigium
495 3667 642 3730 extaret.
667 3657 785 3749 ltaque
805 3655 871 3728 iam
902 3654 1091 3745 desperare
1127 3672 1242 3745 coepe-

167 3800 241 3849 ram
275 3798 379 3873 posse
415 3798 516 3849 curas
553 3797 667 3862 meam,
693 3777 760 3848 nisi
788 3776 869 3848 data
907 3795 1012 3868 opera
1044 3772 1163 3845 missis
1197 3771 1241 3842 ad

170 3909 203 3972 te
223 3900 365 3983 nunciis,
387 3899 579 3994 pervenire.
600 3899 651 3972 Eo
680 3921 773 3970 nunc
793 3896 956 3969 libentius
982 3907 1017 3968 et
1041 3895 1242 3988 religiosum

169 4021 263 4095 hunc
280 4024 393 4096 virum
415 4033 450 4094 et
469 4045 574 4116 quam
595 4023 673 4094 sinu
692 4021 817 4093 extulit.
838 4020 1018 4115 epistolam
1036 4029 1132 4092 tuam
1153 4015 1240 4089 vidi:

170 4132 318 4217 restituit
334 4147 424 4218 enim
444 4168 540 4239 spem
563 4146 692 4219 vetusti
719 4144 824 4217 moris
852 4142 1057 4229 renovandi,
1083 4163 1152 4238 quo
1179 4141 1243 4214 sci-

294 4275 328 4315 ur.
1060 4264 1091 4314 ⁹23
