2730 4680
178 288 218 346 lo
519 303 558 348 nu
581 301 681 348 rannus
704 301 926 350 raururuurnus

181 445 292 506 tutum
316 445 424 519 esset,
453 436 599 526 galeatis
625 436 724 517 lieet;
753 438 856 508 tantis
883 437 1109 511 barbarismis
1135 462 1176 510 ae
1202 461 1259 512 so—

179 559 332 630 lecismis
354 568 508 630 armatus
526 559 560 629 in
578 558 707 630 bellum
726 560 808 632 ibat.
828 561 986 652 Denique
1003 584 1113 653 nuper
1131 563 1256 635 librum

179 681 334 753 scribere
361 680 428 753 sub
455 693 514 754 tuo
539 682 677 754 numine
702 695 870 776 coeperat,
896 707 1000 776 quem
1022 686 1152 757 utinam
1178 709 1258 758 eon-

179 817 393 876 summasset
410 807 592 876 relicturus
611 804 711 876 nobis
732 806 822 876 hanc
839 809 938 876 velut
955 807 1083 898 ingenii
1103 809 1157 877 sui
1180 832 1259 902 pro-

179 931 256 1001 lem.
269 930 335 1000 Sed
350 951 393 999 an
408 928 765 1022 inexpletumllirgilii
778 931 938 1021 exemplo
951 929 1100 1000 flammis
1113 931 1259 1000 damna-

179 1053 284 1135 verit,
307 1074 352 1122 an
373 1074 457 1122 vero
478 1053 625 1124 Numam
646 1052 852 1144 Pompilium
874 1063 1025 1136 secutus
1044 1053 1152 1126 humo
1172 1055 1224 1126 inl
1244 1096 1258 1106 ·

177 1178 276 1260 derit,
296 1201 341 1248 an
361 1176 445 1268 quid
464 1176 508 1245 de
529 1197 570 1247 eo
588 1175 680 1246 aliud
698 1177 809 1266 egerit
829 1178 1009 1248 incertum.
1030 1177 1157 1247 Triduo
1178 1189 1257 1249 ante

177 1311 323 1371 mortem
343 1301 444 1371 solito
463 1299 592 1369 tristior
609 1298 653 1369 ad
671 1322 728 1369 me
744 1300 851 1386 venit,
866 1323 1016 1392 eumque
1034 1322 1101 1391 ego
1115 1323 1256 1373 oausam

178 1425 299 1496 mutati
311 1425 383 1494 oris
396 1423 619 1515 exquirerem
632 1481 638 1507 ‚
653 1422 710 1494 ille
724 1425 928 1515 suspirans:
956 1453 971 1488 α
1001 1422 1112 1506 hodie,
1136 1424 1255 1516 inquit,

182 1523 196 1610 l
225 1547 383 1639 quintum
407 1557 511 1638 atque
529 1545 780 1638 octogesimum
803 1569 933 1616 anuum
950 1549 1088 1640 expleo;
1106 1555 1257 1639 quantu-

180 1698 194 1732 »
226 1672 295 1740 lom
318 1680 420 1763 putas
446 1669 530 1740 vitae
553 1673 735 1762 superest?
760 1669 921 1760 Quinque
942 1671 1058 1741 forsan
1078 1679 1113 1739 et
1135 1668 1257 1760 viginti

182 1822 196 1856 n
225 1814 334 1863 annus
351 1793 396 1864 ad
413 1791 603 1865 vivendum
624 1792 747 1875 babe03
774 1792 883 1866 breue
905 1803 1051 1884 tempus.
1078 1818 1094 1854 n
1111 1790 1167 1861 Ad
1180 1788 1256 1862 haec

176 1938 243 2008 ego
265 1916 474 1987 subridens:
500 1945 514 1982 a
538 1937 581 1986 ue
607 1915 742 1999 dubita,
767 1917 925 2008 inquam,
947 1915 1087 2006 triginta
1107 1918 1258 2009 eomple-

183 2069 198 2102 ν)
227 2039 292 2110 bis.
319 2068 334 2101 »
357 2039 416 2111 His
437 2040 571 2112 laetior:
593 2067 609 2103 α
631 2037 723 2110 bene
739 2038 862 2121 habet,
890 2039 1016 2132 inquit,
1046 2039 1131 2110 satis
1151 2049 1217 2112 est.
1239 2069 1252 2103 l

174 2167 218 2234 Et
237 2164 303 2236 hoc
328 2165 447 2236 dicens
468 2158 566 2249 abiit,
588 2187 653 2236 nee
673 2165 801 2236 deiude
826 2164 1002 2234 hominem
1024 2163 1119 2246 vidi3
1143 2185 1257 2257 neque

174 2289 264 2357 enim
283 2297 344 2358 ant
361 2291 548 2359 moriturus
568 2287 773 2381 apparebat,
791 2297 851 2358 ant
863 2287 985 2358 morbo
1001 2291 1183 2380 alioquam
1203 2310 1259 2359 se

175 2410 232 2478 uio
253 2408 445 2493 laborabat,
459 2410 571 2480 donee
586 2409 641 2479 die
658 2410 757 2478 lertio
778 2409 927 2480 dolentis
942 2410 1169 2503 mirantisque
1190 2409 1258 2480 sub

174 2534 283 2603 oeulis
308 2533 466 2604 ecelesiae
499 2532 698 2616 inferretur,
727 2554 823 2604 more
853 2533 969 2624 gentis
996 2533 1041 2605 ad
1071 2555 1256 2625 vesperam

176 2656 397 2749 sepeliendus
425 2658 458 2725 in
491 2657 694 2728 erastinum.
727 2659 810 2728 Haeo
843 2669 912 2729 lam
946 2659 1055 2727 multa
1081 2656 1196 2727 iocose
1223 2656 1256 2725 in

174 2780 318 2851 historia
338 2789 406 2850 tam
422 2780 559 2872 lugubri
579 2792 615 2851 ut
636 2782 670 2851 in
691 2782 859 2853 memoria
882 2782 976 2852 senis
999 2781 1110 2853 nostri
1132 2783 1255 2872 lugeas

175 2901 277 2972 simul
302 2914 338 2973 et
361 2902 486 2974 rideas.
508 2906 568 2975 llle
592 2903 732 2997 quidem
759 2904 813 2974 bis
838 2903 997 2976 moribus
1025 2903 1109 2974 mibi
1136 2905 1254 2974 talium

173 3026 263 3096 inter
289 3028 472 3118 graviores
505 3049 609 3099 curas
642 3028 860 3111 avidissimo,
896 3027 964 3098 iam
1003 3050 1071 3099 non
1105 3028 1254 3109 conviva

173 3159 307 3219 lantum
328 3149 465 3232 creber,
491 3161 526 3220 ut
553 3149 696 3234 solebat,
722 3153 786 3223 sed
805 3173 914 3247 prope
937 3151 1122 3222 continuus
1143 3153 1253 3221 factus

173 3283 258 3343 erat.
284 3273 439 3364 Denique
466 3283 681 3344 senectutem
709 3274 786 3346 eius
809 3275 985 3345 ruinosam
1013 3296 1053 3343 ao
1078 3270 1251 3344 labentem

173 3395 362 3488 omniqua
388 3395 483 3466 licuit
508 3417 574 3488 ope
602 3398 768 3468 sustinui:
796 3396 891 3490 quod
917 3408 1115 3468 extremum
1141 3396 1250 3487 potui,

174 3542 243 3591 non
262 3518 467 3603 abeuntem,
487 3519 551 3590 sed
573 3520 747 3614 sepulchri
770 3520 874 3592 limen
897 3519 1083 3592 adeuntem
1104 3519 1252 3589 humen-

173 3640 265 3715 tibus
286 3641 395 3715 0oulis
415 3653 623 3734 prosecutus
646 3665 735 3714 sum.
757 3643 854 3713 Vale.

313 3790 473 3858 Mediolani,
491 3789 552 3844 Kal.
568 3790 642 3844 Maii.
