2738 4680
210 315 268 379 102
427 369 431 376 .
550 325 591 374 oa
612 324 712 374 aeuus
733 324 955 374 riururrruaus

211 484 431 536 communem
457 469 492 532 et
516 459 662 555 publicis
689 459 845 530 moribus
871 457 1137 530 condescendat.
1160 459 1293 542 Quam-

210 590 280 672 vis,
302 598 340 658 ut
360 607 484 658 verum
505 587 630 669 fatear,
657 604 727 655 non
753 583 911 674 vulgaris
939 579 1003 653 sed
1028 581 1292 674 philosophicus

209 733 286 784 mos
309 712 369 795 sit,
392 731 495 802 quem
522 708 556 777 in
582 718 616 779 te
638 707 744 778 ⁴hodie
771 716 891 778 notare
916 705 1159 790 decreveram,
1187 715 1295 798 atque

209 837 289 908 ideo
310 855 418 927 prope
438 833 506 902 iam
527 830 685 926 principii
711 829 890 924 poeniteat,
916 850 1131 923 semperque:
1150 837 1188 899 tu
1210 827 1296 898 mihi

210 959 300 1030 idem
324 958 388 1042 sis,
410 976 620 1050 semperque
641 975 732 1025 unus
749 975 796 1024 ex
814 955 945 1045 paucis.
967 952 1143 1045 Siquidem
1164 956 1296 1044 vulgus

210 1083 358 1153 inscium
391 1103 462 1174 quo
490 1082 591 1173 plura
622 1078 810 1171 quaesierit,
832 1077 993 1170 pluribus
1015 1077 1164 1169 indiget:
1192 1078 1296 1170 pauci

211 1216 340 1291 autem,
363 1205 428 1276 hoc
447 1212 503 1275 est
535 1202 628 1274 docti
659 1201 930 1295 hominesque
962 1203 1063 1295 ptura
1096 1201 1293 1284 didicerint,

211 1328 369 1420 pluribus
391 1325 542 1398 inhiant:
566 1325 684 1418 itaque
705 1336 743 1397 ut
762 1325 913 1397 habendi
934 1326 986 1397 sic
1007 1323 1171 1397 noscendi
1197 1324 1297 1416 cupi-

211 1451 302 1522 ditas
328 1451 504 1543 inexpleta
529 1458 595 1521 est.
622 1449 677 1520 Art
701 1451 760 1521 ubi
783 1454 871 1520 ultro
895 1451 1100 1543 superiorem
1124 1450 1297 1542 epistolum

212 1576 297 1644 tuuc
318 1574 454 1642 minime
474 1583 511 1642 ut
535 1574 679 1643 arbitror
712 1575 897 1665 accepisses?
931 1572 1016 1669 (sic).
1050 1575 1110 1644 lile
1143 1572 1295 1645 haustus

212 1697 302 1766 hanc
323 1695 383 1766 tibi
404 1696 537 1789 peperit
557 1680 664 1781 sitim,
694 1706 731 1766 ut
751 1695 914 1789 quoniam
932 1696 1000 1766 mei
1018 1704 1153 1788 partem
1181 1707 1304 1781 status

209 1818 381 1903 audieris,
404 1820 620 1891 nossevelis
642 1821 845 1913 etreliqua:
870 1821 955 1914 quid
979 1819 1024 1890 de
1046 1821 1142 1891 victu
1169 1821 1294 1892 faciam

210 1965 253 2014 ac
270 1943 417 2027 vestitu:
433 1942 479 2014 de
497 1954 646 2036 utroque
662 1942 794 2015 dudum
809 1945 898 2015 meis
916 1943 1039 2015 litteris
1057 1943 1212 2026 edoctus,
1233 1943 1297 2016 sed

204 2069 334 2162 opinor
354 2070 488 2142 veritus
509 2092 554 2140 ue
574 2068 659 2162 quid
677 2068 786 2141 tenori
808 2080 889 2140 tunc
914 2068 1091 2163 descripto
1117 2068 1216 2138 locus
1237 2076 1297 2139 aut

209 2205 349 2288 tempus
376 2192 579 2286 dempserit.
607 2194 774 2285 Repetam
802 2215 888 2284 ergo
913 2213 1018 2285 quem
1044 2191 1128 2262 vitae
1153 2190 1296 2262 modum

99 2355 101 2359 ·
210 2316 246 2387 iu
266 2317 320 2388 his
342 2326 494 2401 teneam,
516 2325 552 2386 et
570 2316 666 2408 quod
687 2317 864 2388 homiuum
886 2337 1000 2408 genus
1021 2338 1149 2408 sequar
1168 2315 1294 2386 dicam.

212 2440 299 2509 Suut
316 2439 377 2531 qui
393 2439 460 2510 nisi
478 2440 568 2509 intra
585 2447 760 2511 crustatos
777 2439 882 2533 ebore
902 2441 1054 2533 parietes
1071 2448 1106 2511 ct
1122 2438 1190 2509 uisi
1208 2441 1295 2511 mol-

211 2560 303 2632 libus
323 2562 360 2631 iu
385 2562 513 2654 plumis
546 2571 607 2633 aut
636 2563 672 2632 iu
704 2565 835 2634 receuti
869 2585 951 2636 rosa
984 2566 1104 2636 nolunt
1136 2563 1293 2634 membra

211 2704 434 2777 componere:
455 2685 517 2778 qui
533 2686 602 2756 uisi
619 2687 736 2758 aureis
765 2709 807 2758 ac
834 2689 1018 2779 gemmatis
1039 2685 1172 2780 poculis
1194 2684 1294 2756 leniri

212 2805 304 2877 sitim
324 2829 431 2900 posse
451 2830 522 2880 non
538 2819 669 2902 putent.
688 2809 780 2892 Quid
796 2814 906 2902 ergo?
926 2812 1056 2882 Horum
1078 2832 1121 2880 ne
1143 2808 1220 2879 fieri
1240 2808 1293 2879 iu-

210 2937 272 3000 vat
291 2952 338 3001 ex
359 2933 527 3004 numero?
551 2932 627 3024 Ego
651 2954 737 3004 vero
762 2933 865 3024 louge
892 2956 961 3004 uon
987 2953 1091 3028 posse
1116 2934 1188 3025 pati
1215 2933 1293 3004 haec

210 3073 314 3144 quam
336 3073 454 3124 carere
475 3055 530 3125 his
551 3075 622 3125 nou
642 3076 747 3148 posse
768 3056 958 3128 maluerim.
981 3057 1068 3126 Sunt
1084 3055 1214 3149 quibus
1232 3052 1293 3126 de-

210 3174 299 3245 liciae
319 3173 613 3246 bitem-excitent:
640 3179 839 3251 continuata
862 3182 1026 3274 voluptas
1053 3200 1220 3251 nauseam
1242 3181 1292 3250 ie-

138 3373 141 3377 ,
208 3305 273 3370 rat.
296 3295 332 3367 Si
352 3297 491 3388 gloriari
511 3299 592 3371 lieet
611 3301 705 3392 apud
726 3312 777 3387 te,
799 3325 845 3374 ex
864 3302 919 3374 his
936 3324 992 3374 me
1010 3326 1078 3374 uon
1096 3300 1212 3372 miuus
1230 3325 1292 3375 na-

210 3429 288 3491 tura
308 3441 413 3512 quam
440 3419 593 3492 studium
618 3424 708 3495 fecit.
736 3423 790 3494 Ab
815 3425 915 3497 aunis
942 3426 1070 3497 teneris
1094 3425 1290 3517 exquisitas

208 3546 331 3637 epulas
352 3542 419 3613 uisi
440 3565 597 3636 perraro,
620 3548 743 3638 longas
768 3570 854 3620 vero
880 3570 1021 3620 mensas
1041 3559 1076 3620 et
1096 3549 1130 3617 in
1152 3558 1290 3620 noctem

209 3676 318 3737 tracta
352 3665 514 3738 convivia
546 3689 684 3761 semper
715 3671 898 3743 exhorrui:
931 3694 1139 3765 semperque
1173 3693 1289 3742 meum

207 3791 272 3861 fuit
292 3791 387 3884 quod
408 3793 522 3862 serius
545 3790 612 3863 sibi
631 3793 774 3866 Flaccus
797 3795 889 3868 idem
913 3798 1048 3869 tribuit:

287 3981 378 4074 Goeua
395 3983 500 4065 brevis
515 3985 615 4065 iuvat,
634 3993 664 4050 et
679 4003 773 4068 prope
791 3989 896 4053 rivum
910 4006 1036 4055 somnus
1050 3991 1081 4054 in
1098 3991 1201 4054 herba.

204 4159 360 4254 Semper,
384 4165 478 4256 quod
499 4177 536 4238 ut
557 4177 699 4261 stupeas
725 4167 814 4254 dieo,
836 4173 1051 4264 voluptatem
1073 4193 1114 4243 ao
1134 4168 1285 4243 divitum
