2934 4650
581 332 732 384 arrsrotu
755 332 816 378 tur.
1170 319 1228 380 453

160 472 309 564 cepistis.
338 470 423 541 lllud
445 474 644 544 nominatim
666 471 827 567 precibus
854 472 929 543 istis
956 472 1165 559 addiderim,
1193 488 1231 546 ut

159 595 336 667 dominum
357 594 484 666 Lucam
505 608 734 688 cognomento
751 595 998 680 Christianum,
1019 595 1133 666 virum
1152 617 1231 668 san-

160 718 264 809 guine
296 738 337 786 ac
366 716 552 789 virtutibus
582 721 725 803 clarum,
754 719 814 811 qui
840 718 953 789 eidem
975 717 1152 792 Mainardo
1178 719 1229 790 in-

159 839 284 909 faustae
303 838 372 907 viae
392 855 509 909 comes
529 840 656 922 luerat,
679 851 714 911 et
734 840 867 933 dequo
887 841 993 912 dubie
1012 841 1103 912 lama
1120 840 1231 932 loqui-

162 971 227 1044 tur,
256 982 318 1053 pro
344 961 473 1032 honore
493 971 611 1032 vestro
638 961 784 1034 iubeatis
807 963 946 1055 inquiri,
969 984 1014 1033 an
1047 963 1229 1058 impiorum

158 1084 318 1155 manibus
338 1085 506 1170 evaserit,
533 1085 628 1177 quod
649 1083 790 1176 quidam
809 1096 966 1168 narrant,
991 1106 1034 1155 an
1054 1084 1154 1176 parili
1181 1088 1231 1156 le-

159 1206 259 1276 ritate
284 1217 509 1299 consumptus
537 1207 596 1291 sit,
624 1208 717 1297 quod
743 1207 857 1299 potius
886 1208 1007 1288 timec,
1040 1216 1076 1276 et
1109 1207 1230 1278 timere

159 1348 227 1397 non
246 1327 402 1397 desinam
425 1328 534 1398 donec
555 1328 647 1399 aliud
669 1329 812 1400 scivero.
834 1327 965 1399 Parcite
984 1340 1096 1400 autem
1117 1329 1231 1399 multi-

159 1449 283 1542 loquio.
303 1451 392 1521 Tulit
409 1473 462 1521 me
481 1451 616 1543 longius
634 1453 722 1523 sorte
739 1473 843 1543 quam
861 1449 978 1522 decuit
1001 1452 1081 1522 hinc
1105 1451 1231 1523 huma-

157 1574 271 1643 nitatis
298 1584 426 1644 vestree
451 1572 588 1659 fiducia,
623 1576 714 1646 illinc
751 1575 879 1646 doloris
914 1575 981 1645 mei
1016 1573 1165 1668 impetus
1196 1587 1232 1646 et

159 1696 344 1767 amicorum
369 1699 490 1788 pietas
510 1697 697 1791 dequibus
718 1708 798 1768 ante
818 1697 922 1769 modo
945 1696 1013 1792 (sic)
1035 1700 1172 1792 scripsi,
1192 1709 1231 1770 ut

158 1840 218 1888 eos
240 1841 299 1910 per
318 1818 393 1890 dies
415 1821 569 1912 singulos
594 1818 832 1914 praestolabar.
856 1820 906 1916 lta
932 1819 1024 1889 enim
1050 1818 1231 1891 concordi-

159 1950 209 2011 ter
233 1940 278 2011 de
306 1940 475 2014 Avinione
496 1942 732 2013 discesserant
755 1952 791 2012 ut
815 1964 870 2012 me
896 1942 1018 2026 visuri,
1045 1943 1139 2013 nulla
1165 1943 1230 2016 alia

156 2083 265 2133 eausa
287 2064 469 2147 suadente,
492 2085 555 2156 per
575 2063 641 2134 hoc
661 2064 726 2132 iter
745 2062 885 2153 longius
904 2061 1077 2146 venirent,
1100 2072 1230 2134 etcum

157 2187 290 2257 Parmae
316 2207 385 2256 non
415 2186 643 2270 invenissent,
666 2184 701 2255 in
722 2184 825 2255 domo
845 2205 924 2255 mea
947 2206 1008 2277 per
1034 2193 1170 2256 noctem
1195 2197 1230 2257 et

154 2308 245 2379 diem
266 2329 335 2378 non
356 2307 529 2398 integrum
551 2307 683 2394 morati,
704 2305 943 2378 discesserunt
963 2307 1088 2390 moesti,
1106 2306 1230 2378 litteris

62 2511 67 2519 ,
154 2430 200 2500 ibi
220 2430 384 2514 dimissis,
406 2453 551 2523 quarum
586 2451 721 2502 summa
742 2439 818 2502 erat
838 2451 875 2501 se
898 2431 966 2501 huc
984 2429 1030 2500 ad
1050 2452 1107 2500 me
1126 2452 1146 2502 e
1166 2452 1229 2503 ve-

155 2554 257 2646 stigio
277 2576 492 2626 reversuros.
519 2554 676 2647 Cumque·
700 2576 765 2647 ego
796 2553 934 2625 rediens
955 2565 990 2625 et
1011 2554 1128 2625 multis
1155 2553 1229 2625 die·

108 2768 113 2780 ,
153 2675 220 2748 bus
244 2687 434 2769 expectans
459 2679 651 2770 longiorem
686 2677 858 2772 promisso
885 2697 1018 2747 moram
1040 2660 1228 2772 inciperem

153 2800 331 2883 admirari,
366 2802 533 2871 famulum
558 2823 665 2872 unum
698 2823 776 2870 cnm
809 2799 933 2870 litteris
964 2797 1041 2868 misi
1072 2800 1131 2891 qui
1165 2820 1227 2870 eos

155 2920 326 2991 tarditatis
347 2932 519 3013 argueret,
543 2943 730 3014 perquem
751 2919 856 2990 didici
877 2921 943 2990 hoc
974 2940 1035 2990 eos
1072 2920 1227 2992 caritatis

153 3052 188 3127 et
208 3041 366 3112 amicitiae
388 3044 535 3133 pretium
557 3042 765 3136 percepisse.
787 3041 1019 3125 Quamobrem
1052 3043 1083 3114 si
1108 3045 1229 3138 loqua-

154 3162 280 3235 ciorem
301 3165 379 3236 lecit
395 3164 505 3249 dolor,
526 3165 705 3257 ignoscite.
728 3164 822 3235 Licet
842 3165 932 3236 enirn
951 3188 1069 3236 rerum
1087 3170 1228 3240 nescius

153 3295 188 3355 et
207 3284 333 3359 absens
355 3297 437 3358 tunc
457 3288 596 3374 luerim,
618 3289 699 3380 quia
721 3298 833 3360 tamen
855 3288 923 3359 mei
945 3291 1039 3360 solus
1061 3293 1227 3362 amorri-

153 3408 326 3502 dendique
345 3408 555 3482 desiderium
578 3433 638 3482 eos
660 3412 728 3484 huc
749 3421 921 3495 traxerat,
959 3413 1053 3483 solus
1079 3433 1160 3503 ego,
1192 3425 1228 3484 ut

127 3530 236 3601 mihi
269 3532 410 3620 videor,
438 3533 542 3606 totius
569 3534 744 3607 infortunii
776 3556 883 3607 causa
909 3534 967 3605 fui.
999 3535 1225 3628 Omnipotens

152 3657 245 3726 Deus
264 3679 328 3728 vos
351 3658 454 3729 tantis
476 3657 594 3729 mundi
625 3660 724 3730 malis
756 3658 946 3730 incolumes
978 3673 1165 3730 conservet
1190 3661 1225 3729 in

152 3788 244 3848 statu
264 3778 470 3851 felicissimo.
493 3782 635 3866 Parmae,
658 3781 698 3851 ll.
716 3782 812 3869 lunii,
827 3802 1000 3855 concusso
1015 3782 1130 3854 animo
1143 3804 1225 3874 gra·

152 3902 309 3994 viterque
330 3913 523 3999 prostrato:
546 3903 758 3978 festinanter.

651 4114 727 4125 ,ιι-ιι
