2730 4680
154 301 172 361 1
497 308 537 354 33
560 306 660 354 uncus
682 305 904 354 stultissimus

154 452 184 522 is
201 458 362 544 votorum
382 445 526 529 modus,
542 445 572 517 is
586 445 753 518 terminus
769 444 976 522 studiorum.
991 446 1124 518 Deliros
1137 447 1240 518 etiam

156 595 257 646 senes
278 571 409 642 nostris
434 566 620 641 iuvenibus
654 567 813 640 admotos
843 590 966 663 sapere
998 568 1044 642 ad
1073 568 1241 640 invidiam

154 707 269 790 puteS,
291 704 326 766 ct
345 695 462 765 felices
481 692 578 763 dicas
590 692 685 783 quod
699 691 809 784 pridie
823 693 896 763 nati
910 701 1002 763 sunt.
1018 691 1073 763 Sic
1086 691 1241 763 mundus

154 823 189 892 13
209 817 285 890 11133
302 817 348 888 311
364 824 524 886 extrema
540 813 761 906 praecipitans
776 836 896 885 secum
909 815 1025 887 omnia
1038 815 1073 885 in
1086 814 1240 886 deterius

155 943 269 1015 1131111.
291 940 389 1012 Μ1113
409 950 524 1009 331331
539 936 623 1029 quid
639 937 749 1008 serior
766 946 852 1009 33133
871 945 991 1009 331313
1005 937 1065 1024 311,
1084 938 1241 1032 quando-

155 1065 295 1160 quidem
323 1061 432 1158 (quod
466 1062 510 1133 de
539 1061 661 1152 Sergio
692 1060 801 1132 Galba
829 1061 939 1131 lertur
970 1060 1106 1132 dixisse
1141 1060 1241 1133 Tibe-

154 1189 228 1261 rius
249 1185 379 1281 Caesar)
401 1185 447 1257 ad
468 1205 532 1256 333
552 1184 637 1253 nibil
657 1186 821 1276 pertinet,
842 1192 878 1255 et
894 1182 1089 1256 cavendum
1116 1195 1171 1256 est
1196 1209 1241 1258 ne

155 1315 265 1384 maior
282 1309 421 1401 ingenio
443 1310 488 1380 sit
508 1309 666 1400 querela:
693 1328 783 1377 neve
813 1306 897 1376 mihi
930 1308 1047 1380 forsan
1081 1321 1240 1381 occurrat

155 1433 240 1506 illud
257 1435 399 1504 Senecae
424 1431 482 1503 ubi
508 1431 570 1516 ait,
593 1450 733 1502 omnem
754 1438 894 1500 aetatem
917 1430 961 1502 de
982 1431 1137 1503 moribus
1165 1432 1240 1503 suis

155 1565 328 1648 questam.
348 1553 460 1626 Credo
479 1552 585 1624 enim:
609 1552 685 1636 sed,
701 1552 736 1623 ni
747 1554 861 1638 fallor,
883 1554 978 1646 quod
992 1552 1038 1623 ad
1051 1574 1165 1629 mores
1186 1564 1238 1624 at-

155 1680 253 1763 tinet,
272 1679 365 1749 nulla
387 1699 539 1768 unquam
553 1675 695 1767 dignius
715 1682 840 1768 questa
860 1685 925 1746 est.
950 1675 1039 1746 lllud
1058 1696 1128 1746 non
1153 1674 1240 1746 omi-

155 1781 261 1872 serim
282 1799 377 1894 quod
397 1798 442 1869 311
459 1797 655 1870 amantibus
670 1818 751 1869 sese
767 1806 802 1868 31
815 1818 880 1869 333
892 1808 1017 1870 333313
1033 1797 1239 1885 mirantibus

155 1923 281 2017 opponi
302 1943 408 2017 posse
428 1920 543 1993 video.
565 1921 641 1992 Non
663 1941 742 1992 sum
759 1920 900 1992 nescius
922 1921 1029 1992 ltaliae
1045 1925 1236 2005 vulnerum,

155 2067 235 2141 quae
255 2068 347 2117 nunc
367 2064 493 2139 quaeve
513 2044 595 2115 olim
615 2064 783 2138 perpessa
805 2043 872 2115 iam
893 2042 995 2115 malis
1016 2044 1186 2130 induruit,
1204 2053 1240 2115 et

75 2243 78 2248 ,
156 2170 282 2239 3311313
304 2165 436 2237 crebris
458 2166 678 2239 cicatricibus
700 2166 925 2259 superduxit,
947 2190 1146 2260 quanquam
1169 2189 1238 2238 non

155 2290 250 2362 ltalia
270 2299 413 2370 tantum,
434 2288 498 2361 sed
516 2300 689 2359 terrarum
706 2287 801 2359 orbis
818 2289 864 2360 ab
881 2289 1015 2379 origine
1033 2290 1150 2362 clades
1162 2292 1241 2362 tulit

155 2412 370 2485 innumeras.
392 2408 484 2493 Quid
503 2430 590 2481 vern
609 2419 665 2479 est
685 2408 778 2480 aliud
801 2407 921 2480 brevis
944 2409 1019 2480 haec
1036 2408 1109 2480 vita
1134 2434 1239 2502 quam

154 2555 250 2605 mors
270 2533 429 2624 longior?
442 2531 534 2615 Quid
546 2530 642 2603 aliud
654 2540 791 2603 1311333
809 2531 976 2605 habitatio
995 2555 1100 2626 quam
1118 2535 1240 2626 gravis
1265 2509 1278 2533 ⁹

156 2656 288 2730 servitii
309 2654 425 2728 foedus
442 2675 575 2741 carcer,
599 2667 636 2727 et
653 2655 745 2747 iugis
772 2657 947 2728 moestitiae
973 2679 1068 2729 coeca
1091 2657 1241 2730 domus?

156 2781 250 2852 Scio:
274 2777 338 2851 sed
359 2779 455 2850 aliud
475 2775 787 2864 3313111133111133,
810 2780 944 2852 3113113
964 2782 1059 2853 vitiis
1076 2781 1238 2864 obsideri,

156 2903 285 2994 urgeri,
319 2902 445 2995 premi,
481 2900 550 2987 uri,
582 2902 725 2973 vastari.
761 2900 883 2973 Deficit
911 2904 1097 2996 aliquando
1127 2902 1239 2974 1133113

155 3033 340 3109 33131333,
375 3036 409 3097 31
439 3025 514 3118 ipse
546 3025 652 3096 alium
685 3023 862 3117 fatigando
889 3029 1057 3098 lassatur:
1091 3024 1240 3117 denique

156 3147 269 3219 omnis
294 3147 475 3219 hominum
502 3149 665 3220 incursus
698 3149 834 3234 brevis,
864 3171 928 3221 nec
959 3150 1066 3220 ullum
1100 3147 1240 3222 omnino

156 3269 284 3341 bellum
305 3271 502 3342 mortalium
524 3271 716 3343 immortale
738 3284 803 3354 est3
831 3294 909 3344 cum
938 3271 1139 3344 auctoribus
1166 3271 1240 3341 suis

157 3390 339 3462 intercidat
367 3401 515 3484 oportet,
543 3404 579 3464 31
604 3393 677 3465 3313
708 3395 823 3489 ipsum
844 3395 980 3468 viribus
1001 3395 1239 3486 extinguatur.

158 3514 246 3584 Vitia
261 3512 372 3606 spatio
386 3517 550 3609 temporis
568 3529 756 3609 augentur,
777 3530 811 3590 et
827 3520 995 3593 exercitio
1017 3518 1238 3600 roborantur,

157 3647 192 3706 et
212 3659 282 3730 quo
302 3639 379 3731 plus
400 3639 581 3711 nocuerint
600 3639 767 3732 incipiunt
786 3644 865 3734 plus
886 3666 1024 3718 nocere.
1039 3643 1148 3733 Nemo
1161 3661 1241 3711 cru·

157 3760 266 3833 delior
285 3784 391 3856 quam
412 3763 472 3855 qui
497 3763 557 3835 diu
580 3763 656 3847 fuit,
678 3786 782 3835 nemo
804 3774 873 3836 tam
895 3770 964 3839 3113
985 3763 1134 3838 luxuriae
1161 3784 1240 3835 suc-

158 3885 288 3956 cumbit
317 3909 421 3980 quam
454 3887 514 3980 qui
539 3907 631 3981 saepe
653 3888 845 3960 succubuit.
880 3892 996 3964 Multis
1028 3887 1239 3990 exactibus

158 4005 296 4078 babitus
310 4008 409 4091 liunt,
425 4021 460 4081 et
480 4010 530 4081 sic
550 4011 787 4083 assuescendo
803 4012 1045 4086 curvescimus
1058 4021 1097 4084 ut
1112 4029 1239 4104 pronos
1342 4089 1347 4098 ,

159 4129 194 4199 13
216 4140 342 4201 1311313
367 4141 524 4205 31313313
546 4144 743 4227 promptum
766 4136 821 4208 sit.
841 4136 896 4208 Sic
913 4157 993 4207 aevo
1013 4137 1141 4208 3133311
1157 4155 1240 4206 ava-
