2730 4680
275 330 368 378 nione
391 329 729 380 urcusmusrmuus—
743 335 893 382 uersuum
916 335 957 382 u.
1116 321 1154 382 lli

84 484 150 554 nire
173 480 337 574 quisquis
363 482 398 550 iu
423 482 536 552 lucem
560 482 673 566 veuit3
706 483 753 552 nil
786 485 891 562 vallo.
920 483 968 554 nil
992 485 1154 556 excubiis

83 605 212 702 profici,
235 606 369 674 nullum
403 615 540 698 tempus
570 603 802 690 induciarum,
832 616 992 700 paratum
1016 628 1155 701 semper

81 751 156 802 csse
176 726 374 811 discrimen,
396 749 461 798 neo
479 727 549 798 nisi
567 738 682 813 nocte,
704 728 770 799 boc
788 741 843 800 est
863 739 974 800 morte
1000 751 1154 824 pugnam

81 853 208 925 dirimi:
236 860 358 922 contra
383 851 532 921 lortunae
564 850 715 946 impetus
736 851 971 922 fortitudinem
992 874 1073 924 esse
1093 875 1156 947 pro

81 980 212 1074 clypeo,
235 975 383 1069 pavidos
416 995 479 1068 pro
511 972 703 1044 inermibus
724 971 859 1057 haberi,
896 973 950 1044 bis
984 975 1044 1067 qui
1077 978 1155 1068 plus

81 1108 248 1183 metuunt,
270 1100 349 1193 plus
369 1118 450 1168 esse
475 1095 631 1190 periculi,
667 1096 784 1188 urgeri
815 1099 996 1189 profugos,
1025 1105 1170 1169 stratos

82 1221 207 1305 obteri,
243 1232 377 1292 stantes
398 1240 468 1289 non
486 1231 599 1311 'posse
631 1218 768 1301 calcari,
811 1242 937 1313 corpus
963 1222 1027 1293 etsi
1054 1221 1154 1304 nolit,

81 1347 228 1418 animum
251 1344 319 1414 nisi
340 1342 565 1427 consenserit,
587 1339 657 1414 non
671 1342 859 1434 prosterni:
881 1342 926 1413 nil
944 1344 1074 1416 volanti
1091 1343 1157 1415 dil-

82 1467 182 1554 ficile,
197 1453 252 1538 nil
274 1463 491 1559 importabile
524 1463 687 1558 sapienti:
717 1464 764 1534 nil
789 1475 952 1537 moestnm
973 1466 1040 1538 nisi
1062 1467 1156 1560 quod

82 1579 241 1663 moestum
258 1588 428 1673 creditur,
447 1609 509 1683 pro
526 1585 670 1658 arbitrio
686 1585 771 1678 fingi
791 1588 846 1659 vel
862 1610 980 1661 amara
997 1593 1055 1661 vel
1078 1589 1157 1662 dul·

81 1716 141 1800 oia,
167 1713 288 1785 omnia
306 1734 355 1783 ex
374 1707 596 1804 opinionibus
628 1708 795 1810 pendere,
823 1711 900 1782 lorti
926 1713 1044 1782 animo
1068 1712 1154 1782 nibil

81 1839 218 1922 durum,
240 1836 335 1909 molli
355 1844 470 1908 aulem
492 1836 581 1907 dura
601 1837 716 1905 omnia
742 1836 868 1920 videri,
896 1835 1055 1909 felicibus
1083 1860 1155 1908 ma-

80 1962 120 2043 le,
140 1960 282 2032 miseris
303 1960 392 2031 boue
411 1981 492 2032 esse
513 1960 543 2030 si
564 1961 688 2044 velint3
706 1959 988 2032 eoncedendum
1009 1960 1156 2032 difficul-

82 2084 222 2170 tatibus,
246 2083 373 2155 adesse
393 2081 498 2154 finem
521 2082 739 2166 terribilium,
763 2081 803 2153 iri
823 2105 886 2176 per
911 2081 1050 2154 laboras
1071 2082 1156 2153 vitae

83 2209 122 2280 ad
142 2205 320 2302 sepulchri
343 2206 510 2298 requiem:
530 2208 653 2297 lugere
669 2205 736 2276 ista
760 2205 844 2277 dum
872 2216 1047 2298 torquent,
1075 2228 1156 2296 gra·

77 2333 135 2404 uia
154 2332 240 2401 vitae
259 2329 351 2401 bella
372 2328 435 2400 sed
451 2328 586 2414 brevia,
606 2337 641 2400 et
655 2329 839 2423 perexigui
861 2329 978 2422 operis
1001 2329 1155 2420 ingentia

81 2454 232 2549 praemia3
253 2455 288 2523 in
308 2455 379 2524 alto
400 2453 502 2524 sitam
519 2474 600 2525 esse
617 2453 777 2545 gloriam,
797 2452 832 2522 in
849 2452 918 2525 imo
934 2450 1099 2538 dedecus
1118 2452 1154 2522 in
1240 2522 1242 2525 .

81 2576 191 2669 aprico
207 2577 439 2667 voluptatem,
457 2576 493 2645 in
510 2576 717 2667 confragoso
733 2573 916 2657 virtutem3
934 2595 1154 2647 marcescere

82 2701 231 2771 animum
262 2697 417 2783 deliciiS,
451 2696 630 2771 laboribus
662 2697 928 2792 splendescere3
958 2720 979 2769 e
1012 2697 1153 2769 mollitie

82 2820 234 2893 contrabi
254 2824 367 2893 solere
388 2819 595 2912 rubiginem,
624 2822 812 2916 asperitate
837 2821 987 2914 detergi3
1009 2824 1056 2893 nil
1083 2834 1152 2896 tam

82 2947 152 3017 viro
171 2944 350 3040 proprium
368 2967 474 3039 quam
495 2945 664 3029 laborem3
685 2945 730 3017 ad
751 2946 843 3016 hunc
863 2945 960 3017 nasci
977 2946 1152 3019 bominem

83 3080 115 3139 ut
132 3068 176 3139 ad
198 3068 386 3140 volandum
404 3068 496 3153 avis,
516 3069 560 3139 ad
576 3067 765 3141 natandum
786 3068 908 3162 piscis;
930 3079 1081 3140 scortum
1100 3069 1154 3138 in-

57 3170 59 3177 *
82 3191 163 3262 lame
185 3189 254 3263 sub
273 3190 420 3263 meridie
441 3191 475 3260 in
498 3191 576 3263 sinu
596 3191 678 3263 stedi
699 3178 867 3264 amatoris
888 3193 1149 3286 conquiescere,

83 3313 248 3405 virginem
271 3335 406 3385 sacram
438 3319 518 3406 gelu
552 3315 724 3409 hispidam
758 3315 874 3388 media
908 3319 1017 3389 solam
1051 3326 1152 3388 nocte

83 3455 305 3528 consurger03
327 3438 440 3507 iacere
455 3457 589 3529 aegrum
607 3439 643 3508 in
661 3436 857 3529 grabatulo,
877 3437 1001 3511 sedere
1018 3437 1152 3533 parasi-
1257 3456 1259 3459 ·

85 3565 147 3628 tum
169 3560 205 3629 in
225 3559 403 3645 convivio,
426 3571 519 3632 stare
539 3561 575 3631 in
595 3561 717 3654 praelio
736 3559 956 3647 bellatorem,
978 3562 1069 3632 inter
1086 3560 1152 3630 llu-

85 3691 152 3753 ctus
172 3692 332 3768 nautam,
360 3686 449 3754 inter
473 3687 597 3776 pocula
617 3684 789 3769 bibulum,
812 3685 902 3756 inter
921 3687 1066 3756 vulnera
1087 3683 1151 3752 mi-

85 3801 169 3875 litam
188 3806 355 3898 spectari3
375 3805 503 3877 sudare
520 3805 711 3878 Thersitam
731 3805 797 3878 sub
813 3805 940 3891 lodice,
960 3802 1027 3876 sub
1043 3803 1148 3874 armis

87 3927 269 4014 AEacidem,
293 3929 566 4024 Sardanapalum
588 3950 709 4000 somno
739 3939 775 4001 et
806 3926 1044 4021 voluptatibus
1064 3927 1117 3998 inl
1135 3969 1151 3981 -

88 4069 181 4139 mem,
203 4055 336 4125 clarum
357 4053 535 4126 laboribus
553 4055 752 4139 Herculem,
773 4063 919 4125 stertere
937 4053 1028 4126 lixas
1045 4077 1086 4126 ac
1102 4057 1151 4126 le-

89 4191 199 4261 nones,
222 4176 308 4248 dum
329 4177 404 4248 dux
431 4177 562 4268 vigilat,
588 4178 716 4250 durum
750 4178 915 4249 athletam
941 4178 1066 4252 duellis
1084 4180 1150 4252 du-
