2992 4664
346 331 438 378 since
459 330 997 389 vmnsmusoulerus-ue1srom
1021 338 1072 383 xu.
1208 324 1268 382 nto

595 607 772 671 EPISTOLA
797 609 854 673 llll.

265 779 458 826 FllilNClSCUS
479 779 610 827 nollent)
632 781 736 829 GRdlAE
759 783 850 830 ltusm
872 784 1008 833 PfllNGlPl
1031 787 1186 834 SALUTEM.

184 916 345 987 Respondet
368 917 467 972 litteris
490 919 550 972 eius
575 919 686 973 nomine
706 919 758 974 sibi
777 920 884 981 missis:
909 922 998 975 multa
1013 922 1121 976 deeius
1139 924 1270 994 operibus

274 1020 340 1058 cura
353 1010 380 1058 et
391 998 517 1076 impenso
531 1021 581 1059 sus
594 1005 677 1060 latine
690 1006 815 1062 redditis.
828 1008 867 1061 De
883 1025 934 1062 suo
949 1026 1101 1079 graecarum
1114 1011 1269 1066 litterarum

274 1094 383 1161 studio,
400 1094 490 1165 deque
514 1094 548 1149 iis
572 1095 620 1164 qui
634 1112 685 1167 per
699 1095 807 1150 Italiam
828 1102 893 1152 tunc
916 1099 1049 1168 temporis
1067 1115 1114 1154 eas
1132 1100 1268 1155 colebant.

276 1182 394 1252 Excusat
417 1183 562 1252 Virgilium
588 1184 662 1254 quod
686 1185 792 1239 nullam
816 1187 875 1241 eius
902 1187 930 1241 in
957 1187 1073 1241 AEneide
1100 1188 1270 1243 mentionem

276 1272 384 1339 fecerit,
401 1287 521 1343 eumque
536 1288 621 1342 super
638 1274 743 1328 caeteris
766 1274 801 1328 de
824 1275 926 1345 quibus
950 1276 1073 1347 scripsit,
1091 1275 1164 1330 bono
1179 1278 1271 1332 animo

277 1377 336 1414 esse
351 1359 436 1414 iubet.
1018 1369 1021 1376 '

286 1596 422 1668 Dudum
440 1607 474 1669 te
496 1598 625 1691 scripto
641 1600 769 1692 alloqui
788 1621 885 1670 mens
901 1602 1031 1684 fuerat,
1047 1615 1082 1671 et
1094 1602 1269 1684 fecissem,

187 1721 253 1792 nisi
277 1721 358 1813 qnia
380 1721 509 1811 linguae
529 1721 776 1791 commercium
796 1742 866 1791 non
892 1733 977 1794 erat.
1007 1723 1091 1794 Nam
1114 1746 1179 1794 nec
1203 1742 1271 1814 ego

189 1841 314 1933 graecis
337 1840 460 1912 litteris
477 1821 656 1911 discendis
675 1842 760 1911 satis
782 1842 880 1926 felix,
895 1852 930 1912 et
945 1855 980 1912 tu
995 1841 1127 1926 latinas,
1143 1842 1271 1935 quibus

187 1962 268 2033 olim
291 1986 353 2057 per
369 1962 557 2055 scriptores
568 1973 707 2034 nostros
720 1963 859 2036 adiutus
874 1964 923 2033 uti
943 1964 1099 2047 solebas¹
1120 1985 1272 2055 sequen·

188 2083 272 2154 tium
293 2084 505 2179 negligentia
526 2084 738 2155 dedidicisse
758 2084 936 2156 videbare.
961 2085 1129 2178 Utrinque
1150 2086 1272 2156 exclu-

189 2227 251 2276 sus
272 2207 524 2279 conticueram:
558 2227 647 2277 unus
680 2207 736 2276 vir
769 2217 889 2277 nostro
922 2216 955 2277 te
989 2208 1133 2277 latinum
1166 2208 1271 2277 saeclo

190 2329 335 2400 revehit.
351 2329 426 2399 Non
440 2328 556 2401 hercle
575 2327 713 2400 avidius
735 2351 847 2421 neque
864 2328 995 2401 diutius
1009 2329 1157 2425 Ulyxem
1171 2338 1270 2400 tuum

190 2472 253 2521 sua
273 2452 445 2545 Penelope
466 2453 667 2545 expectavit
696 2474 800 2543 quam
835 2473 902 2542 ego
932 2463 975 2525 te.
1011 2453 1151 2544 lamque
1187 2451 1271 2520 mibi

191 2570 320 2641 sensim
343 2594 422 2665 spes
443 2573 583 2644 abibat:
607 2584 734 2667 praeter
755 2573 846 2643 enirn
866 2574 999 2665 aliquot
1018 2585 1157 2645 tuorum
1176 2571 1272 2665 prin-

188 2693 277 2785 cipia
299 2694 483 2778 librorum,
504 2695 537 2764 in
559 2694 688 2787 quibus
715 2696 813 2764 velut
837 2695 991 2784 exoptati
1019 2693 1120 2764 amici
1147 2715 1273 2786 super-

189 2815 304 2884 cilium
331 2819 450 2906 proeul
484 2816 686 2906 ambiguum
707 2800 742 2886 et
773 2817 896 2908 raptim
931 2815 1087 2899 vibrans
1116 2839 1179 2887 seu
1204 2816 1268 2886 flu-

191 2937 342 3006 ctuantis
362 2958 473 3006 corneo
503 2937 635 3030 apicem
658 2936 835 3018 intuebar,
856 2935 953 3005 latini
983 2937 1066 3006 nihil
1089 2938 1271 3030 obtigerat,
1343 2996 1345 3000 .

190 3039 278 3128 nibil
296 3055 447 3149 denique
467 3056 670 3152 sperabatur
693 3056 752 3128 ubi
774 3066 807 3127 te
824 3055 982 3128 cominus
1009 3063 1268 3155 contemplarer.

190 3182 276 3251 Nam
299 3179 434 3250 libellus
456 3179 640 3271 ille‘vulgo
664 3180 725 3272 qui
751 3191 832 3251 tuus
858 3181 982 3266 fertur,
1010 3183 1075 3252 etsi
1101 3184 1201 3253 cuius
1227 3185 1272 3255 sit

192 3326 258 3375 non
272 3313 416 3387 constet,
432 3304 492 3374 tibi
503 3312 695 3398 excerptus
711 3302 841 3396 tibique
854 3303 1042 3399 inscriptus
1057 3318 1138 3376 tuus
1152 3306 1271 3396 utique

191 3449 259 3497 non
280 3437 344 3497 est.
366 3427 426 3499 Vir
446 3427 512 3498 iste
533 3427 563 3496 si
585 3427 729 3511 vixerit,
757 3436 864 3497 tutum
889 3437 921 3498 te
942 3425 1044 3496 nobis
1063 3425 1208 3497 reddet:
1234 3438 1270 3498 et

192 3552 257 3620 iam
280 3551 400 3642 coepit,
422 3561 461 3621 ut
478 3573 546 3620 non
566 3549 667 3619 modo
685 3548 884 3620 divinorum
902 3551 1016 3620 fructu
1033 3569 1176 3640 operum
1195 3549 1271 3618 exi-

193 3673 276 3757 mio,
310 3672 373 3743 sed
405 3682 542 3744 tuarum
575 3695 714 3766 quoque
745 3673 1063 3744 confabulationum
1097 3670 1270 3742 illecebris

190 3797 421 3888 perfruamur.
442 3797 596 3879 Quarum
621 3797 723 3889 unius
744 3795 789 3866 ad
817 3818 871 3866 me
896 3817 1007 3888 nuper
1035 3797 1148 3866 latinis
1175 3798 1270 3868 vasis

191 3939 327 4007 graecus
350 3940 453 4012 sapor
473 3920 596 3989 allatus
621 3929 685 3989 est.
709 3920 747 3988 ln
777 3940 847 4010 quo
871 3920 971 4011 plane
995 3920 1088 3990 sensi
1114 3921 1268 3992 validum

190 4049 227 4113 et
246 4044 352 4113 velox
370 4042 545 4133 ingenium
565 4062 670 4135 posse
688 4040 812 4112 omnia.
835 4041 953 4131 ltaque
971 4041 1168 4113 Ciceronem
1192 4043 1270 4116 licet
1317 4082 1320 4088 ·

190 4164 386 4257 eloquentia
407 4187 470 4238 sua
492 4167 526 4236 in
548 4163 760 4237 carniinibus
782 4162 998 4251 destitutum,
1027 4178 1062 4239 et
1087 4168 1266 4257 Virgilium
1290 4240 1292 4247 s
1315 4221 1318 4227 .
