2992 4664
657 322 819 370 tztulnuun

612 671 789 734 {epistota
817 670 861 730 xt.

294 848 489 898 t‘nnnclscus
511 845 679 897 PETRARCA
701 845 806 894 Pudnu
826 842 1018 892 Bononlsusl
1040 844 1066 894 S.
1088 845 1117 893 P.
1139 847 1171 892 Ι).

363 995 578 1049 adolescentem
594 993 692 1046 litteris
708 991 909 1045 instituendum
924 989 1109 1045 commendat.
1222 999 1224 1003 ’

291 1215 477 1306 Compater
508 1222 543 1282 et
575 1211 684 1282 amice
722 1212 863 1304 optime.
905 1210 1009 1280 Lator
1046 1211 1277 1300 praesentium

192 1334 293 1405 amici
315 1335 382 1403 mei
403 1332 534 1417 dilecti,
556 1332 692 1424 virique
719 1328 801 1401 boni
821 1327 914 1400 fitius
935 1339 971 1400 et
991 1329 1037 1400 ob
1057 1328 1093 1400 id
1114 1328 1197 1400 mihi
1218 1353 1278 1404 ca-

191 1479 252 1526 rus
278 1466 349 1526 est:
372 1453 417 1525 de
435 1455 535 1524 cuius
557 1452 815 1525 conditionibus
843 1455 999 1523 Donatus
1026 1461 1145 1524 noster
1171 1453 1275 1526 tatius

192 1552 305 1646 tecum
338 1584 428 1666 aget.
461 1576 602 1645 Summa
630 1584 702 1645 est:
727 1575 820 1665 quod
851 1574 1053 1665 aliquandiu
1089 1596 1204 1666 vagus
1235 1598 1276 1647 ao

190 1697 344 1779 discotus
382 1696 611 1781 adolescens,
652 1699 806 1791 alioquin
840 1719 910 1767 uon
935 1698 1016 1767 mati
1050 1697 1203 1788 ingenii,
1237 1708 1276 1769 ut

190 1817 385 1910 perhibent,
408 1820 453 1890 ad
485 1830 518 1892 te
541 1821 641 1912 quasi
663 1841 760 1912 aegcr
791 1818 836 1890 ad
866 1818 1002 1890 fidelem
1034 1830 1070 1890 et
1089 1831 1272 1912 expertum

81 1977 83 1981 ·
191 1940 366 2013 medicum
392 1944 547 2015 mittitur.
570 1942 735 2034 impende
756 1943 803 2012 itti
823 1963 942 2013 curam
965 1954 1132 2034 quautam
1157 1953 1271 2034 potes,

188 2061 347 2147 obsecro,
370 2074 410 2134 ut
431 2065 547 2156 siqua
567 2063 624 2134 via
643 2076 698 2135 est
715 2065 804 2155 patri
825 2060 953 2133 reddas
971 2060 1110 2132 doctum
1128 2071 1165 2132 et
1184 2062 1272 2134 hene

188 2186 302 2255 animo
319 2188 504 2259 valentem.
519 2187 676 2278 Denique
697 2185 780 2255 dum
799 2206 879 2276 spes
900 2185 1074 2275 protectus
1091 2183 1269 2266 affulserit,

188 2307 360 2398 persuade
382 2307 475 2378 huuc
499 2305 559 2378 tibi
580 2307 688 2377 fitium
712 2329 828 2376 meum
858 2326 950 2375 esse.
984 2306 1028 2375 Et
1056 2307 1157 2376 vate:
1185 2304 1271 2375 nihil

187 2431 277 2499 enim
308 2427 411 2498 hodie
433 2426 493 2497 tibi
510 2428 604 2498 atiud
623 2445 699 2499 sum
724 2428 928 2518 scripturus,
956 2428 1022 2498 nisi
1049 2427 1143 2519 quod
1161 2450 1270 2520 quum

187 2553 220 2619 in
243 2551 412 2641 principio
438 2549 555 2619 ieiunii
583 2560 696 2620 tecum
730 2570 811 2619 esse
841 2549 1076 2632 decreverim,
1099 2573 1176 2636 ero,
1195 2553 1268 2623 Deo

186 2672 333 2750 votente,
357 2669 392 2737 in
409 2669 532 2742 medio.
556 2671 606 2741 Tu
627 2670 726 2741 mitte
747 2671 837 2742 hauc
861 2683 1073 2765 praesentem
1095 2696 1267 2746 annexam

186 2793 372 2862 litterulam
394 2793 569 2864 sacerdoti
591 2814 667 2865 meo
684 2793 826 2865 domino
840 2794 986 2865 iohanni
1007 2797 1180 2888 simulque
1202 2818 1267 2869 vas

93 2985 100 2990 ,
187 2923 283 2986 tuum
306 2916 511 2993 (vasculum
532 2916 647 2987 dicere
666 2915 791 3008 debui)
820 2926 857 2985 ut
876 2915 1026 3011 accipias
1053 2918 1264 3011 portionem,

185 3038 255 3106 imo
273 3037 527 3129 portiunculam
551 3039 621 3108 vini
642 3039 748 3122 itlius,
764 3039 834 3107 imo
848 3038 929 3122 villi,
947 3038 1134 3132 voluptatis
1153 3040 1267 3112 hostis

184 3159 367 3231 modestiae
384 3160 494 3230 amici.
512 3161 667 3232 Venetiis
681 3161 816 3231 XVlllI:
830 3161 1007 3232 Februarii
1025 3173 1264 3256 properanter.

1011 3285 1049 3353 F;
1071 3294 1162 3355 tuus
