2992 4664
522 317 562 363 DE
585 314 685 363 llllltUS
707 314 928 361 simulamus

332 459 549 556 Tyrrhenum
572 460 733 543 Arlriaco,
756 461 890 530 Tuscus
910 469 946 528 et
966 456 1133 551 lippum,v

330 585 441 668 Quem
465 583 616 674 sumpsit
637 584 815 676 proprium
838 579 950 651 Tibris
969 581 1016 652 ab
1035 580 1178 664 Antioc,

328 698 552 776 Neo‘luscam
576 715 680 796 atque
702 704 868 774 humilem
892 705 1025 796 sprevit
1044 705 1237 795 originem3

330 833 376 900 Te
398 851 489 900 nune
510 829 613 899 dulce
636 828 733 919 sequi
755 826 902 897 saltibus
925 824 1064 909 abditis,

331 952 480 1024 Umbras
500 960 536 1021 et
557 949 735 1021 scatebras
756 971 902 1020 cernere
921 950 1076 1031 vallium,
1102 983 1107 989 ’

328 1078 441 1148 Colles
462 1093 672 1169 purpureos,
694 1083 793 1166 prata
813 1073 974 1154 virentia,

327 1197 568 1290 Algentesque
590 1196 688 1266 lacus
710 1204 880 1286 antraque
901 1194 1048 1266 roseida.

231 1343 234 1346 ·
328 1323 396 1392 Seu
417 1321 575 1389 Faunum
598 1316 765 1408 gregibus
787 1318 950 1389 concilias
970 1302 1088 1409 vagis,

329 1446 397 1513 Seu
419 1442 538 1535 pergis
560 1441 739 1511 Bromium
760 1443 877 1512 visere
897 1441 1085 1521 fervidum,
1121 1469 1124 1471 “
1220 1504 1222 1506 ,

327 1567 474 1636 Fulvam
495 1564 682 1657 pampineo
703 1565 778 1635 sive
799 1565 904 1635 Deam
927 1566 997 1634 Deo

328 1687 478 1758 Affinem
500 1687 611 1759 tacitis
632 1685 859 1758 concelebras
880 1688 1004 1772 sacris,

328 1810 518 1882 Amborum
544 1807 711 1880 Venerem
735 1832 798 1882 sen
818 1811 915 1881 canis
936 1810 1104 1902 indigam,

329 1939 398 2007 Seu
414 1935 596 2029 Nymphas
617 1937 783 2026 querulas
805 1944 840 2006 et
861 1937 1006 2030 Satyros
1026 1938 1126 2008 leves

331 2058 509 2129 Etnudas
531 2079 633 2128 roseo
654 2079 800 2151 corpore
818 2059 967 2140 Gratias,

326 2184 395 2252 Seu
415 2182 541 2251 famam
563 2191 599 2251 et
619 2180 736 2252 titulos
756 2183 913 2253 Herculis
935 2182 1098 2274 improbi,

326 2305 521 2395 Incestique
543 2304 645 2375 aliam
665 2306 868 2398 progeniem
889 2306 984 2376 lovis

269 2461 273 2467 ¹
326 2430 468 2498 Martem
492 2425 559 2496 sub
580 2428 694 2516 galea,
716 2429 866 2500 Palladis
889 2429 1012 2521 AEgida

326 2551 412 2619 Late
432 2548 623 2639 Gorgoneis
646 2551 801 2622 crinibus
823 2553 1015 2626 horridam:

325 2671 474 2742 Ledaeos
494 2673 642 2742 iuvenes
664 2675 758 2744 mitia
781 2675 897 2746 sidera

327 2795 483 2866 Tutelam
505 2795 630 2866 ratium
652 2795 815 2867 fluetibus
837 2799 1018 2885 obrutos-

327 2918 498 3008 Argutum
519 2917 664 2989 citharae
684 2920 893 3001 Mercurium
916 2933 1084 3014 patrem:

326 3026 458 3109 Verbis
473 3042 688 3111 auricomum
709 3041 818 3134 pectis
839 3041 1045 3134 Apollinem,
1099 3113 1107 3125 Ι

323 3161 368 3237 Et
388 3161 505 3231 llanto
527 3161 672 3231 nitidam
694 3164 875 3234 caesariem
897 3164 997 3235 lavis.

325 3280 529 3355 Germanum
553 3282 717 3373 pharetra
738 3285 975 3378 conspicuam,
997 3298 1033 3356 et
1053 3290 1135 3358 feris

324 3403 499 3488 Infestam,
526 3415 585 3474 aut
606 3405 753 3476 eboreas
773 3406 948 3479 Pieridum
971 3431 1101 3481 sacras:

328 3527 486 3618 Soulpas,
510 3534 580 3595 seu'
596 3525 707 3616 rigido
727 3550 900 3599 marmore
920 3530 1042 3601 durius

325 3649 457 3718 Heroas
478 3657 634 3729 veteres;
658 3651 757 3741 sique
778 3652 893 3736 faves,
917 3655 1018 3724 novis

326 3773 504 3842 AEternam
527 3772 658 3842 meritis
676 3785 710 3844 et
730 3796 919 3846 memorem
943 3786 1058 3848 notam

324 3893 447 3985 Affigis
469 3897 617 3975 calamo,
641 3917 684 3964 ne
706 3918 775 3987 qua
796 3911 932 3989 premat
952 3899 1054 3973 dies:¹

324 4016 380 4085 Sio
400 4031 520 4089 vatum
543 4000 667 4090 studiis
688 4021 765 4092 sola
784 4020 983 4093 faventibus

327 4139 444 4210 Virtus
464 4153 649 4233 perpetuas
666 4143 795 4234 linquit
815 4145 997 4233 imagines
