2940 4650
215 309 273 367 518
559 318 717 366 ΑΡΡΕΝΒΙΧ
739 317 955 366 utuuuutflutt.

214 459 364 532 acmibi
391 479 665 553 perpaucorum
701 459 836 531 dierum
867 459 1086 542 absentiam,
1121 465 1321 533 multorum

213 586 332 654 inrsan
358 603 528 652 annorum
549 581 738 673 praesentia
762 584 798 652 in
830 594 1013 676 posterum
1042 593 1318 676 compensetur.

141 756 144 760 »
214 707 316 776 Certe
342 724 410 795 ego
437 703 489 775 sic
513 703 598 773 mibi
622 704 733 797 lingo,
769 706 819 776 sic
847 727 962 799 spere,
997 718 1035 778 et
1070 707 1110 777 in
1153 706 1224 779 bac
1258 729 1318 800 spe

213 828 331 898 multis
352 827 431 898 licet
451 826 619 897 obsessus
640 828 813 916 angustiis
829 829 1032 921 acquiesce.

310 951 354 1018 Et
376 950 426 1021 sic
447 948 491 1020 ad
512 949 597 1020 illud
617 949 722 1020 venio
743 948 838 1042 quod
859 950 1088 1043 principalius
1116 953 1157 1022 in
1185 954 1314 1026 litteris

212 1076 357 1158 vestris,
380 1074 416 1144 ni
436 1076 548 1155 fallor,
571 1073 771 1145 intenditur.
794 1074 858 1143 Hic
877 1073 992 1164 igitur,
1006 1073 1153 1156 iratres
1175 1079 1312 1169 aperite

213 1218 329 1280 aures,
356 1217 491 1290 quaeso,
519 1197 766 1286 animumque:
799 1194 844 1266 de
878 1215 1014 1264 summa
1049 1196 1152 1266 enim
1188 1219 1310 1270 rerum

213 1328 410 1389 nostrarum
438 1318 646 1407 loquuturus
676 1339 765 1387 sum.
801 1318 906 1387 Multa
937 1317 1081 1409 quidem
1105 1318 1220 1390 altius
1242 1319 1307 1390 dici

213 1449 371 1532 possent,
396 1452 431 1508 at
451 1460 520 1508 non
542 1441 664 1521 multa,
687 1459 769 1531 quae
790 1438 932 1530 quidem
951 1460 1018 1530 ego
1038 1441 1219 1524 noverim,
1241 1444 1305 1512 uti-

212 1561 291 1630 lius.
312 1560 382 1630 Sed
397 1559 443 1630 de
460 1557 526 1630 boc
544 1574 666 1630 omnes
684 1582 749 1631 vos
763 1559 933 1642 videritis
948 1560 1072 1630 amici:
1090 1562 1195 1652 quud
1212 1564 1302 1633 enim

212 1684 271 1755 uni
298 1684 384 1756 dico>
405 1683 568 1755 omnibus
598 1684 691 1766 dic03
711 1695 746 1755 et
766 1683 880 1776 cupio,
916 1686 946 1753 si
972 1681 1048 1753 fieri
1082 1685 1216 1774 possit,
1241 1685 1302 1757 bas

212 1808 344 1880 litteras
364 1829 498 1900 perora
512 1809 666 1878 omnium
685 1807 958 1890 circummuniet
976 1806 1004 1875 si
1018 1805 1100 1897 quis
1117 1805 1186 1877 ibit
1200 1808 1302 1878 istinc

211 1927 256 2000 ad
289 1927 503 2000 occidentem
537 1929 698 2013 nuntius,
730 1927 910 1997 Ludovico
943 1935 1065 1996 nostro
1092 1927 1300 1998 nominatim

212 2050 331 2139 dirigi,
374 2058 412 2119 ut
447 2066 569 2119 omnes
608 2049 801 2138 intelligant
834 2049 890 2117 vel
924 2065 1051 2118 sensus
1087 2064 1208 2132 mens,
1248 2051 1301 2118 vel

178 2155 181 2161 ’
212 2170 374 2264 ineptias,
398 2170 606 2263 Simpliciter
626 2173 715 2242 forte
736 2170 800 2241 sed
820 2181 915 2240 certe
935 2167 1084 2241 fideliter
1111 2169 1300 2262 loquutum

211 2291 422 2363 fatebuntur.
444 2291 544 2362 Nunc
564 2292 608 2361 ad
632 2314 704 2363 rem
727 2291 842 2361 venio.

312 2417 444 2499 Frater,
458 2424 519 2486 aut
531 2415 599 2484 iam
620 2414 686 2483 viri
704 2426 847 2497 sumus,
866 2422 927 2484 aut
945 2415 1099 2505 proiecto
1116 2430 1300 2507 nunquam

212 2533 614 2606 annuntiaremus
640 2533 860 2609 blandiatur:
887 2552 990 2603 nemo
1016 2534 1215 2605 iuventutis
1242 2557 1300 2628 ap

212 2656 395 2748 pellatinne
415 2652 574 2746 decipiat.
597 2654 673 2723 Non
695 2672 818 2725 sumus
839 2651 1003 2746 decrepiti
1024 2664 1129 2737 certe,
1153 2657 1219 2729 sed
1239 2677 1300 2726 nec

211 2776 322 2869 pueri.
350 2774 457 2848 Decet
482 2777 599 2868 itaque
630 2795 699 2846 non
732 2774 964 2861 muliebriter,
994 2789 1065 2846 non
1095 2779 1298 2868 pueriliter,

212 2900 277 2972 sed
310 2898 455 2970 viriliter
488 2910 593 2992 atque
625 2899 751 2968 acriter
784 2898 938 2988 cogitare
970 2896 1054 2988 quid
1089 2914 1236 2984 sumus,
1266 2910 1301 2971 ct

211 3021 340 3112 quibus
362 3021 516 3114 undique
542 3016 705 3114 periculis
738 3020 978 3104 circumventi,
1001 3020 1116 3112 qualis
1141 3016 1299 3117 denique

210 3142 284 3212 vita
306 3139 467 3224 huminis,
491 3165 596 3233 quarn
624 3144 743 3234 fugax,
779 3157 884 3232 quam
919 3133 1063 3222 incerta,
1089 3163 1203 3232 qurum
1229 3148 1300 3214 ira-

211 3263 312 3353 gilis3
331 3263 534 3334 meminisse
553 3274 659 3356 quam
680 3263 778 3335 brevi
801 3263 967 3361 temporis
990 3263 1103 3356 spatio
1125 3274 1298 3359 tanquam

211 3406 356 3456 somnus
387 3396 448 3457 aut
478 3386 601 3456 umbra
627 3386 846 3479 praeterierit,
881 3396 917 3456 et
945 3385 990 3457 ab
1019 3385 1130 3455 oeulis
1160 3388 1325 3476 nostris,

209 3510 393 3580 evanuerit
413 3507 584 3600 quidquid
609 3509 643 3578 in
674 3509 775 3579 terris
796 3508 911 3580 carius
936 3498 1164 3578 habebamus.
1194 3509 1299 3601 Piget

209 3643 244 3702 et
264 3631 436 3722 impedior
456 3633 587 3722 gemitu
607 3631 807 3702 carissimas
832 3623 946 3701 omnis
973 3638 1085 3700 status
1111 3649 1153 3698 ac
1180 3646 1297 3702 sexus
1411 3669 1412 3674 =

208 3753 346 3825 etmihi
372 3755 429 3823 vel
454 3755 626 3845 sangnine
650 3755 707 3824 vel
737 3768 855 3824 amere
882 3751 1120 3823 iunctissimus
1146 3768 1298 3826 enume-

208 3898 286 3948 rare
311 3896 497 3968 personas
524 3898 614 3969 quas
646 3897 759 3946 annus
794 3875 849 3946 bic
878 3874 1034 3967 pestifer,
1061 3873 1168 3944 etde
1197 3876 1298 3946 omni

208 3999 418 4069 saeculorum
434 3996 747 4078 serie'eradendus
771 3997 1015 4090 intempestiva
1036 4005 1149 4067 morte
1167 4002 1299 4090 praeri-

208 4117 290 4206 puit.
318 4119 419 4190 Pauci
447 4119 588 4210 quidem
623 4141 669 4189 ex
703 4119 794 4188 omni
826 4136 936 4210 grege
963 4118 1160 4208 bominum,
1190 4124 1299 4217 penei
