2934 4650
567 328 720 378 urrsronn
742 329 804 376 urii.
1164 317 1217 377 lot

155 488 233 538 men
253 479 398 541 avertet.
420 470 548 542 Verum
580 491 647 561 ego
673 471 856 563 praedulcis
891 475 992 544 amici
1024 474 1222 545 lacrimabili

155 590 299 676 iactura,
323 614 427 685 supra
446 616 550 687 quam
572 595 638 667 dici
659 605 777 690 posset
794 593 1012 667 amarissime
1030 597 1220 683 cruciatus,

157 718 264 787 multa
280 716 460 788 vobiscum
480 717 546 789 viri
563 719 732 805 illustreS,
746 719 957 790 familiariter
974 720 1109 791 locutus
1132 740 1220 790 sum.

156 836 247 907 Heu!
274 840 415 923 trustra,
443 841 526 910 heul
556 861 656 922 ser03
678 842 788 914 sentio
808 841 900 912 enim
921 841 1086 913 damnum
1108 862 1223 912 meum

158 982 225 1032 non
247 983 350 1054 posse
370 964 514 1035 restitui.
537 963 611 1034 Non
633 963 663 1035 si
684 964 774 1035 mille
795 963 922 1057 linguis
941 964 1171 1036 adamantinis
1188 966 1224 1035 in

157 1084 405 1175 sempiternum
424 1088 558 1178 loquar,
587 1091 646 1158 aut
670 1087 805 1180 Orpheo
831 1087 968 1159 dulcius
980 1086 1159 1163 flebilibus
1179 1087 1224 1159 ad

85 1249 87 1253 .
157 1209 266 1299 lyram
300 1209 523 1300 querimoniis
552 1230 643 1281 saxa
673 1212 918 1303 permulceam‚
956 1232 1107 1304 unquam
1141 1210 1224 1281 mihi

157 1327 281 1401 redibit
313 1332 444 1402 amicus
476 1355 588 1404 meus.
613 1332 832 1404 lrremeabile
856 1335 922 1404 iter
943 1333 1125 1426 ingressus
1157 1343 1223 1406 est.

154 1451 272 1544 Neque
292 1477 384 1525 nunc
404 1454 438 1526 id
459 1454 573 1545 agitur
592 1464 630 1526 ut
651 1454 707 1525 ille
728 1467 901 1547 resurgat,
925 1456 989 1527 sed
1008 1477 1053 1526 ue
1070 1478 1149 1526 oum
1167 1456 1224 1528 illo

155 1585 294 1646 corruat
312 1577 420 1648 decus
443 1588 610 1660 vestrum,
639 1599 787 1670 quorum
817 1581 964 1649 alterum
990 1578 1220 1673 impossibile,

154 1699 299 1769 alterum
319 1721 403 1770 vero
425 1701 582 1793 perfacile
601 1710 636 1771 et
655 1700 690 1768 in
710 1711 829 1772 vestra
851 1703 1000 1791 positum
1026 1724 1143 1772 manu·
1156 1710 1221 1772 est.

145 1810 241 1893 'Illud
261 1822 401 1914 quidem
423 1825 610 1895 admonere
635 1841 704 1891 non
724 1832 779 1890 est
799 1843 960 1906 necesse,
987 1824 1082 1913 quod
1114 1826 1224 1895 scele-

153 1966 229 2013 rum
251 1942 382 2016 iudices
404 1966 470 2015 nou
492 1945 669 2039 praeterita
689 1943 753 2016 sed
773 1947 888 2015 lutura
908 1944 1106 2038 respiciunt.
1133 1946 1223 2029 Quid

153 2065 244 2136 euim
263 2069 407 2161 prodest
426 2067 471 2139 ad
491 2092 532 2141 ea
555 2091 636 2163 quae
656 2066 834 2141 retractari
866 2076 1043 2159 nequeunt
1068 2066 1222 2139 studium

153 2190 342 2262 adbibere?
363 2191 538 2264 Similibus
561 2206 675 2265 tamen
694 2194 794 2265 malis
818 2193 1026 2278 occurritur,
1049 2201 1083 2261 et
1102 2211 1222 2260 exem·

151 2315 207 2405 plo
227 2313 371 2385 terribili
392 2315 543 2386 humana
565 2316 741 2388 temeritas
760 2327 949 2387 coercetur.
979 2315 1064 2385 Hinc
1089 2313 1144 2384 illa
1169 2311 1222 2382 ni-

152 2438 277 2509 mirum
296 2437 575 2510 doctissimorum
596 2440 774 2512 hominum
797 2439 934 2512 laudata
957 2438 1126 2510 sententia
1147 2445 1218 2507 est:

151 2584 217 2631 uon
236 2565 312 2654 quio
324 2574 495 2655 peccatum
511 2576 575 2648 est,
593 2562 648 2634 scd
665 2588 705 2635 uc
720 2562 869 2656 peccetur
887 2565 1025 2633 invento
1041 2563 1219 2654 supplicius
1237 2579 1268 2632 a
1337 2554 1341 2560 ’

152 2706 232 2776 quae
255 2708 465 2779 quamquam
499 2689 567 2759 sint
600 2709 663 2781 pro
695 2688 799 2760 buius
833 2687 974 2759 sceleris
1007 2686 1219 2773 immanitate

151 2807 366 2898 dignissima,
399 2834 609 2903 quamquam
643 2809 766 2882 tacitus
798 2821 983 2902 expectare
1010 2829 1077 2878 non
1103 2810 1220 2901 prohi-

152 2927 249 3012 bear,
274 2941 437 3022 expetere
458 2943 571 3002 tamen
597 2953 714 3003 renuo.
742 2931 910 3002 Universa
936 2930 1042 3021 igitur
1067 2931 1144 3001 haec
1169 2931 1220 3001 sic

151 3050 324 3142 intelligar
356 3051 502 3136 dixisse,
536 3062 574 3122 ut
606 3054 698 3147 apud
730 3053 919 3123 benevolas
953 3053 1219 3125 aures-doloris

152 3172 220 3242 mei
245 3193 385 3243 sensum
413 3173 584 3265 loquendo
610 3172 828 3268 deponerem,
859 3195 899 3246 ao
931 3176 1029 3266 gravi
1062 3176 1219 3247 molestia
1272 3160 1276 3169 ¹

153 3296 319 3368 tumidum
340 3318 399 3367 cor
418 3297 587 3380 levarem,
609 3285 722 3389 potius
744 3320 847 3389 quam
869 3308 907 3370 ut
926 3300 1060 3370 animos
1080 3309 1218 3370 vestros

152 3419 195 3490 ad
212 3418 398 3491 vindictam
418 3420 597 3512 sanguinis
615 3420 874 3494 inflammarem.
894 3421 932 3491 ld
948 3421 1039 3492 enim
1058 3442 1121 3490 nec
1137 3439 1219 3512 pro-

151 3543 307 3626 iessioni,
332 3566 396 3615 neo
418 3544 523 3614 statui
540 3565 617 3615 meo
643 3545 821 3616 convenit:
848 3545 966 3637 itaque
992 3551 1100 3613 testor
1124 3541 1220 3635 quod

151 3667 194 3738 ad
221 3667 333 3751 illam,
367 3667 534 3761 quidquid
565 3668 720 3740 dicturus
754 3668 819 3738 sim
846 3676 905 3738 aut
944 3667 1113 3749 dixerim,
1149 3686 1218 3735 non

149 3788 286 3884 aspiro:
305 3790 409 3883 idque
425 3789 519 3883 quod
539 3791 720 3863 honestius
737 3813 880 3884 possum
897 3790 1026 3881 tlagito,
1045 3797 1218 3881 quatenus

149 3914 302 4006 antiquae
322 3917 443 4005 gloriae
462 3926 592 3986 vestrae
613 3914 821 4007 iustitiaeque
853 3936 1025 3986 memores
1052 3934 1122 4004 qua
1147 3910 1218 3982 sin-

149 4038 315 4127 gulariter
335 4037 512 4122 lloruistis,
535 4060 611 4109 eam
633 4039 761 4109 vestris
781 4037 895 4130 perire
916 4033 1130 4130 temporibus
1148 4053 1215 4105 non

150 4159 285 4249 sinatiS,
307 4161 411 4256 idque
435 4161 606 4237 obnoxius
631 4182 754 4256 precor
788 4170 825 4232 ut
856 4161 925 4231 viae
958 4160 1123 4253 publicae,
1157 4181 1216 4252 per
1264 4198 1265 4207 κ
