2992 4664
200 301 260 362 att
543 318 583 365 ns
606 316 706 365 nunus
728 315 950 364 rtutntantnus

199 469 235 528 et
247 459 415 548 religione
434 460 667 544 clarissimus
688 461 746 550 qrui
765 461 896 531 nullum
913 461 1067 530 Varrone
1085 459 1289 549 doctiorem,

200 603 244 651 ne
264 580 358 674 apud
378 580 520 652 Graecos
541 581 684 673 quidem
705 582 843 654 vixisse
859 604 928 652 non
946 580 1092 653 dubitat.
1112 583 1181 654 Sed
1200 586 1291 658 inter

200 702 472 775 innumerabiles
486 725 665 797 praecones
685 714 763 776 tuos
779 703 1003 776 famosissimi
1020 706 1091 790 duo
1108 718 1204 778 sunt:
1221 710 1291 800 pri-

203 849 281 898 mus
301 839 357 899 est
376 829 433 898 ille
454 829 554 900 cuius
574 851 680 921 supra
696 829 905 901 mentionem
932 827 1011 912 feci,
1035 840 1238 901 coaetaneus
1257 844 1292 901 et

198 950 353 1022 concivis
375 963 410 1022 et
436 936 696 1044 coodiscipulus
722 959 804 1021 tuus
830 950 966 1033 Cicer0,
989 951 1050 1041 qui
1076 952 1186 1022 multa
1207 951 1287 1034 tibi,

198 1086 233 1145 et
258 1076 315 1145 cui
342 1087 377 1145 tu
405 1075 511 1144 multa
539 1086 680 1145 servata
705 1048 752 1145 etr
779 1073 919 1144 Catonis
949 1083 1125 1166 praecepto
1157 1072 1291 1145 ratione

179 1254 180 1257 ,
198 1198 258 1279 otii
277 1197 455 1291 scripsisti,
476 1197 647 1289 cuiusque
665 1208 703 1267 ut
721 1195 897 1267 vivaciora
912 1195 981 1293 sint
998 1216 1117 1289 opera,
1138 1196 1207 1265 stili
1222 1197 1292 1266 for-

200 1341 262 1391 san
283 1312 431 1390 dulcedo
456 1318 628 1412 praestitit.
651 1318 833 1388 Secundus
860 1317 916 1389 vir
939 1317 1082 1410 quidam
1110 1317 1290 1390 sanctissi-

166 1429 171 1437 ’
199 1464 279 1513 mus
296 1451 331 1514 et
348 1442 469 1513 divino
487 1441 626 1532 ingenio
643 1440 863 1532 Augustinus
880 1441 1016 1532 origine
1032 1440 1131 1522 Afer,
1152 1441 1292 1532 eloquio

164 1554 174 1631 J
198 1568 390 1647 Romanus,
413 1586 492 1636 cum
520 1586 590 1656 quo
616 1565 750 1634 utinam
775 1562 820 1634 de
846 1563 943 1634 libris
970 1563 1088 1635 divina
1114 1565 1293 1635 tractanti-

113 1770 117 1777 Ι
200 1686 267 1757 hus
281 1685 474 1758 deliberare
490 1687 686 1779 potuisses:
714 1707 872 1758 summus
890 1707 1017 1778 nempe
1034 1686 1221 1776 theologus
1237 1687 1293 1755 fu-

201 1821 316 1892 turus,
338 1809 397 1902 qui
420 1832 497 1881 eam
519 1833 624 1902 quam
648 1820 789 1904 poteras
809 1810 1018 1902 theologiam
1046 1819 1114 1881 tam
1146 1831 1292 1902 scrupu-

205 1936 280 2006 lose
300 1943 370 2005 tam
398 1933 502 2005 auxie
526 1933 689 2004 divisisti.
717 1933 762 2004 Ut
787 1955 874 2006 vero
899 1954 1016 2003 rerum
1044 1941 1180 2003 tuarum
1208 1930 1292 2002 nihil

202 2057 355 2148 ignores,
372 2058 543 2149 quamvis
564 2058 609 2128 de
629 2069 663 2128 te
685 2057 731 2127 ita
752 2057 920 2148 scriplum
941 2057 994 2138 sil,
1015 2054 1144 2146 legisse
1166 2063 1199 2124 te
1223 2063 1290 2126 tam

205 2185 311 2253 multa
338 2191 376 2251 ut
401 2181 534 2273 aliquid
561 2179 622 2250 tibi
653 2177 805 2250 scribere
836 2200 982 2249 vacasse
1011 2178 1192 2257 miremur.
1223 2187 1292 2247 tam

205 2305 314 2374 multa
332 2302 518 2394 scripsisse
535 2323 640 2392 quam
659 2302 766 2370 multa
783 2300 846 2369 vix
864 2320 1074 2391 quemquam
1093 2300 1211 2388 legere
1235 2319 1294 2390 po·

205 2425 318 2494 tuisse
338 2421 535 2503 credamus,
559 2422 664 2490 nullae
686 2430 802 2491 tamen
820 2429 944 2490 extant
960 2421 1018 2489 vel
1035 2417 1225 2490 admodum
1245 2420 1294 2492 la-

204 2565 295 2617 cerae
316 2556 455 2615 tuorum
477 2564 627 2634 operum
647 2542 816 2633 reliquiae,
835 2540 1001 2634 equibus
1022 2541 1138 2632 aliqua
1158 2541 1293 2634 pridem

205 2666 292 2750 vidi,
314 2676 349 2736 et
373 2664 614 2736 recordatione
635 2675 798 2756 torqueor
820 2665 976 2749 summis,
1005 2674 1045 2736 ut
1063 2665 1169 2747 aiunt,
1193 2663 1293 2735 labiis

204 2788 356 2878 gn'statae
376 2788 581 2861 dulcedinis.
599 2789 644 2859 Et
659 2808 722 2859 eos
739 2789 834 2881 ipsos
849 2788 1243 2881 praecipuedivinarum
1261 2800 1296 2860 et

204 2913 438 2983 humanarum
451 2934 565 2984 rerum
582 2911 699 2994 libros,
709 2912 767 3004 qui
782 2933 908 2982 nomen
924 2911 984 2981 tihi
998 2910 1179 2982 sonantius
1191 2933 1294 3005 pepe·

206 3055 284 3104 rere
298 3033 411 3106 adhuc
429 3034 555 3106 alicubi
572 3035 719 3106 forsitan
737 3034 873 3106 latitare
888 3034 1059 3126 suspicor3
1076 3055 1188 3125 eaque
1207 3037 1295 3106 mul-

206 3169 261 3226 tos
282 3155 350 3225 iam
371 3177 433 3246 per
455 3177 565 3226 annos
587 3179 643 3227 me
665 3159 786 3248 fatigat
802 3179 899 3238 cura,
919 3155 1083 3249 quoniam
1102 3158 1204 3247 longa
1218 3158 1294 3248 qni-

206 3279 286 3350 dem
306 3299 346 3349 ac
364 3277 496 3349 solicita
514 3300 576 3370 spe
589 3280 673 3350 nihil
691 3292 746 3352 est
764 3280 995 3372 importunius
1010 3292 1070 3352 aut
1084 3280 1294 3352 laboriosius

207 3404 243 3472 in
260 3399 343 3471 vita.
365 3400 448 3470 Haec
461 3398 641 3470 hactenus.
661 3402 712 3472 Tu
729 3423 815 3473 vero
832 3404 946 3473 solare
959 3403 1124 3482 animum,
1146 3414 1183 3472 et
1200 3400 1294 3474 labu-

210 3527 257 3596 ris
267 3522 400 3615 egregii
412 3523 561 3594 fructum
576 3544 624 3592 ex
637 3524 847 3597 couscientia
857 3524 1051 3618 percipiens
1066 3526 1223 3597 mortalia
1237 3546 1295 3618 pe-

210 3649 312 3719 riisse
325 3671 393 3719 non
403 3648 534 3718 doleas.
545 3647 850 3739 Sciebasperitura
864 3649 948 3720 dum
957 3647 1144 3723 scriberes:
1159 3649 1295 3720 mortali

209 3773 302 3842 enim
317 3770 458 3861 ingenio
471 3768 555 3838 nihil
569 3768 717 3840 efficitur
731 3770 936 3841 immortale.
954 3768 1047 3853 Quid
1060 3777 1174 3840 autern
1191 3770 1296 3839 refert

118 3933 119 3936 =
212 3915 256 3962 an
279 3893 406 3974 statim,
426 3912 469 3961 au
492 3901 573 3982 post
588 3901 726 3962 centum
746 3913 914 3962 annorum
934 3890 1040 3961 millia
1062 3899 1183 3983 pereat
1201 3890 1296 3981 quod
1370 3968 1373 3984 .

213 4015 398 4107 aliquando
418 4014 533 4109 perire
553 4036 698 4086 necesse
711 4014 862 4084 estillst
875 4013 1017 4105 quidem
1034 4012 1296 4098 illustrissimili
1337 3998 1341 4006 ⁵

214 4138 330 4207 studio
347 4136 564 4227 flagrantium
593 4137 716 4207 cohors
738 4131 1008 4228 haudquaquam
1026 4135 1231 4206 fortunatior
1249 4137 1296 4205 la-
