<?xml version="1.0" encoding="UTF-8"?>
<!DOCTYPE html PUBLIC "-//W3C//DTD XHTML 1.0 Transitional//EN"
    "http://www.w3.org/TR/xhtml1/DTD/xhtml1-transitional.dtd">
<html xmlns="http://www.w3.org/1999/xhtml" xml:lang="en" lang="en">
 <head>
  <title>
</title>
<meta http-equiv="Content-Type" content="text/html;charset=utf-8" />
  <meta name='ocr-system' content='tesseract 3.04.00' />
  <meta name='ocr-capabilities' content='ocr_page ocr_carea ocr_par ocr_line ocrx_word'/>
</head>
<body>
  <div class='ocr_page' id='page_1' title='image "./franciscipetrar00fracgoog_0469.png"; bbox 0 0 2934 4650; ppageno 0'>
   <div class='ocr_carea' id='block_1_1' title="bbox 661 315 822 382">
    <p class='ocr_par' dir='ltr' id='par_1_1' title="bbox 661 315 822 382">
     <span class='ocr_line' id='line_1_1' title="bbox 661 315 822 382; baseline -0.012 -19"><span class='ocrx_word' id='word_1_1' title='bbox 661 315 822 382; x_wconf 71' lang='lat' dir='ltr'><strong>vaniunuu</strong></span> 
     </span>
    </p>
   </div>
   <div class='ocr_carea' id='block_1_2' title="bbox 260 625 1237 842">
    <p class='ocr_par' dir='ltr' id='par_1_2' title="bbox 260 625 1237 842">
     <span class='ocr_line' id='line_1_2' title="bbox 608 625 872 690; baseline -0.008 0"><span class='ocrx_word' id='word_1_2' title='bbox 608 625 783 690; x_wconf 79' lang='lat' dir='ltr'>EPISTOLA</span> <span class='ocrx_word' id='word_1_3' title='bbox 804 625 872 690; x_wconf 85' lang='lat' dir='ltr'><strong>llV.</strong></span> 
     </span>
     <span class='ocr_line' id='line_1_3' title="bbox 260 770 1237 842; baseline 0 -20"><span class='ocrx_word' id='word_1_4' title='bbox 260 773 452 842; x_wconf 77' lang='lat' dir='ltr'><strong>rnnucrscus</strong></span> <span class='ocrx_word' id='word_1_5' title='bbox 474 772 642 822; x_wconf 76' lang='lat' dir='ltr'><strong>russanen</strong></span> <span class='ocrx_word' id='word_1_6' title='bbox 662 770 906 821; x_wconf 78' lang='lat' dir='ltr'><strong>nsnruonouno</strong></span> <span class='ocrx_word' id='word_1_7' title='bbox 928 772 968 820; x_wconf 82' lang='lat' dir='ltr'><strong>ne</strong></span> <span class='ocrx_word' id='word_1_8' title='bbox 989 771 1072 821; x_wconf 76' lang='lat' dir='ltr'><strong>rien</strong></span> <span class='ocrx_word' id='word_1_9' title='bbox 1095 772 1124 820; x_wconf 91' lang='lat' dir='ltr'><strong>s.</strong></span> <span class='ocrx_word' id='word_1_10' title='bbox 1148 773 1179 822; x_wconf 84' lang='lat' dir='ltr'><strong>r.</strong></span> <span class='ocrx_word' id='word_1_11' title='bbox 1203 773 1237 822; x_wconf 85' lang='lat' dir='ltr'><strong>o.</strong></span> 
     </span>
    </p>
   </div>
   <div class='ocr_carea' id='block_1_3' title="bbox 217 912 1267 1058">
    <p class='ocr_par' dir='ltr' id='par_1_3' title="bbox 217 912 1267 1058">
     <span class='ocr_line' id='line_1_4' title="bbox 217 912 1267 985; baseline -0.001 -16"><span class='ocrx_word' id='word_1_12' title='bbox 217 916 302 972; x_wconf 89' lang='lat' dir='ltr'><strong>Addit</strong></span> <span class='ocrx_word' id='word_1_13' title='bbox 315 916 422 970; x_wconf 90' lang='lat' dir='ltr'><strong>animos</strong></span> <span class='ocrx_word' id='word_1_14' title='bbox 438 915 472 968; x_wconf 87' lang='lat' dir='ltr'><strong>ad</strong></span> <span class='ocrx_word' id='word_1_15' title='bbox 491 913 685 981; x_wconf 90' lang='lat' dir='ltr'><strong>scribendum,</strong></span> <span class='ocrx_word' id='word_1_16' title='bbox 701 917 729 966; x_wconf 90' lang='lat' dir='ltr'><strong>et</strong></span> <span class='ocrx_word' id='word_1_17' title='bbox 743 917 880 983; x_wconf 89' lang='lat' dir='ltr'><strong>praecepta</strong></span> <span class='ocrx_word' id='word_1_18' title='bbox 894 912 987 967; x_wconf 81' lang='lat' dir='ltr'><strong>tradit.</strong></span> <span class='ocrx_word' id='word_1_19' title='bbox 1001 912 1123 968; x_wconf 89' lang='lat' dir='ltr'><strong>Mortem</strong></span> <span class='ocrx_word' id='word_1_20' title='bbox 1136 913 1267 985; x_wconf 88' lang='lat' dir='ltr'><strong>plurium</strong></span> 
     </span>
     <span class='ocr_line' id='line_1_5' title="bbox 500 1002 970 1058; baseline 0 -2"><span class='ocrx_word' id='word_1_21' title='bbox 500 1003 652 1058; x_wconf 90' lang='lat' dir='ltr'><strong>amicorum</strong></span> <span class='ocrx_word' id='word_1_22' title='bbox 667 1018 782 1056; x_wconf 86' lang='lat' dir='ltr'><strong>suorum</strong></span> <span class='ocrx_word' id='word_1_23' title='bbox 795 1002 970 1056; x_wconf 81' lang='lat' dir='ltr'><strong>lamentatur.</strong></span> 
     </span>
    </p>
   </div>
   <div class='ocr_carea' id='block_1_4' title="bbox 195 1202 1278 4250">
    <p class='ocr_par' dir='ltr' id='par_1_4' title="bbox 195 1202 1278 4250">
     <span class='ocr_line' id='line_1_6' title="bbox 296 1202 1278 1295; baseline -0.001 -20"><span class='ocrx_word' id='word_1_24' title='bbox 296 1207 395 1276; x_wconf 83' lang='lat' dir='ltr'>Sensi</span> <span class='ocrx_word' id='word_1_25' title='bbox 419 1204 500 1276; x_wconf 90' lang='lat' dir='ltr'><strong>olim</strong></span> <span class='ocrx_word' id='word_1_26' title='bbox 526 1202 675 1273; x_wconf 90' lang='lat' dir='ltr'><strong>nobilem</strong></span> <span class='ocrx_word' id='word_1_27' title='bbox 704 1213 799 1273; x_wconf 89' lang='lat' dir='ltr'><strong>tuum</strong></span> <span class='ocrx_word' id='word_1_28' title='bbox 824 1203 974 1293; x_wconf 78' lang='lat' dir='ltr'><strong>pectoris</strong></span> <span class='ocrx_word' id='word_1_29' title='bbox 999 1203 1172 1295; x_wconf 89' lang='lat' dir='ltr'><strong>impetum</strong></span> <span class='ocrx_word' id='word_1_30' title='bbox 1197 1224 1278 1274; x_wconf 90' lang='lat' dir='ltr'><strong>cum</strong></span> 
     </span>
     <span class='ocr_line' id='line_1_7' title="bbox 198 1323 1278 1415; baseline -0.002 -18"><span class='ocrx_word' id='word_1_31' title='bbox 198 1327 408 1399; x_wconf 89' lang='lat' dir='ltr'><strong>verecundia</strong></span> <span class='ocrx_word' id='word_1_32' title='bbox 430 1324 588 1396; x_wconf 92' lang='lat' dir='ltr'><strong>nobiliori</strong></span> <span class='ocrx_word' id='word_1_33' title='bbox 608 1326 746 1407; x_wconf 89' lang='lat' dir='ltr'><strong>luctari,</strong></span> <span class='ocrx_word' id='word_1_34' title='bbox 779 1334 881 1415; x_wconf 90' lang='lat' dir='ltr'><strong>teque</strong></span> <span class='ocrx_word' id='word_1_35' title='bbox 901 1324 984 1393; x_wconf 83' lang='lat' dir='ltr'><strong>nihi</strong></span> <span class='ocrx_word' id='word_1_36' title='bbox 1004 1323 1183 1396; x_wconf 90' lang='lat' dir='ltr'><strong>scribendi</strong></span> <span class='ocrx_word' id='word_1_37' title='bbox 1203 1327 1278 1397; x_wconf 90' lang='lat' dir='ltr'><strong>avi-</strong></span> 
     </span>
     <span class='ocr_line' id='line_1_8' title="bbox 197 1447 1276 1541; baseline -0.003 -20"><span class='ocrx_word' id='word_1_38' title='bbox 197 1451 281 1521; x_wconf 89' lang='lat' dir='ltr'><strong>dum</strong></span> <span class='ocrx_word' id='word_1_39' title='bbox 305 1450 355 1520; x_wconf 92' lang='lat' dir='ltr'><strong>sic</strong></span> <span class='ocrx_word' id='word_1_40' title='bbox 377 1450 523 1530; x_wconf 73' lang='lat' dir='ltr'><strong>harere,</strong></span> <span class='ocrx_word' id='word_1_41' title='bbox 545 1447 646 1540; x_wconf 85' lang='lat' dir='ltr'>quasi</span> <span class='ocrx_word' id='word_1_42' title='bbox 671 1447 809 1539; x_wconf 90' lang='lat' dir='ltr'><strong>penitus</strong></span> <span class='ocrx_word' id='word_1_43' title='bbox 836 1469 890 1518; x_wconf 91' lang='lat' dir='ltr'><strong>me</strong></span> <span class='ocrx_word' id='word_1_44' title='bbox 911 1469 979 1517; x_wconf 93' lang='lat' dir='ltr'><strong>non</strong></span> <span class='ocrx_word' id='word_1_45' title='bbox 999 1468 1141 1530; x_wconf 77' lang='lat' dir='ltr'><strong>nosseS,</strong></span> <span class='ocrx_word' id='word_1_46' title='bbox 1164 1459 1276 1541; x_wconf 87' lang='lat' dir='ltr'><strong>utque</strong></span> 
     </span>
     <span class='ocr_line' id='line_1_9' title="bbox 198 1570 1271 1665; baseline -0.002 -23"><span class='ocrx_word' id='word_1_47' title='bbox 198 1572 349 1643; x_wconf 88' lang='lat' dir='ltr'><strong>Caesaris</strong></span> <span class='ocrx_word' id='word_1_48' title='bbox 372 1570 477 1642; x_wconf 90' lang='lat' dir='ltr'><strong>verbo</strong></span> <span class='ocrx_word' id='word_1_49' title='bbox 496 1581 579 1653; x_wconf 89' lang='lat' dir='ltr'><strong>utar,</strong></span> <span class='ocrx_word' id='word_1_50' title='bbox 602 1572 703 1663; x_wconf 85' lang='lat' dir='ltr'>quasi</span> <span class='ocrx_word' id='word_1_51' title='bbox 716 1573 840 1665; x_wconf 80' lang='lat' dir='ltr'>stipem</span> <span class='ocrx_word' id='word_1_52' title='bbox 854 1571 1053 1665; x_wconf 80' lang='lat' dir='ltr'><strong>porrigeres</strong></span> <span class='ocrx_word' id='word_1_53' title='bbox 1068 1572 1271 1664; x_wconf 88' lang='lat' dir='ltr'><strong>elephanto.</strong></span> 
     </span>
     <span class='ocr_line' id='line_1_10' title="bbox 197 1693 1272 1786; baseline 0 -23"><span class='ocrx_word' id='word_1_54' title='bbox 197 1696 235 1764; x_wconf 94' lang='lat' dir='ltr'><strong>ln</strong></span> <span class='ocrx_word' id='word_1_55' title='bbox 249 1716 291 1764; x_wconf 91' lang='lat' dir='ltr'><strong>eo</strong></span> <span class='ocrx_word' id='word_1_56' title='bbox 311 1695 498 1765; x_wconf 83' lang='lat' dir='ltr'><strong>certamine</strong></span> <span class='ocrx_word' id='word_1_57' title='bbox 519 1693 582 1764; x_wconf 89' lang='lat' dir='ltr'><strong>feci</strong></span> <span class='ocrx_word' id='word_1_58' title='bbox 604 1694 696 1785; x_wconf 92' lang='lat' dir='ltr'><strong>quod</strong></span> <span class='ocrx_word' id='word_1_59' title='bbox 718 1697 827 1776; x_wconf 90' lang='lat' dir='ltr'><strong>soleo,</strong></span> <span class='ocrx_word' id='word_1_60' title='bbox 855 1705 987 1786; x_wconf 88' lang='lat' dir='ltr'><strong>partem</strong></span> <span class='ocrx_word' id='word_1_61' title='bbox 1009 1694 1272 1766; x_wconf 84' lang='lat' dir='ltr'><strong>imbecilliorem</strong></span> 
     </span>
     <span class='ocr_line' id='line_1_11' title="bbox 196 1816 1272 1900; baseline -0.001 -13"><span class='ocrx_word' id='word_1_62' title='bbox 196 1817 270 1888; x_wconf 88' lang='lat' dir='ltr'><strong>iuvi</strong></span> <span class='ocrx_word' id='word_1_63' title='bbox 295 1817 454 1888; x_wconf 88' lang='lat' dir='ltr'><strong>hortatus</strong></span> <span class='ocrx_word' id='word_1_64' title='bbox 475 1827 512 1887; x_wconf 86' lang='lat' dir='ltr'><strong>nt</strong></span> <span class='ocrx_word' id='word_1_65' title='bbox 534 1816 716 1888; x_wconf 87' lang='lat' dir='ltr'><strong>scriberes.</strong></span> <span class='ocrx_word' id='word_1_66' title='bbox 738 1817 887 1886; x_wconf 87' lang='lat' dir='ltr'><strong>Paruisti</strong></span> <span class='ocrx_word' id='word_1_67' title='bbox 907 1816 1056 1900; x_wconf 87' lang='lat' dir='ltr'><strong>tandem,</strong></span> <span class='ocrx_word' id='word_1_68' title='bbox 1080 1838 1160 1888; x_wconf 90' lang='lat' dir='ltr'><strong>sero</strong></span> <span class='ocrx_word' id='word_1_69' title='bbox 1180 1818 1272 1888; x_wconf 90' lang='lat' dir='ltr'><strong>licet.</strong></span> 
     </span>
     <span class='ocr_line' id='line_1_12' title="bbox 196 1938 1275 2034; baseline -0.001 -23"><span class='ocrx_word' id='word_1_70' title='bbox 196 1943 316 2034; x_wconf 84' lang='lat' dir='ltr'><strong>ltaque</strong></span> <span class='ocrx_word' id='word_1_71' title='bbox 330 1941 480 2023; x_wconf 90' lang='lat' dir='ltr'><strong>tametsi,</strong></span> <span class='ocrx_word' id='word_1_72' title='bbox 495 1941 588 2032; x_wconf 91' lang='lat' dir='ltr'><strong>quod</strong></span> <span class='ocrx_word' id='word_1_73' title='bbox 601 1941 720 2023; x_wconf 89' lang='lat' dir='ltr'><strong>nolim,</strong></span> <span class='ocrx_word' id='word_1_74' title='bbox 740 1951 835 2011; x_wconf 88' lang='lat' dir='ltr'><strong>tuum</strong></span> <span class='ocrx_word' id='word_1_75' title='bbox 857 1961 982 2010; x_wconf 89' lang='lat' dir='ltr'><strong>nomen</strong></span> <span class='ocrx_word' id='word_1_76' title='bbox 998 1938 1089 2009; x_wconf 86' lang='lat' dir='ltr'><strong>inter</strong></span> <span class='ocrx_word' id='word_1_77' title='bbox 1109 1962 1209 2012; x_wconf 90' lang='lat' dir='ltr'><strong>meas</strong></span> <span class='ocrx_word' id='word_1_78' title='bbox 1223 1942 1275 2011; x_wconf 86' lang='lat' dir='ltr'><strong>ta·</strong></span> 
     </span>
     <span class='ocr_line' id='line_1_13' title="bbox 195 2060 1275 2156; baseline -0.005 -20"><span class='ocrx_word' id='word_1_79' title='bbox 195 2068 348 2136; x_wconf 87' lang='lat' dir='ltr'><strong>miliares</strong></span> <span class='ocrx_word' id='word_1_80' title='bbox 378 2063 541 2156; x_wconf 85' lang='lat' dir='ltr'><strong>epistolas</strong></span> <span class='ocrx_word' id='word_1_81' title='bbox 562 2084 733 2155; x_wconf 86' lang='lat' dir='ltr'><strong>nusquam</strong></span> <span class='ocrx_word' id='word_1_82' title='bbox 752 2063 919 2133; x_wconf 89' lang='lat' dir='ltr'><strong>hactenus</strong></span> <span class='ocrx_word' id='word_1_83' title='bbox 940 2063 1067 2132; x_wconf 92' lang='lat' dir='ltr'><strong>lectum</strong></span> <span class='ocrx_word' id='word_1_84' title='bbox 1089 2060 1145 2144; x_wconf 85' lang='lat' dir='ltr'><strong>sit,</strong></span> <span class='ocrx_word' id='word_1_85' title='bbox 1170 2063 1201 2131; x_wconf 93' lang='lat' dir='ltr'><strong>si</strong></span> <span class='ocrx_word' id='word_1_86' title='bbox 1225 2072 1275 2132; x_wconf 91' lang='lat' dir='ltr'><strong>ta-</strong></span> 
     </span>
     <span class='ocr_line' id='line_1_14' title="bbox 196 2186 1274 2280; baseline -0.002 -21"><span class='ocrx_word' id='word_1_87' title='bbox 196 2197 277 2259; x_wconf 87' lang='lat' dir='ltr'><strong>men</strong></span> <span class='ocrx_word' id='word_1_88' title='bbox 295 2190 367 2258; x_wconf 90' lang='lat' dir='ltr'><strong>vita</strong></span> <span class='ocrx_word' id='word_1_89' title='bbox 393 2189 528 2277; x_wconf 80' lang='lat' dir='ltr'><strong>longior</strong></span> <span class='ocrx_word' id='word_1_90' title='bbox 547 2186 665 2270; x_wconf 84' lang='lat' dir='ltr'><strong>fuerit,</strong></span> <span class='ocrx_word' id='word_1_91' title='bbox 693 2187 783 2256; x_wconf 84' lang='lat' dir='ltr'><strong>inter</strong></span> <span class='ocrx_word' id='word_1_92' title='bbox 803 2187 945 2268; x_wconf 68' lang='lat' dir='ltr'><strong>seniles</strong></span> <span class='ocrx_word' id='word_1_93' title='bbox 973 2187 1023 2256; x_wconf 92' lang='lat' dir='ltr'><strong>sic</strong></span> <span class='ocrx_word' id='word_1_94' title='bbox 1043 2207 1170 2280; x_wconf 91' lang='lat' dir='ltr'><strong>nempe</strong></span> <span class='ocrx_word' id='word_1_95' title='bbox 1191 2207 1274 2279; x_wconf 86' lang='lat' dir='ltr'><strong>quae</strong></span> 
     </span>
     <span class='ocr_line' id='line_1_15' title="bbox 197 2306 1275 2399; baseline -0.001 -19"><span class='ocrx_word' id='word_1_96' title='bbox 197 2319 330 2382; x_wconf 85' lang='lat' dir='ltr'><strong>restant</strong></span> <span class='ocrx_word' id='word_1_97' title='bbox 350 2330 453 2392; x_wconf 90' lang='lat' dir='ltr'><strong>voco,</strong></span> <span class='ocrx_word' id='word_1_98' title='bbox 475 2311 563 2379; x_wconf 84' lang='lat' dir='ltr'><strong>sorte</strong></span> <span class='ocrx_word' id='word_1_99' title='bbox 576 2307 706 2399; x_wconf 88' lang='lat' dir='ltr'><strong>saepius</strong></span> <span class='ocrx_word' id='word_1_100' title='bbox 719 2309 862 2397; x_wconf 90' lang='lat' dir='ltr'><strong>legetur.</strong></span> <span class='ocrx_word' id='word_1_101' title='bbox 884 2306 972 2378; x_wconf 89' lang='lat' dir='ltr'><strong>Vicit</strong></span> <span class='ocrx_word' id='word_1_102' title='bbox 992 2328 1073 2378; x_wconf 87' lang='lat' dir='ltr'><strong>ecce</strong></span> <span class='ocrx_word' id='word_1_103' title='bbox 1091 2330 1190 2378; x_wconf 87' lang='lat' dir='ltr'><strong>amor</strong></span> <span class='ocrx_word' id='word_1_104' title='bbox 1213 2330 1275 2379; x_wconf 91' lang='lat' dir='ltr'><strong>ve-</strong></span> 
     </span>
     <span class='ocr_line' id='line_1_16' title="bbox 198 2429 1274 2521; baseline 0.001 -20"><span class='ocrx_word' id='word_1_105' title='bbox 198 2431 415 2512; x_wconf 86' lang='lat' dir='ltr'><strong>recundiam,</strong></span> <span class='ocrx_word' id='word_1_106' title='bbox 438 2441 473 2501; x_wconf 85' lang='lat' dir='ltr'><strong>et</strong></span> <span class='ocrx_word' id='word_1_107' title='bbox 494 2431 550 2500; x_wconf 88' lang='lat' dir='ltr'><strong>illa</strong></span> <span class='ocrx_word' id='word_1_108' title='bbox 570 2430 640 2500; x_wconf 90' lang='lat' dir='ltr'><strong>iam</strong></span> <span class='ocrx_word' id='word_1_109' title='bbox 662 2429 828 2501; x_wconf 90' lang='lat' dir='ltr'><strong>studiosis</strong></span> <span class='ocrx_word' id='word_1_110' title='bbox 840 2431 963 2502; x_wconf 90' lang='lat' dir='ltr'><strong>animis</strong></span> <span class='ocrx_word' id='word_1_111' title='bbox 978 2430 1119 2521; x_wconf 90' lang='lat' dir='ltr'><strong>indigna</strong></span> <span class='ocrx_word' id='word_1_112' title='bbox 1140 2431 1274 2521; x_wconf 82' lang='lat' dir='ltr'><strong>glacies</strong></span> 
     </span>
     <span class='ocr_line' id='line_1_17' title="bbox 195 2553 1275 2636; baseline 0 -12"><span class='ocrx_word' id='word_1_113' title='bbox 195 2558 304 2626; x_wconf 85' lang='lat' dir='ltr'><strong>fracta</strong></span> <span class='ocrx_word' id='word_1_114' title='bbox 324 2564 388 2624; x_wconf 88' lang='lat' dir='ltr'><strong>est.</strong></span> <span class='ocrx_word' id='word_1_115' title='bbox 402 2554 478 2623; x_wconf 91' lang='lat' dir='ltr'><strong>Non</strong></span> <span class='ocrx_word' id='word_1_116' title='bbox 495 2554 623 2633; x_wconf 82' lang='lat' dir='ltr'><strong>trustra</strong></span> <span class='ocrx_word' id='word_1_117' title='bbox 637 2574 760 2624; x_wconf 90' lang='lat' dir='ltr'><strong>manus</strong></span> <span class='ocrx_word' id='word_1_118' title='bbox 777 2553 821 2623; x_wconf 91' lang='lat' dir='ltr'><strong>ad</strong></span> <span class='ocrx_word' id='word_1_119' title='bbox 835 2556 1003 2626; x_wconf 91' lang='lat' dir='ltr'><strong>calamum</strong></span> <span class='ocrx_word' id='word_1_120' title='bbox 1018 2553 1170 2636; x_wconf 74' lang='lat' dir='ltr'><strong>venerit,</strong></span> <span class='ocrx_word' id='word_1_121' title='bbox 1186 2557 1275 2626; x_wconf 90' lang='lat' dir='ltr'><strong>scri-</strong></span> 
     </span>
     <span class='ocr_line' id='line_1_18' title="bbox 197 2674 1273 2771; baseline 0.002 -27"><span class='ocrx_word' id='word_1_122' title='bbox 197 2676 261 2747; x_wconf 90' lang='lat' dir='ltr'><strong>bes</strong></span> <span class='ocrx_word' id='word_1_123' title='bbox 280 2696 397 2767; x_wconf 90' lang='lat' dir='ltr'><strong>spero,</strong></span> <span class='ocrx_word' id='word_1_124' title='bbox 416 2696 539 2767; x_wconf 91' lang='lat' dir='ltr'><strong>eoque,</strong></span> <span class='ocrx_word' id='word_1_125' title='bbox 554 2677 590 2745; x_wconf 93' lang='lat' dir='ltr'><strong>ni</strong></span> <span class='ocrx_word' id='word_1_126' title='bbox 606 2676 715 2760; x_wconf 86' lang='lat' dir='ltr'><strong>fallor,</strong></span> <span class='ocrx_word' id='word_1_127' title='bbox 730 2674 866 2746; x_wconf 90' lang='lat' dir='ltr'><strong>avidius</strong></span> <span class='ocrx_word' id='word_1_128' title='bbox 884 2700 954 2771; x_wconf 88' lang='lat' dir='ltr'><strong>quo</strong></span> <span class='ocrx_word' id='word_1_129' title='bbox 973 2678 1085 2749; x_wconf 90' lang='lat' dir='ltr'><strong>serius</strong></span> <span class='ocrx_word' id='word_1_130' title='bbox 1099 2676 1273 2770; x_wconf 85' lang='lat' dir='ltr'><strong>incepisti,</strong></span> 
     </span>
     <span class='ocr_line' id='line_1_19' title="bbox 195 2798 1273 2892; baseline 0.003 -25"><span class='ocrx_word' id='word_1_131' title='bbox 195 2800 559 2891; x_wconf 86' lang='lat' dir='ltr'><strong>properanslongaeva</strong></span> <span class='ocrx_word' id='word_1_132' title='bbox 573 2798 709 2869; x_wconf 89' lang='lat' dir='ltr'><strong>silentia</strong></span> <span class='ocrx_word' id='word_1_133' title='bbox 719 2798 852 2871; x_wconf 90' lang='lat' dir='ltr'><strong>crebris</strong></span> <span class='ocrx_word' id='word_1_134' title='bbox 869 2801 1064 2872; x_wconf 87' lang='lat' dir='ltr'><strong>instaurare</strong></span> <span class='ocrx_word' id='word_1_135' title='bbox 1074 2800 1273 2892; x_wconf 89' lang='lat' dir='ltr'><strong>colloquiis.</strong></span> 
     </span>
     <span class='ocr_line' id='line_1_20' title="bbox 195 2921 1277 3018; baseline 0.004 -28"><span class='ocrx_word' id='word_1_136' title='bbox 195 2921 296 3004; x_wconf 85' lang='lat' dir='ltr'><strong>Quod</strong></span> <span class='ocrx_word' id='word_1_137' title='bbox 309 2921 480 3006; x_wconf 76' lang='lat' dir='ltr'><strong>miccius,</strong></span> <span class='ocrx_word' id='word_1_138' title='bbox 504 2945 592 2994; x_wconf 92' lang='lat' dir='ltr'><strong>neve</strong></span> <span class='ocrx_word' id='word_1_139' title='bbox 612 2922 737 3016; x_wconf 91' lang='lat' dir='ltr'><strong>aliquis</strong></span> <span class='ocrx_word' id='word_1_140' title='bbox 760 2933 876 3018; x_wconf 89' lang='lat' dir='ltr'><strong>torpor</strong></span> <span class='ocrx_word' id='word_1_141' title='bbox 897 2923 964 2994; x_wconf 92' lang='lat' dir='ltr'><strong>sub</strong></span> <span class='ocrx_word' id='word_1_142' title='bbox 983 2923 1128 2995; x_wconf 90' lang='lat' dir='ltr'><strong>obtentu</strong></span> <span class='ocrx_word' id='word_1_143' title='bbox 1149 2923 1277 2994; x_wconf 92' lang='lat' dir='ltr'><strong>mode-</strong></span> 
     </span>
     <span class='ocr_line' id='line_1_21' title="bbox 196 3046 1274 3137; baseline 0 -20"><span class='ocrx_word' id='word_1_144' title='bbox 196 3047 272 3118; x_wconf 87' lang='lat' dir='ltr'><strong>stiae</strong></span> <span class='ocrx_word' id='word_1_145' title='bbox 289 3048 415 3117; x_wconf 91' lang='lat' dir='ltr'><strong>iterum</strong></span> <span class='ocrx_word' id='word_1_146' title='bbox 436 3049 670 3137; x_wconf 81' lang='lat' dir='ltr'><strong>congelascat,</strong></span> <span class='ocrx_word' id='word_1_147' title='bbox 693 3046 837 3118; x_wconf 91' lang='lat' dir='ltr'><strong>brevem</strong></span> <span class='ocrx_word' id='word_1_148' title='bbox 857 3046 902 3118; x_wconf 91' lang='lat' dir='ltr'><strong>de</strong></span> <span class='ocrx_word' id='word_1_149' title='bbox 920 3056 953 3118; x_wconf 92' lang='lat' dir='ltr'><strong>te</strong></span> <span class='ocrx_word' id='word_1_150' title='bbox 973 3047 1179 3118; x_wconf 89' lang='lat' dir='ltr'><strong>sententiam</strong></span> <span class='ocrx_word' id='word_1_151' title='bbox 1193 3047 1274 3117; x_wconf 91' lang='lat' dir='ltr'><strong>eius</strong></span> 
     </span>
     <span class='ocr_line' id='line_1_22' title="bbox 196 3167 1276 3265; baseline -0.002 -26"><span class='ocrx_word' id='word_1_152' title='bbox 196 3190 306 3262; x_wconf 88' lang='lat' dir='ltr'><strong>aquo</strong></span> <span class='ocrx_word' id='word_1_153' title='bbox 328 3168 469 3239; x_wconf 89' lang='lat' dir='ltr'><strong>minime</strong></span> <span class='ocrx_word' id='word_1_154' title='bbox 489 3170 559 3240; x_wconf 84' lang='lat' dir='ltr'><strong>falli</strong></span> <span class='ocrx_word' id='word_1_155' title='bbox 577 3169 677 3241; x_wconf 89' lang='lat' dir='ltr'><strong>times</strong></span> <span class='ocrx_word' id='word_1_156' title='bbox 703 3170 837 3265; x_wconf 83' lang='lat' dir='ltr'><strong>accipe,</strong></span> <span class='ocrx_word' id='word_1_157' title='bbox 863 3194 927 3243; x_wconf 93' lang='lat' dir='ltr'><strong>nec</strong></span> <span class='ocrx_word' id='word_1_158' title='bbox 953 3180 1114 3262; x_wconf 89' lang='lat' dir='ltr'><strong>suspecta</strong></span> <span class='ocrx_word' id='word_1_159' title='bbox 1134 3167 1276 3239; x_wconf 87' lang='lat' dir='ltr'><strong>videbi-</strong></span> 
     </span>
     <span class='ocr_line' id='line_1_23' title="bbox 196 3291 1276 3386; baseline 0 -23"><span class='ocrx_word' id='word_1_160' title='bbox 196 3303 263 3364; x_wconf 89' lang='lat' dir='ltr'><strong>tur.</strong></span> <span class='ocrx_word' id='word_1_161' title='bbox 282 3293 389 3364; x_wconf 87' lang='lat' dir='ltr'><strong>Multa</strong></span> <span class='ocrx_word' id='word_1_162' title='bbox 411 3292 552 3384; x_wconf 91' lang='lat' dir='ltr'><strong>quidem</strong></span> <span class='ocrx_word' id='word_1_163' title='bbox 564 3293 788 3386; x_wconf 86' lang='lat' dir='ltr'><strong>requiruntur</strong></span> <span class='ocrx_word' id='word_1_164' title='bbox 801 3292 845 3364; x_wconf 91' lang='lat' dir='ltr'><strong>ad</strong></span> <span class='ocrx_word' id='word_1_165' title='bbox 859 3292 1078 3365; x_wconf 90' lang='lat' dir='ltr'><strong>scribendum</strong></span> <span class='ocrx_word' id='word_1_166' title='bbox 1099 3291 1199 3363; x_wconf 90' lang='lat' dir='ltr'><strong>bene.</strong></span> <span class='ocrx_word' id='word_1_167' title='bbox 1216 3295 1276 3363; x_wconf 91' lang='lat' dir='ltr'><strong>ln-</strong></span> 
     </span>
     <span class='ocr_line' id='line_1_24' title="bbox 196 3417 1274 3509; baseline -0.001 -20"><span class='ocrx_word' id='word_1_168' title='bbox 196 3417 351 3509; x_wconf 89' lang='lat' dir='ltr'><strong>genium,</strong></span> <span class='ocrx_word' id='word_1_169' title='bbox 379 3417 562 3509; x_wconf 88' lang='lat' dir='ltr'><strong>disciplina</strong></span> <span class='ocrx_word' id='word_1_170' title='bbox 586 3439 626 3487; x_wconf 88' lang='lat' dir='ltr'><strong>ac</strong></span> <span class='ocrx_word' id='word_1_171' title='bbox 651 3417 772 3488; x_wconf 87' lang='lat' dir='ltr'><strong>notitia</strong></span> <span class='ocrx_word' id='word_1_172' title='bbox 797 3418 984 3487; x_wconf 90' lang='lat' dir='ltr'><strong>multarum</strong></span> <span class='ocrx_word' id='word_1_173' title='bbox 1009 3425 1112 3507; x_wconf 90' lang='lat' dir='ltr'><strong>atque</strong></span> <span class='ocrx_word' id='word_1_174' title='bbox 1137 3438 1274 3488; x_wconf 88' lang='lat' dir='ltr'><strong>memo-</strong></span> 
     </span>
     <span class='ocr_line' id='line_1_25' title="bbox 195 3538 1271 3635; baseline -0.003 -26"><span class='ocrx_word' id='word_1_175' title='bbox 195 3539 354 3612; x_wconf 92' lang='lat' dir='ltr'><strong>rabilium</strong></span> <span class='ocrx_word' id='word_1_176' title='bbox 368 3562 500 3610; x_wconf 90' lang='lat' dir='ltr'><strong>rerum:</strong></span> <span class='ocrx_word' id='word_1_177' title='bbox 514 3541 663 3635; x_wconf 89' lang='lat' dir='ltr'><strong>impetus</strong></span> <span class='ocrx_word' id='word_1_178' title='bbox 678 3539 932 3634; x_wconf 90' lang='lat' dir='ltr'><strong>quodammodo</strong></span> <span class='ocrx_word' id='word_1_179' title='bbox 947 3541 1023 3610; x_wconf 91' lang='lat' dir='ltr'><strong>sive</strong></span> <span class='ocrx_word' id='word_1_180' title='bbox 1036 3538 1138 3609; x_wconf 87' lang='lat' dir='ltr'><strong>ardor</strong></span> <span class='ocrx_word' id='word_1_181' title='bbox 1151 3538 1271 3623; x_wconf 90' lang='lat' dir='ltr'><strong>animi,</strong></span> 
     </span>
     <span class='ocr_line' id='line_1_26' title="bbox 196 3659 1273 3758; baseline -0.001 -24"><span class='ocrx_word' id='word_1_182' title='bbox 196 3667 255 3756; x_wconf 91' lang='lat' dir='ltr'><strong>qui</strong></span> <span class='ocrx_word' id='word_1_183' title='bbox 273 3664 425 3734; x_wconf 88' lang='lat' dir='ltr'><strong>maxime</strong></span> <span class='ocrx_word' id='word_1_184' title='bbox 446 3664 668 3758; x_wconf 85' lang='lat' dir='ltr'><strong>poetantibus</strong></span> <span class='ocrx_word' id='word_1_185' title='bbox 681 3662 900 3734; x_wconf 88' lang='lat' dir='ltr'><strong>necessarius</strong></span> <span class='ocrx_word' id='word_1_186' title='bbox 914 3663 1094 3733; x_wconf 90' lang='lat' dir='ltr'><strong>iudicatur.</strong></span> <span class='ocrx_word' id='word_1_187' title='bbox 1116 3659 1170 3730; x_wconf 87' lang='lat' dir='ltr'><strong>Ad</strong></span> <span class='ocrx_word' id='word_1_188' title='bbox 1191 3661 1273 3733; x_wconf 86' lang='lat' dir='ltr'><strong>baec</strong></span> 
     </span>
     <span class='ocr_line' id='line_1_27' title="bbox 196 3783 1272 3881; baseline -0.002 -23"><span class='ocrx_word' id='word_1_189' title='bbox 196 3798 232 3858; x_wconf 89' lang='lat' dir='ltr'><strong>et</strong></span> <span class='ocrx_word' id='word_1_190' title='bbox 255 3788 418 3859; x_wconf 90' lang='lat' dir='ltr'><strong>valetudo</strong></span> <span class='ocrx_word' id='word_1_191' title='bbox 451 3787 603 3881; x_wconf 88' lang='lat' dir='ltr'><strong>corporis</strong></span> <span class='ocrx_word' id='word_1_192' title='bbox 630 3808 812 3880; x_wconf 90' lang='lat' dir='ltr'><strong>prospera,</strong></span> <span class='ocrx_word' id='word_1_193' title='bbox 845 3796 880 3856; x_wconf 90' lang='lat' dir='ltr'><strong>et</strong></span> <span class='ocrx_word' id='word_1_194' title='bbox 905 3787 1050 3857; x_wconf 86' lang='lat' dir='ltr'><strong>fortunae</strong></span> <span class='ocrx_word' id='word_1_195' title='bbox 1077 3783 1201 3856; x_wconf 85' lang='lat' dir='ltr'><strong>modus</strong></span> <span class='ocrx_word' id='word_1_196' title='bbox 1230 3808 1272 3856; x_wconf 91' lang='lat' dir='ltr'><strong>ac</strong></span> 
     </span>
     <span class='ocr_line' id='line_1_28' title="bbox 196 3908 1270 4007; baseline -0.005 -26"><span class='ocrx_word' id='word_1_197' title='bbox 196 3911 415 3981; x_wconf 84' lang='lat' dir='ltr'><strong>mediocritas</strong></span> <span class='ocrx_word' id='word_1_198' title='bbox 437 3909 586 4002; x_wconf 88' lang='lat' dir='ltr'><strong>quidem,</strong></span> <span class='ocrx_word' id='word_1_199' title='bbox 615 3931 679 3979; x_wconf 92' lang='lat' dir='ltr'><strong>nec</strong></span> <span class='ocrx_word' id='word_1_200' title='bbox 702 3909 847 3993; x_wconf 86' lang='lat' dir='ltr'><strong>divitiae,</strong></span> <span class='ocrx_word' id='word_1_201' title='bbox 875 3932 940 3981; x_wconf 89' lang='lat' dir='ltr'><strong>neo</strong></span> <span class='ocrx_word' id='word_1_202' title='bbox 960 3919 1158 4007; x_wconf 86' lang='lat' dir='ltr'><strong>paupertas,</strong></span> <span class='ocrx_word' id='word_1_203' title='bbox 1182 3908 1270 3977; x_wconf 84' lang='lat' dir='ltr'><strong>vitae</strong></span> 
     </span>
     <span class='ocr_line' id='line_1_29' title="bbox 196 4031 1269 4127; baseline -0.001 -25"><span class='ocrx_word' id='word_1_204' title='bbox 196 4034 437 4126; x_wconf 69' lang='lat' dir='ltr'><strong>tranquillitas</strong></span> <span class='ocrx_word' id='word_1_205' title='bbox 459 4032 549 4104; x_wconf 91' lang='lat' dir='ltr'><strong>bona</strong></span> <span class='ocrx_word' id='word_1_206' title='bbox 571 4054 669 4103; x_wconf 90' lang='lat' dir='ltr'><strong>mens</strong></span> <span class='ocrx_word' id='word_1_207' title='bbox 691 4033 936 4125; x_wconf 88' lang='lat' dir='ltr'><strong>cogitationum</strong></span> <span class='ocrx_word' id='word_1_208' title='bbox 950 4037 1058 4127; x_wconf 87' lang='lat' dir='ltr'><strong>plena</strong></span> <span class='ocrx_word' id='word_1_209' title='bbox 1084 4031 1269 4120; x_wconf 90' lang='lat' dir='ltr'><strong>nobilium,</strong></span> 
     </span>
     <span class='ocr_line' id='line_1_30' title="bbox 198 4155 1269 4250; baseline 0.004 -25"><span class='ocrx_word' id='word_1_210' title='bbox 198 4155 356 4239; x_wconf 84' lang='lat' dir='ltr'><strong>solitudo,</strong></span> <span class='ocrx_word' id='word_1_211' title='bbox 392 4159 497 4228; x_wconf 88' lang='lat' dir='ltr'><strong>otium</strong></span> <span class='ocrx_word' id='word_1_212' title='bbox 538 4179 577 4228; x_wconf 91' lang='lat' dir='ltr'><strong>ac</strong></span> <span class='ocrx_word' id='word_1_213' title='bbox 609 4155 764 4243; x_wconf 77' lang='lat' dir='ltr'><strong>liberlaS,</strong></span> <span class='ocrx_word' id='word_1_214' title='bbox 800 4156 1269 4250; x_wconf 85' lang='lat' dir='ltr'><strong>etquaesuntbissimilia;</strong></span> 
     </span>
    </p>
   </div>
   <div class='ocr_carea' id='block_1_5' title="bbox 0 0 1472 4650">
    <p class='ocr_par' dir='ltr' id='par_1_5' title="bbox 0 0 1472 4650">
     <span class='ocr_line' id='line_1_31' title="bbox 0 0 1472 4650; baseline 0 0"><span class='ocrx_word' id='word_1_215' title='bbox 0 0 1472 4650; x_wconf 95' lang='lat' dir='ltr'><strong> </strong></span> 
     </span>
    </p>
   </div>
  </div>
 </body>
</html>
