2934 4650
562 334 714 382 nnrsnonn
736 335 832 382 xxxrr.
1168 321 1224 381 380
1249 334 1251 336 ·

152 500 221 578 non
243 488 355 550 tamen
377 488 521 548 catenus
543 490 581 549 ut
601 477 684 548 lietu
706 479 789 561 solo,
814 478 877 548 sed
897 467 933 548 ut
950 477 1066 568 gladio
1087 471 1225 571 proprio

120 604 130 618 ”
151 601 348 685 confossus,
372 602 463 672 saltu
484 601 765 694 etiampracceps
787 603 821 670 in
842 601 976 672 medios
1002 602 1144 686 lluctus,
1165 625 1226 695 'ge-

151 724 244 795 mina
265 726 362 795 velut
381 733 498 809 morte,
522 722 780 816 procumberet:
802 723 896 815 quod
916 745 1029 815 genus
1046 725 1181 807 mortis,
1205 748 1226 797 c

151 849 268 932 Paule,
292 849 421 919 utinam
448 868 548 917 esses
570 847 734 917 imitatus.
757 846 812 916 Sic
836 848 942 929 enim,
965 847 1031 918 nisi
1052 849 1164 930 fallor,
1192 860 1227 920 et

151 970 311 1062 parcius,
343 978 378 1039 et
411 971 564 1062 prolecto
593 968 727 1040 virilius
760 969 956 1041 doluisses:
988 972 1104 1040 nullus
1133 973 1225 1042 enirn

129 1146 131 1151 ,
152 1094 260 1165 maior
276 1091 375 1162 dolor
394 1114 498 1184 quarn
516 1092 576 1184 qui
598 1116 665 1164 non
685 1102 765 1185 eget
782 1093 927 1181 auxilio,
945 1115 1006 1165 nec
1024 1093 1227 1187 circumspi-

151 1214 197 1285 cit
216 1216 459 1298 instrumenta,
484 1215 545 1287 sed
571 1215 616 1287 ad
638 1216 847 1287 inferendam
871 1227 1016 1288 mortem
1039 1219 1132 1286 solus
1156 1219 1226 1287 sul-

152 1336 231 1409 ficit.
255 1336 309 1408 Ad
335 1337 409 1409 haec
436 1350 470 1409 et
496 1317 675 1411 honestius
702 1339 778 1410 viro
803 1350 869 1419 est,
897 1337 1100 1409 vulneribus
1121 1361 1225 1431 quarn

151 1462 301 1533 lacrimis
331 1463 427 1533 mori.
458 1463 557 1532 Hunc
593 1462 747 1533 dolorem
785 1474 820 1532 et
847 1461 911 1531 has
949 1463 1106 1532 lacrimas
1144 1483 1226 1533 con-

151 1559 359 1679 sumptrices
379 1584 472 1677 apud
493 1586 679 1668 Lucanum,
706 1597 741 1656 ut
767 1606 906 1655 rursum
929 1583 973 1654 ad
995 1587 1108 1656 luctus
1129 1586 1225 1656 lemi-

152 1730 234 1780 neos
257 1717 490 1791 revertamur,
513 1708 720 1803 Pompeiana
744 1729 833 1778 uxor
854 1707 994 1799 optabat
1016 1709 1073 1778 ubi
1095 1710 1157 1779 ait:

312 1953 411 2032 Turpe
427 1953 507 2014 mori
525 1957 636 2030 postte
654 1952 717 2012 solo
737 1969 794 2012 non
812 1968 899 2029 posse
916 1952 1030 2013 dolore.

149 2195 227 2288 lpsa
251 2203 365 2266 tamen
394 2194 468 2265 haec
495 2192 614 2264 dicens
648 2194 751 2276 vixit,
788 2194 877 2264 sicut
910 2193 1047 2264 Hecuba
1076 2195 1165 2264 vixit
1190 2210 1224 2267 et

149 2298 492 2410 Andromachepost
508 2317 666 2408 coniugis
687 2326 722 2387 et
742 2327 900 2388 natorum
921 2326 1059 2387 mortes.
1077 2319 1221 2388 Multum

146 2438 233 2512 filios
256 2444 375 2513 multae
396 2430 569 2512 fleverunt
595 2450 740 2525 matres
764 2440 828 2512 sed
849 2442 926 2533 plus
952 2439 1112 2511 omnibus
1133 2442 1223 2511 lilar-

145 2565 266 2636 cellum
288 2574 401 2635 mater
427 2563 586 2644 Octavia,
615 2563 765 2655 Augusti
787 2584 900 2649 soror,
919 2584 1000 2656 quae
1037 2563 1112 2635 talis
1147 2575 1223 2636 tan-

146 2692 259 2781 taeque
281 2688 356 2781 spei
379 2683 449 2757 filio
474 2686 621 2768 amisse,
654 2690 792 2780 qualem
823 2689 954 2758 nullum
990 2688 1107 2759 Romae
1138 2711 1223 2782 pue-

146 2834 222 2883 rum
243 2792 353 2881 fuisse
373 2810 542 2901 Virgilius
575 2818 717 2880 aeternae
751 2809 926 2878 memoriae
961 2810 1126 2879 mandare
1152 2835 1220 2883 non

147 2931 273 3014 timuit,
296 2932 390 3000 omni
412 2920 538 3002 solatio
568 2932 716 3011 reiecto,
742 2928 952 2999 intenebris
978 2932 1221 3026 perpetuisque

147 3048 335 3142 gemitibus
361 3067 479 3123 aevum
512 3052 604 3143 egit:
637 3049 863 3144 pertinaciter
888 3050 1009 3121 infelix
1036 3055 1148 3125 omnis
1176 3056 1222 3126 illi

145 3175 259 3246 laetior
279 3175 440 3258 habituS,
463 3163 564 3246 omne
579 3173 699 3243 'minus
726 3172 821 3242 triste
855 3172 1000 3245 verbum
1027 3175 1222 3251 irritamen-

147 3305 217 3368 tum
236 3298 377 3385 doloris,
397 3299 510 3371 omnis
532 3297 579 3369 illi
601 3297 797 3368 consolator
818 3294 927 3368 hostis
950 3299 1021 3368 fuit.
1043 3301 1221 3372 Postremo

145 3421 192 3493 ita
213 3442 349 3515 semper
374 3422 476 3508 vixit,
512 3432 550 3491 ut
580 3420 627 3491 ait
651 3410 795 3501 Seneca,
819 3421 898 3503 talis
921 3410 1143 3512 peromnem
1169 3423 1222 3490 vi-

146 3551 239 3627 tam,
262 3545 375 3637 qualis
407 3545 443 3616 in
475 3547 606 3615 funere.
628 3543 773 3613 Multum
800 3542 896 3613 llevit
922 3542 1015 3635 apud
1038 3543 1221 3634 ‘Virgilium

145 3676 258 3737 mater
291 3666 448 3762 Euryali,
488 3669 632 3737 multum
671 3665 763 3759 apud
801 3664 947 3736 Statium
977 3665 1097 3734 nutrix
1126 3666 1223 3737 flevit

144 3788 353 3861 Achemori:
388 3790 455 3859 illae
483 3780 598 3860 tamen
634 3787 712 3860 liliis
745 3790 869 3860 vixere
900 3789 1118 3879 superstites,
1148 3790 1221 3860 lraec

145 3914 294 3985 alumno.
317 3911 372 3984 Sic
395 3912 513 3983 fletum
532 3913 682 4005 legimus
699 3912 892 4003 Antigones
913 3918 948 3980 et
967 3910 1107 4002 Argiae:
1129 3932 1221 3983 mor-

147 4044 214 4105 tem
236 4058 304 4108 non
331 4036 500 4128 legimus:
531 4035 657 4108 mirum
692 4033 904 4129 superfuisse
931 4034 1135 4106 iuvenculas
1160 4036 1222 4108 do·

148 4155 220 4241 lori,
241 4159 294 4230 cui
318 4159 371 4230 vir
389 4160 486 4232 fortis
506 4179 691 4252 superesse
708 4159 914 4251 nequiverit.
933 4156 1044 4230 Flevit
1057 4148 1220 4232 Euadnes
