2934 4650
221 268 280 328 llll
685 285 848 333 tournebu

222 422 297 516 ipso
316 443 405 514 pene
424 432 601 514 portarum
631 422 759 504 limine,
782 434 818 495 et
838 424 873 492 in
891 434 1023 506 vestre,
1053 432 1092 494 ut
1117 424 1170 494 ila
1199 424 1318 509 dicam,

222 543 372 634 gremiO,
411 543 597 616 crudeliter
634 546 837 617 interiectus
870 556 934 617 esl.
975 547 1076 616 Heu!
1114 545 1179 616 vir
1204 544 1317 616 infelix

221 676 371 758 quantos
402 674 507 738 aetate
545 667 647 739 viridi
689 670 883 760 pertuleras
921 667 1094 740 labores?
1147 669 1315 751 Quotiens

222 787 338 879 ignota
360 798 529 860 terrarum
553 788 803 861 circumiveras
830 799 868 861 ul
893 790 1122 883 tranquillam
1146 792 1184 860 in
1206 792 1311 884 patria

224 920 282 980 tua
315 910 455 982 tandem
488 922 523 982 et
556 911 759 994 honoratam
793 934 917 1003 ageres
953 918 1205 985 senectutem?
1241 915 1311 998 Quo
1393 995 1394 1000 η

223 1033 342 1125 pergis
368 1033 437 1103 ahl
465 1033 573 1103 miser
589 1034 719 1126 fatique
745 1036 793 1105 lui
820 1035 954 1119 nescie,
981 1048 1017 1106 et
1042 1034 1182 1127 ubique
1210 1036 1311 1107 tutior

206 1155 327 1248 'quam
354 1157 389 1226 in
414 1156 526 1251 patria
551 1159 691 1228 luture‘.l
719 1158 797 1241 Quo
831 1158 970 1250 pergis?
1002 1157 1080 1240 Quo
1108 1160 1213 1230 ruis?
1239 1161 1310 1244 Quo

225 1277 422 1350 miserande
442 1279 607 1349 festinas?
628 1279 702 1349 Tibi
724 1279 861 1350 canitur
882 1280 1055 1373 poeticum
1078 1281 1196 1352 illud:

505 1467 590 1529 Fallit
608 1472 636 1528 te
653 1467 811 1529 incautum
827 1467 922 1547 pietas
938 1473 1000 1530 tua.

225 1641 311 1723 Quae
333 1663 411 1711 cum
434 1642 478 1712 sit
499 1663 625 1733 magna
646 1643 682 1712 in
702 1641 905 1736 parentibus
925 1649 960 1711 et
979 1641 1014 1710 in
1031 1642 1257 1734 propinquis,
1276 1655 1310 1714 ut

225 1764 273 1833 ait
298 1764 433 1847 Cicero,
457 1772 572 1836 tamen
594 1766 628 1834 in
650 1764 760 1855 patria
785 1764 941 1835 maxima
960 1773 1024 1833 est.
1048 1765 1109 1834 illa
1131 1773 1168 1834 te
1192 1766 1308 1858 procul

224 1886 331 1957 dubio
366 1885 524 1959 trahebat
558 1887 621 1957 soli
655 1886 781 1956 natalis
811 1885 1118 1956 amantissimum:
1139 1886 1309 1959 illuciam

225 2012 340 2081 senior
359 2009 500 2081 redibas
523 2009 613 2082 unde
630 2031 718 2103 puer
734 2030 958 2093 excesseras,
976 2020 1011 2078 el
1028 2007 1076 2077 illi
1094 2016 1216 2094 terrae,
1235 2030 1310 2102 quae

226 2143 260 2202 te
281 2131 446 2202 infantem
468 2142 627 2225 paverat,
651 2130 805 2221 fatigatae
817 2129 901 2199 vitae
923 2129 1086 2219 reliquias
1112 2129 1306 2210 referebas,

225 2251 369 2345 cupiens
385 2252 443 2323 ubi
456 2263 555 2325 ortus
572 2274 664 2335 eras,
684 2250 785 2335 mori,
804 2261 839 2322 et
856 2250 916 2321 ubi
935 2260 1140 2345 reptaveras
1160 2252 1308 2345 sepeliri.

226 2373 296 2445 Sed
315 2376 380 2447 ohl
405 2378 534 2459 scelus,
557 2374 621 2446 oh!
646 2376 836 2446 inhumana
857 2375 986 2446 feritas.
1009 2375 1310 2448 Truculentissimi

227 2495 393 2579 homines
416 2497 523 2568 immo
548 2519 634 2568 vero
658 2510 814 2569 cruentae
847 2505 882 2569 et
915 2497 1083 2566 immanes
1111 2495 1252 2582 belluae,
1281 2509 1310 2568 te

225 2616 460 2710 improvidum
498 2631 534 2689 et
571 2619 738 2689 inermem
775 2620 862 2690 ealle
900 2618 1016 2690 medio
1048 2620 1308 2710 expectabant:

226 2737 439 2811 horrendum
464 2753 499 2813 et
520 2741 677 2832 ignotum
699 2740 774 2812 orbi
796 2741 910 2813 italico
938 2740 1144 2834 praedonum
1181 2763 1308 2832 genus,

226 2862 284 2955 qui
319 2885 386 2934 non
418 2866 564 2937 saturati
587 2886 672 2936 auro
692 2867 924 2958 quiescerent,
947 2884 1029 2957 quae
1051 2885 1190 2935 summa
1210 2875 1311 2936 voto·

226 3009 304 3056 rum
325 2987 524 3082 raptoribus
547 3010 627 3060 esse
649 2992 754 3072 solet,
777 2989 847 3059 nisi
868 2986 1026 3058 sitienter
1048 2998 1145 3057 tuum
1168 2988 1311 3079 sangui-

226 3129 305 3178 nem
339 3109 535 3197 haurirent,
562 3124 597 3184 et
622 3123 827 3207 exoptatum
860 3110 1060 3200 ingressum
1093 3109 1217 3201 patriae
1251 3109 1311 3180 tibi

225 3231 453 3326 praeriperent
466 3256 506 3305 ac
519 3235 755 3327 sepulchrum.
770 3235 842 3304 Ob!
860 3234 953 3304 sitim
973 3230 1152 3322 sanguinis
1172 3232 1311 3304 inaudi-

202 3367 307 3428 tam.
338 3355 428 3441 Quid
461 3357 609 3449 amplius
636 3357 805 3448 quaeritis,
841 3355 1032 3427 saevissimi
1063 3357 1192 3424 canes?
1218 3355 1312 3439 Quid

225 3480 383 3570 quaeritis
403 3480 437 3549 in
459 3500 603 3570 corpore
625 3479 796 3570 spolialo‘?
820 3477 946 3550 Odium
972 3476 1113 3569 quidem
1139 3478 1251 3566 ignoti
1278 3490 1312 3550 et

225 3601 419 3672 innocentis
452 3599 603 3671 hominis
649 3621 714 3670 nec
749 3603 857 3671 ullum
883 3610 958 3671 erat
983 3610 1091 3682 certe,
1124 3620 1191 3668 nec
1226 3597 1311 3690 fingi

227 3738 370 3817 poterat.
392 3727 427 3796 Si
449 3726 523 3796 auri
546 3729 656 3796 fames
686 3747 772 3797 vera
800 3724 942 3796 sceleris
968 3730 1169 3806 causaest,
1198 3723 1313 3795 redite

226 3849 293 3920 iam
315 3851 435 3920 nefarii
455 3851 530 3922 voti
551 3859 729 3942 compotes
751 3847 794 3919 ad
814 3848 985 3942 praedam,
1016 3855 1051 3917 et
1076 3867 1208 3938 graves
1232 3867 1315 3938 spe-

226 3970 348 4042 luncas
369 3973 553 4042 criminum
573 3969 743 4053 officinas,
766 3970 882 4063 etqui
902 3970 971 4042 illio
993 3967 1184 4041 avidevos
1202 3990 1316 4061 expe-

227 4099 321 4163 ctant
340 4092 497 4186 hospites
518 4104 657 4165 vestros
679 4093 830 4166 invisite.
857 4091 964 4164 Sinite
990 4091 1123 4164 nudum
1156 4090 1316 4186 pedilem
