2730 4680
327 334 420 384 LIBER
440 334 830 386 trasiniis—ummah
852 337 912 385 xlv.
1119 325 1157 385 53

88 471 163 542 mihi
189 471 275 543 vitae
300 473 450 544 conditio
477 494 546 545 non
571 474 716 545 molesta
742 474 796 543 sit.
824 472 920 543 Hanc
945 493 1024 542 cum
1050 494 1157 566 prope

86 595 147 665 iam
162 594 325 666 manibus
338 594 611 688 apprehendisse
629 595 758 679 videar,
774 596 941 688 lectisque
954 594 1158 669 rudentibus

84 720 156 790 vela
176 717 405 812 deposuisse,
429 741 553 791 rursus
575 719 610 791 in
627 721 752 790 fretum
773 739 892 790 vocor.
914 718 989 790 Non
1010 741 1076 791 vos
1096 743 1159 792 au-

84 840 187 925 diam,
210 840 336 913 amici:
364 841 428 914 sed
453 841 560 914 orabo
586 842 700 935 potius
727 851 764 913 ut
788 839 934 912 dextras
960 841 1157 914 adhibeatis

82 965 196 1035 navim
218 963 414 1036 subducere
432 965 595 1037 molienti.
617 964 741 1035 Notum
763 961 925 1036 omnibus
943 960 1157 1037 desiderium

83 1111 212 1173 meum,
240 1100 320 1160 ante
346 1088 431 1160 alios
456 1087 529 1159 tibi.
556 1090 721 1160 Honestae
746 1087 962 1183 paupertatis
990 1098 1157 1182 appetens

83 1234 219 1306 semper
239 1212 310 1283 fui:
331 1234 456 1305 nempe
476 1213 592 1283 nullus
618 1211 753 1295 melior,
783 1212 898 1281 nullus
925 1192 1156 1303 tranquillior,

82 1328 195 1409 nullus
215 1337 367 1429 denique
388 1336 492 1407 tutior
512 1336 593 1408 vitae
613 1334 748 1406 modus.
772 1337 854 1406 Haec
874 1334 959 1405 mihi
987 1335 1157 1408 hactenus

83 1459 355 1553 conscriptorum
376 1469 512 1553 patrum
535 1470 654 1530 sancto
681 1457 807 1530 iudicio
833 1468 960 1549 negata
984 1472 1056 1545 est,
1078 1482 1158 1531 curn

83 1604 175 1676 saepe
195 1581 336 1653 divitias
349 1602 418 1653 non
434 1582 607 1674 negarint.
630 1581 781 1673 Causam
799 1581 885 1664 seio,
913 1581 1061 1676 ideoque
1084 1604 1156 1655 non

83 1707 196 1776 miror.
219 1705 295 1776 Non
315 1726 370 1775 me
391 1704 535 1777 divitem
555 1706 690 1788 volunt,
715 1704 777 1775 sed
795 1702 867 1776 voti
885 1716 1079 1797 compotem
1097 1727 1159 1776 no·

82 1832 162 1901 lunt.
182 1828 326 1911 Parebo,
347 1840 545 1922 sortemque
560 1850 673 1900 meam
688 1829 789 1898 laetus
811 1847 955 1919 sequar:
977 1849 1056 1898 nam
1074 1829 1155 1921 quis

83 1949 259 2022 hominum
280 1951 377 2022 novit
397 1950 482 2043 quid
493 1951 677 2043 expediat?
697 1972 809 2041 eoque
832 1971 888 2020 me
904 1948 1044 2020 solabor
1064 1950 1159 2042 quod

83 2073 248 2166 quidquid
269 2096 346 2144 sum
367 2097 429 2169 per
449 2079 509 2145 eos
532 2073 650 2167 utique
672 2095 740 2143 non
755 2093 834 2143 sum
848 2097 855 2154 ;
870 2074 1012 2163 Deoque
1026 2073 1158 2162 gratias

83 2217 192 2288 agam,
215 2196 277 2290 qui
294 2195 500 2289 absque'eis
525 2196 668 2268 vivendi
694 2204 815 2266 votum
841 2194 925 2264 mihi
950 2194 1158 2286 potentiam-

82 2341 144 2411 que
157 2319 317 2411 largitur.
334 2320 481 2391 Cessent
493 2319 666 2412 deinceps,
689 2340 752 2390 oro
769 2327 812 2401 te,
827 2315 1000 2398 laborum,
1019 2327 1159 2388 cessent

82 2445 297 2535 repulsarum
310 2462 438 2514 causae.
453 2442 528 2513 Scis
545 2442 613 2526 ubi,
631 2441 700 2514 scis
710 2441 858 2533 qualiter
877 2441 962 2511 mori
981 2441 1156 2532 optabam.

82 2564 169 2648 Quid
191 2564 270 2635 vis?
289 2565 325 2635 Si
342 2585 474 2659 pauper
493 2585 572 2637 esse
590 2563 795 2657 nequivero,
815 2563 917 2635 dives
931 2583 1013 2636 ero:
1035 2587 1158 2656 quam-

82 2689 132 2760 vis
152 2688 189 2758 in
214 2686 337 2760 mediis
363 2688 488 2782 opibus
513 2708 702 2783 pauperem
728 2687 852 2780 spiritu
877 2685 925 2756 nil
950 2697 1010 2758 aut
1036 2688 1158 2761 vivere

82 2811 264 2903 prohibeat
283 2822 343 2882 aut
361 2810 464 2896 mori,
483 2831 563 2904 quae
583 2831 653 2882 una
672 2821 859 2904 paupertas
879 2822 916 2880 et
939 2808 1081 2881 habenti
1105 2813 1157 2883 fa-

82 2933 152 3006 cilis
169 2946 206 3006 et
226 2931 384 3006 amabilis
404 2936 476 3004 Deo
496 2943 561 3006 est.
581 2935 627 3004 Et
645 2931 690 3004 de
703 2931 804 3005 nobis
818 2933 1000 3004 hactenus.
1014 2931 1157 3005 Zenobii

81 3057 292 3129 adscensum
312 3057 414 3127 laetus
435 3054 565 3128 audivi.
586 3054 675 3128 Amo
694 3055 870 3126 hominem
893 3047 1071 3148 amarique
1091 3077 1156 3128 nos

81 3178 123 3251 ab
141 3180 201 3250 illo
217 3190 336 3252 certus
357 3199 445 3250 sum.
466 3177 625 3251 Gratulor
643 3176 783 3271 quidem
802 3176 886 3264 sibi,
908 3176 977 3249 imo
999 3199 1068 3250 non
1088 3178 1156 3250 sibi

82 3302 142 3374 sed
160 3303 312 3373 fortunae
333 3321 420 3385 susa,
443 3321 506 3372 seu
525 3301 644 3373 verius
660 3312 803 3385 nostrae,
825 3301 885 3394 qui
906 3302 996 3396 inter
1018 3312 1067 3374 tot
1086 3326 1156 3375 non

81 3423 139 3494 Dei
153 3444 223 3494 non
237 3421 416 3493 bominum
428 3421 573 3507 amicos
591 3445 696 3494 unum
715 3425 838 3494 saltem
851 3421 1056 3495 habebimus
1070 3425 1156 3496 ami-

83 3566 179 3616 oum:
203 3543 271 3616 sibi
291 3565 377 3616 vero
396 3546 587 3638 compatior
606 3555 642 3616 et
661 3546 782 3631 Musis,
799 3566 881 3639 quae
896 3548 962 3616 tale
976 3546 1155 3638 ingenium

83 3689 146 3738 non
166 3668 283 3738 dicam
303 3668 463 3760 perdunt,
478 3668 541 3738 sed
556 3689 634 3739 cum
656 3667 808 3759 indignis
830 3666 1049 3741 consortibus
1075 3690 1156 3761 pau·-

85 3791 220 3863 tiuntur.
243 3792 347 3862 Plane
366 3791 488 3874 fateor,
510 3810 686 3862 crumenae
708 3793 764 3863 ille
788 3793 974 3874 consuluit,
1004 3791 1066 3862 sed
1091 3815 1156 3865 nec

86 3915 195 4002 lamae,
218 3936 282 3986 uec
303 3915 400 3998 vitae,
423 3925 461 3986 ut
479 3936 640 4006 auguror,
663 3936 726 3986 nec
739 3916 855 4006 quieti.
880 3915 923 3985 llt
943 3915 987 3985 oh
1005 3916 1156 4006 qualiter

87 4048 163 4110 eunt
182 4040 258 4110 resi
281 4038 358 4108 Non
378 4042 523 4109 multum
544 4046 681 4132 tempus
702 4038 870 4130 estquod
890 4038 965 4132 ipse
986 4037 1070 4108 mibi
1087 4042 1156 4112 lra-

88 4169 177 4234 terne
193 4159 417 4247 condolebat,
441 4181 564 4253 meque
585 4160 817 4254 praedulcibus
838 4162 967 4235 aculeis
988 4163 1153 4257 urgebat,
