<?xml version="1.0" encoding="UTF-8"?>
<!DOCTYPE html PUBLIC "-//W3C//DTD XHTML 1.0 Transitional//EN"
    "http://www.w3.org/TR/xhtml1/DTD/xhtml1-transitional.dtd">
<html xmlns="http://www.w3.org/1999/xhtml" xml:lang="en" lang="en">
 <head>
  <title>
</title>
<meta http-equiv="Content-Type" content="text/html;charset=utf-8" />
  <meta name='ocr-system' content='tesseract 3.04.00' />
  <meta name='ocr-capabilities' content='ocr_page ocr_carea ocr_par ocr_line ocrx_word'/>
</head>
<body>
  <div class='ocr_page' id='page_1' title='image "./franciscipetrar00fracgoog_0471.png"; bbox 0 0 2934 4650; ppageno 0'>
   <div class='ocr_carea' id='block_1_1' title="bbox 193 293 820 368">
    <p class='ocr_par' dir='ltr' id='par_1_1' title="bbox 193 293 820 368">
     <span class='ocr_line' id='line_1_1' title="bbox 193 293 820 368; baseline -0.005 -16"><span class='ocrx_word' id='word_1_1' title='bbox 193 293 249 354; x_wconf 77' lang='lat' dir='ltr'>tou</span> <span class='ocrx_word' id='word_1_2' title='bbox 457 361 460 368; x_wconf 47' lang='grc'>,</span> <span class='ocrx_word' id='word_1_3' title='bbox 659 302 820 351; x_wconf 72' lang='lat' dir='ltr'>vtamuuu</span> 
     </span>
    </p>
   </div>
   <div class='ocr_carea' id='block_1_2' title="bbox 192 446 1302 785">
    <p class='ocr_par' dir='ltr' id='par_1_2' title="bbox 192 446 1302 785">
     <span class='ocr_line' id='line_1_2' title="bbox 192 446 1302 543; baseline -0.01 -18"><span class='ocrx_word' id='word_1_4' title='bbox 192 454 278 525; x_wconf 90' lang='lat' dir='ltr'>flere</span> <span class='ocrx_word' id='word_1_5' title='bbox 299 453 440 543; x_wconf 87' lang='lat' dir='ltr'>largiter</span> <span class='ocrx_word' id='word_1_6' title='bbox 460 460 495 520; x_wconf 91' lang='lat' dir='ltr'>et</span> <span class='ocrx_word' id='word_1_7' title='bbox 519 449 628 541; x_wconf 89' lang='lat' dir='ltr'>queri.</span> <span class='ocrx_word' id='word_1_8' title='bbox 651 449 824 519; x_wconf 85' lang='lat' dir='ltr'>Caeterum</span> <span class='ocrx_word' id='word_1_9' title='bbox 842 447 909 518; x_wconf 89' lang='lat' dir='ltr'>etsi</span> <span class='ocrx_word' id='word_1_10' title='bbox 932 446 1022 515; x_wconf 90' lang='lat' dir='ltr'>nihil</span> <span class='ocrx_word' id='word_1_11' title='bbox 1052 456 1234 517; x_wconf 82' lang='lat' dir='ltr'>externae</span> <span class='ocrx_word' id='word_1_12' title='bbox 1247 465 1302 515; x_wconf 92' lang='lat' dir='ltr'>ca-</span> 
     </span>
     <span class='ocr_line' id='line_1_3' title="bbox 193 566 1300 662; baseline -0.007 -18"><span class='ocrx_word' id='word_1_13' title='bbox 193 576 356 647; x_wconf 88' lang='lat' dir='ltr'>tamitatis</span> <span class='ocrx_word' id='word_1_14' title='bbox 378 572 540 653; x_wconf 89' lang='lat' dir='ltr'>accessit,</span> <span class='ocrx_word' id='word_1_15' title='bbox 564 594 685 662; x_wconf 92' lang='lat' dir='ltr'>parum</span> <span class='ocrx_word' id='word_1_16' title='bbox 699 572 863 641; x_wconf 87' lang='lat' dir='ltr'>nemiser</span> <span class='ocrx_word' id='word_1_17' title='bbox 883 571 939 640; x_wconf 86' lang='lat' dir='ltr'>itte</span> <span class='ocrx_word' id='word_1_18' title='bbox 961 576 1035 653; x_wconf 90' lang='lat' dir='ltr'>est,</span> <span class='ocrx_word' id='word_1_19' title='bbox 1063 568 1132 661; x_wconf 92' lang='lat' dir='ltr'>qui</span> <span class='ocrx_word' id='word_1_20' title='bbox 1160 588 1204 640; x_wconf 91' lang='lat' dir='ltr'>se</span> <span class='ocrx_word' id='word_1_21' title='bbox 1228 566 1300 638; x_wconf 87' lang='lat' dir='ltr'>suis</span> 
     </span>
     <span class='ocr_line' id='line_1_4' title="bbox 193 694 936 785; baseline -0.005 -18"><span class='ocrx_word' id='word_1_22' title='bbox 193 699 293 769; x_wconf 89' lang='lat' dir='ltr'>matis</span> <span class='ocrx_word' id='word_1_23' title='bbox 317 697 530 768; x_wconf 90' lang='lat' dir='ltr'>miseriorem</span> <span class='ocrx_word' id='word_1_24' title='bbox 552 716 620 766; x_wconf 92' lang='lat' dir='ltr'>non</span> <span class='ocrx_word' id='word_1_25' title='bbox 641 695 821 785; x_wconf 77' lang='lat' dir='ltr'>agnoscit?</span> <span class='ocrx_word' id='word_1_26' title='bbox 841 694 936 765; x_wconf 82' lang='lat' dir='ltr'>Vale.</span> 
     </span>
    </p>
   </div>
   <div class='ocr_carea' id='block_1_3' title="bbox 334 840 813 911">
    <p class='ocr_par' dir='ltr' id='par_1_3' title="bbox 334 840 813 911">
     <span class='ocr_line' id='line_1_5' title="bbox 334 840 813 911; baseline -0.006 -17"><span class='ocrx_word' id='word_1_27' title='bbox 334 841 469 909; x_wconf 85' lang='lat' dir='ltr'>Venetiis,</span> <span class='ocrx_word' id='word_1_28' title='bbox 487 841 534 896; x_wconf 86' lang='lat' dir='ltr'>XI.</span> <span class='ocrx_word' id='word_1_29' title='bbox 551 840 688 896; x_wconf 84' lang='lat' dir='ltr'><strong>Kalendas</strong></span> <span class='ocrx_word' id='word_1_30' title='bbox 703 840 813 911; x_wconf 84' lang='lat' dir='ltr'>Aprilis.</span> 
     </span>
    </p>
   </div>
   <div class='ocr_carea' id='block_1_4' title="bbox 195 1236 1289 1435">
    <p class='ocr_par' dir='ltr' id='par_1_4' title="bbox 195 1236 1289 1435">
     <span class='ocr_line' id='line_1_6' title="bbox 608 1236 862 1299; baseline -0.008 -1"><span class='ocrx_word' id='word_1_31' title='bbox 608 1236 786 1299; x_wconf 74' lang='lat' dir='ltr'>EPISTULA</span> <span class='ocrx_word' id='word_1_32' title='bbox 807 1237 862 1298; x_wconf 82' lang='lat' dir='ltr'>tt.</span> 
     </span>
     <span class='ocr_line' id='line_1_7' title="bbox 195 1380 1289 1435; baseline -0.007 0"><span class='ocrx_word' id='word_1_33' title='bbox 195 1383 388 1435; x_wconf 77' lang='lat' dir='ltr'>rarncrsuus</span> <span class='ocrx_word' id='word_1_34' title='bbox 409 1380 578 1430; x_wconf 75' lang='lat' dir='ltr'>aerarum</span> <span class='ocrx_word' id='word_1_35' title='bbox 599 1381 744 1429; x_wconf 78' lang='lat' dir='ltr'>rurcrnro</span> <span class='ocrx_word' id='word_1_36' title='bbox 765 1380 864 1429; x_wconf 77' lang='lat' dir='ltr'>nerse.</span> <span class='ocrx_word' id='word_1_37' title='bbox 886 1380 1128 1428; x_wconf 71' lang='lat' dir='ltr'>cavaturunusr</span> <span class='ocrx_word' id='word_1_38' title='bbox 1153 1381 1183 1430; x_wconf 90' lang='lat' dir='ltr'>s.</span> <span class='ocrx_word' id='word_1_39' title='bbox 1207 1381 1237 1429; x_wconf 84' lang='lat' dir='ltr'>r.</span> <span class='ocrx_word' id='word_1_40' title='bbox 1259 1380 1289 1428; x_wconf 88' lang='lat' dir='ltr'>o.</span> 
     </span>
    </p>
   </div>
   <div class='ocr_carea' id='block_1_5' title="bbox 312 1512 1168 1657">
    <p class='ocr_par' dir='ltr' id='par_1_5' title="bbox 312 1512 1168 1657">
     <span class='ocr_line' id='line_1_8' title="bbox 312 1512 1168 1584; baseline 0 -14"><span class='ocrx_word' id='word_1_41' title='bbox 312 1516 402 1583; x_wconf 80' lang='lat' dir='ltr'>Rogat</span> <span class='ocrx_word' id='word_1_42' title='bbox 420 1518 451 1567; x_wconf 88' lang='lat' dir='ltr'>ut</span> <span class='ocrx_word' id='word_1_43' title='bbox 466 1529 482 1567; x_wconf 89' lang='lat' dir='ltr'>a</span> <span class='ocrx_word' id='word_1_44' title='bbox 495 1512 627 1567; x_wconf 85' lang='lat' dir='ltr'>Pontifice</span> <span class='ocrx_word' id='word_1_45' title='bbox 640 1513 712 1566; x_wconf 86' lang='lat' dir='ltr'>Max.</span> <span class='ocrx_word' id='word_1_46' title='bbox 729 1529 810 1584; x_wconf 87' lang='lat' dir='ltr'>opem</span> <span class='ocrx_word' id='word_1_47' title='bbox 823 1513 875 1568; x_wconf 89' lang='lat' dir='ltr'>sihi</span> <span class='ocrx_word' id='word_1_48' title='bbox 888 1513 955 1566; x_wconf 83' lang='lat' dir='ltr'>ferri</span> <span class='ocrx_word' id='word_1_49' title='bbox 969 1514 1043 1567; x_wconf 88' lang='lat' dir='ltr'>salva</span> <span class='ocrx_word' id='word_1_50' title='bbox 1060 1520 1168 1570; x_wconf 88' lang='lat' dir='ltr'>tamen</span> 
     </span>
     <span class='ocr_line' id='line_1_9' title="bbox 585 1601 876 1657; baseline 0.014 -4"><span class='ocrx_word' id='word_1_51' title='bbox 585 1601 713 1656; x_wconf 88' lang='lat' dir='ltr'>libertate</span> <span class='ocrx_word' id='word_1_52' title='bbox 725 1619 775 1656; x_wconf 86' lang='lat' dir='ltr'>sua</span> <span class='ocrx_word' id='word_1_53' title='bbox 790 1610 876 1657; x_wconf 88' lang='lat' dir='ltr'>curet.</span> 
     </span>
    </p>
   </div>
   <div class='ocr_carea' id='block_1_6' title="bbox 192 1799 1284 4225">
    <p class='ocr_par' dir='ltr' id='par_1_6' title="bbox 192 1799 1284 4225">
     <span class='ocr_line' id='line_1_10' title="bbox 291 1799 1284 1895; baseline 0.003 -24"><span class='ocrx_word' id='word_1_54' title='bbox 291 1802 325 1871; x_wconf 85' lang='lat' dir='ltr'>si</span> <span class='ocrx_word' id='word_1_55' title='bbox 339 1799 507 1895; x_wconf 88' lang='lat' dir='ltr'>quidquid</span> <span class='ocrx_word' id='word_1_56' title='bbox 522 1822 599 1871; x_wconf 90' lang='lat' dir='ltr'>mea</span> <span class='ocrx_word' id='word_1_57' title='bbox 613 1820 711 1872; x_wconf 89' lang='lat' dir='ltr'>mens</span> <span class='ocrx_word' id='word_1_58' title='bbox 725 1800 908 1893; x_wconf 86' lang='lat' dir='ltr'>cogitando</span> <span class='ocrx_word' id='word_1_59' title='bbox 921 1802 1071 1894; x_wconf 83' lang='lat' dir='ltr'>concipit</span> <span class='ocrx_word' id='word_1_60' title='bbox 1085 1803 1284 1874; x_wconf 82' lang='lat' dir='ltr'>scribendo</span> 
     </span>
     <span class='ocr_line' id='line_1_11' title="bbox 195 1923 1284 2020; baseline -0.002 -22"><span class='ocrx_word' id='word_1_61' title='bbox 195 1926 371 2020; x_wconf 81' lang='lat' dir='ltr'>parturiat,</span> <span class='ocrx_word' id='word_1_62' title='bbox 395 1925 519 2015; x_wconf 86' lang='lat' dir='ltr'>ingens</span> <span class='ocrx_word' id='word_1_63' title='bbox 536 1923 655 2015; x_wconf 82' lang='lat' dir='ltr'>digitis</span> <span class='ocrx_word' id='word_1_64' title='bbox 671 1925 756 1995; x_wconf 90' lang='lat' dir='ltr'>meis</span> <span class='ocrx_word' id='word_1_65' title='bbox 782 1924 962 2017; x_wconf 89' lang='lat' dir='ltr'>oculisque</span> <span class='ocrx_word' id='word_1_66' title='bbox 984 1923 1054 1994; x_wconf 89' lang='lat' dir='ltr'>tuis</span> <span class='ocrx_word' id='word_1_67' title='bbox 1077 1946 1174 2020; x_wconf 92' lang='lat' dir='ltr'>opus</span> <span class='ocrx_word' id='word_1_68' title='bbox 1196 1947 1284 1996; x_wconf 80' lang='lat' dir='ltr'>exo</span> 
     </span>
     <span class='ocr_line' id='line_1_12' title="bbox 196 2045 1281 2140; baseline -0.003 -21"><span class='ocrx_word' id='word_1_69' title='bbox 196 2049 293 2121; x_wconf 88' lang='lat' dir='ltr'>ritur.</span> <span class='ocrx_word' id='word_1_70' title='bbox 321 2047 420 2131; x_wconf 88' lang='lat' dir='ltr'>Quod</span> <span class='ocrx_word' id='word_1_71' title='bbox 450 2047 514 2117; x_wconf 89' lang='lat' dir='ltr'>etsi</span> <span class='ocrx_word' id='word_1_72' title='bbox 542 2045 645 2118; x_wconf 91' lang='lat' dir='ltr'>valde</span> <span class='ocrx_word' id='word_1_73' title='bbox 671 2047 816 2139; x_wconf 82' lang='lat' dir='ltr'>aggredi</span> <span class='ocrx_word' id='word_1_74' title='bbox 834 2046 984 2140; x_wconf 88' lang='lat' dir='ltr'>cupiam,</span> <span class='ocrx_word' id='word_1_75' title='bbox 1011 2058 1113 2140; x_wconf 89' lang='lat' dir='ltr'>pater</span> <span class='ocrx_word' id='word_1_76' title='bbox 1141 2048 1281 2118; x_wconf 90' lang='lat' dir='ltr'>amabi-</span> 
     </span>
     <span class='ocr_line' id='line_1_13' title="bbox 192 2168 1282 2266; baseline -0.003 -23"><span class='ocrx_word' id='word_1_77' title='bbox 192 2173 250 2259; x_wconf 89' lang='lat' dir='ltr'>tis,</span> <span class='ocrx_word' id='word_1_78' title='bbox 278 2184 414 2266; x_wconf 90' lang='lat' dir='ltr'>tempus</span> <span class='ocrx_word' id='word_1_79' title='bbox 442 2178 553 2240; x_wconf 90' lang='lat' dir='ltr'>vetat:</span> <span class='ocrx_word' id='word_1_80' title='bbox 589 2169 636 2239; x_wconf 91' lang='lat' dir='ltr'>ita</span> <span class='ocrx_word' id='word_1_81' title='bbox 656 2168 832 2241; x_wconf 90' lang='lat' dir='ltr'>distrahor</span> <span class='ocrx_word' id='word_1_82' title='bbox 856 2169 997 2240; x_wconf 91' lang='lat' dir='ltr'>incertis</span> <span class='ocrx_word' id='word_1_83' title='bbox 1024 2169 1224 2253; x_wconf 86' lang='lat' dir='ltr'>affectibus,</span> <span class='ocrx_word' id='word_1_84' title='bbox 1246 2182 1282 2240; x_wconf 91' lang='lat' dir='ltr'>et</span> 
     </span>
     <span class='ocr_line' id='line_1_14' title="bbox 193 2290 1279 2385; baseline -0.005 -18"><span class='ocrx_word' id='word_1_85' title='bbox 193 2295 277 2367; x_wconf 92' lang='lat' dir='ltr'>dum</span> <span class='ocrx_word' id='word_1_86' title='bbox 296 2293 494 2365; x_wconf 84' lang='lat' dir='ltr'>necessitati</span> <span class='ocrx_word' id='word_1_87' title='bbox 516 2314 630 2385; x_wconf 89' lang='lat' dir='ltr'>pareo,</span> <span class='ocrx_word' id='word_1_88' title='bbox 645 2291 817 2363; x_wconf 90' lang='lat' dir='ltr'>desiderio</span> <span class='ocrx_word' id='word_1_89' title='bbox 831 2291 999 2363; x_wconf 88' lang='lat' dir='ltr'>obluctor.</span> <span class='ocrx_word' id='word_1_90' title='bbox 1017 2290 1088 2361; x_wconf 90' lang='lat' dir='ltr'>Sed</span> <span class='ocrx_word' id='word_1_91' title='bbox 1103 2292 1198 2362; x_wconf 90' lang='lat' dir='ltr'>bene</span> <span class='ocrx_word' id='word_1_92' title='bbox 1213 2293 1279 2362; x_wconf 91' lang='lat' dir='ltr'>ha-</span> 
     </span>
     <span class='ocr_line' id='line_1_15' title="bbox 194 2415 1280 2510; baseline -0.003 -21"><span class='ocrx_word' id='word_1_93' title='bbox 194 2416 265 2501; x_wconf 91' lang='lat' dir='ltr'>bet;</span> <span class='ocrx_word' id='word_1_94' title='bbox 294 2415 464 2510; x_wconf 90' lang='lat' dir='ltr'>quidquid</span> <span class='ocrx_word' id='word_1_95' title='bbox 486 2415 679 2510; x_wconf 90' lang='lat' dir='ltr'>scripturus</span> <span class='ocrx_word' id='word_1_96' title='bbox 700 2417 842 2499; x_wconf 82' lang='lat' dir='ltr'>fueram,</span> <span class='ocrx_word' id='word_1_97' title='bbox 865 2417 967 2486; x_wconf 90' lang='lat' dir='ltr'>tacito</span> <span class='ocrx_word' id='word_1_98' title='bbox 988 2436 1052 2496; x_wconf 91' lang='lat' dir='ltr'>me,</span> <span class='ocrx_word' id='word_1_99' title='bbox 1074 2416 1280 2486; x_wconf 85' lang='lat' dir='ltr'>luculenter</span> 
     </span>
     <span class='ocr_line' id='line_1_16' title="bbox 193 2535 1278 2629; baseline 0.002 -22"><span class='ocrx_word' id='word_1_100' title='bbox 193 2538 375 2628; x_wconf 87' lang='lat' dir='ltr'>intelliges.</span> <span class='ocrx_word' id='word_1_101' title='bbox 397 2536 495 2607; x_wconf 90' lang='lat' dir='ltr'>Nosti</span> <span class='ocrx_word' id='word_1_102' title='bbox 518 2537 683 2620; x_wconf 88' lang='lat' dir='ltr'>animum,</span> <span class='ocrx_word' id='word_1_103' title='bbox 705 2536 761 2607; x_wconf 92' lang='lat' dir='ltr'>ubi</span> <span class='ocrx_word' id='word_1_104' title='bbox 784 2535 1028 2628; x_wconf 86' lang='lat' dir='ltr'>cogitationum</span> <span class='ocrx_word' id='word_1_105' title='bbox 1055 2546 1278 2629; x_wconf 87' lang='lat' dir='ltr'>actuumque</span> 
     </span>
     <span class='ocr_line' id='line_1_17' title="bbox 193 2656 1278 2753; baseline 0.001 -25"><span class='ocrx_word' id='word_1_106' title='bbox 193 2666 393 2728; x_wconf 86' lang='lat' dir='ltr'>nostrorum</span> <span class='ocrx_word' id='word_1_107' title='bbox 418 2657 518 2728; x_wconf 83' lang='lat' dir='ltr'>radix</span> <span class='ocrx_word' id='word_1_108' title='bbox 539 2656 611 2728; x_wconf 83' lang='lat' dir='ltr'>fixa</span> <span class='ocrx_word' id='word_1_109' title='bbox 632 2666 703 2742; x_wconf 89' lang='lat' dir='ltr'>est,</span> <span class='ocrx_word' id='word_1_110' title='bbox 727 2657 819 2729; x_wconf 89' lang='lat' dir='ltr'>unde</span> <span class='ocrx_word' id='word_1_111' title='bbox 840 2657 879 2729; x_wconf 91' lang='lat' dir='ltr'>fit</span> <span class='ocrx_word' id='word_1_112' title='bbox 900 2669 937 2729; x_wconf 92' lang='lat' dir='ltr'>ut</span> <span class='ocrx_word' id='word_1_113' title='bbox 956 2678 1036 2750; x_wconf 91' lang='lat' dir='ltr'>quae</span> <span class='ocrx_word' id='word_1_114' title='bbox 1049 2680 1096 2728; x_wconf 83' lang='lat' dir='ltr'>ex</span> <span class='ocrx_word' id='word_1_115' title='bbox 1110 2660 1172 2728; x_wconf 90' lang='lat' dir='ltr'>itto</span> <span class='ocrx_word' id='word_1_116' title='bbox 1193 2682 1278 2753; x_wconf 93' lang='lat' dir='ltr'>pro-</span> 
     </span>
     <span class='ocr_line' id='line_1_18' title="bbox 194 2775 1278 2874; baseline -0.001 -24"><span class='ocrx_word' id='word_1_117' title='bbox 194 2779 302 2852; x_wconf 91' lang='lat' dir='ltr'>deunt</span> <span class='ocrx_word' id='word_1_118' title='bbox 322 2778 484 2872; x_wconf 90' lang='lat' dir='ltr'>ignorare</span> <span class='ocrx_word' id='word_1_119' title='bbox 510 2803 578 2852; x_wconf 91' lang='lat' dir='ltr'>non</span> <span class='ocrx_word' id='word_1_120' title='bbox 605 2775 732 2874; x_wconf 87' lang='lat' dir='ltr'>possis.</span> <span class='ocrx_word' id='word_1_121' title='bbox 759 2780 987 2853; x_wconf 88' lang='lat' dir='ltr'>Familiariter</span> <span class='ocrx_word' id='word_1_122' title='bbox 1003 2780 1083 2853; x_wconf 89' lang='lat' dir='ltr'>otim</span> <span class='ocrx_word' id='word_1_123' title='bbox 1105 2779 1182 2866; x_wconf 91' lang='lat' dir='ltr'>tibi,</span> <span class='ocrx_word' id='word_1_124' title='bbox 1205 2782 1278 2851; x_wconf 87' lang='lat' dir='ltr'>nisi</span> 
     </span>
     <span class='ocr_line' id='line_1_19' title="bbox 193 2902 1278 2987; baseline 0.002 -14"><span class='ocrx_word' id='word_1_125' title='bbox 193 2905 300 2987; x_wconf 86' lang='lat' dir='ltr'>fallor,</span> <span class='ocrx_word' id='word_1_126' title='bbox 322 2903 515 2976; x_wconf 90' lang='lat' dir='ltr'>studiorum</span> <span class='ocrx_word' id='word_1_127' title='bbox 547 2902 626 2975; x_wconf 90' lang='lat' dir='ltr'>finis</span> <span class='ocrx_word' id='word_1_128' title='bbox 652 2912 687 2974; x_wconf 92' lang='lat' dir='ltr'>et</span> <span class='ocrx_word' id='word_1_129' title='bbox 719 2915 881 2975; x_wconf 89' lang='lat' dir='ltr'>votorum</span> <span class='ocrx_word' id='word_1_130' title='bbox 914 2926 1068 2975; x_wconf 90' lang='lat' dir='ltr'>meorum</span> <span class='ocrx_word' id='word_1_131' title='bbox 1095 2903 1278 2975; x_wconf 81' lang='lat' dir='ltr'>intellecta</span> 
     </span>
     <span class='ocr_line' id='line_1_20' title="bbox 193 3026 1278 3111; baseline -0.001 -13"><span class='ocrx_word' id='word_1_132' title='bbox 193 3027 365 3099; x_wconf 90' lang='lat' dir='ltr'>modestia</span> <span class='ocrx_word' id='word_1_133' title='bbox 384 3036 453 3098; x_wconf 91' lang='lat' dir='ltr'>est:</span> <span class='ocrx_word' id='word_1_134' title='bbox 475 3037 553 3098; x_wconf 91' lang='lat' dir='ltr'>utor</span> <span class='ocrx_word' id='word_1_135' title='bbox 569 3029 661 3099; x_wconf 91' lang='lat' dir='ltr'>euim</span> <span class='ocrx_word' id='word_1_136' title='bbox 679 3026 828 3098; x_wconf 87' lang='lat' dir='ltr'>fidenter</span> <span class='ocrx_word' id='word_1_137' title='bbox 855 3027 920 3097; x_wconf 90' lang='lat' dir='ltr'>hoc</span> <span class='ocrx_word' id='word_1_138' title='bbox 945 3029 1100 3111; x_wconf 86' lang='lat' dir='ltr'>nomine,</span> <span class='ocrx_word' id='word_1_139' title='bbox 1122 3049 1196 3096; x_wconf 91' lang='lat' dir='ltr'>non</span> <span class='ocrx_word' id='word_1_140' title='bbox 1213 3049 1278 3097; x_wconf 92' lang='lat' dir='ltr'>su-</span> 
     </span>
     <span class='ocr_line' id='line_1_21' title="bbox 193 3147 1277 3241; baseline 0.002 -22"><span class='ocrx_word' id='word_1_141' title='bbox 193 3148 312 3241; x_wconf 85' lang='lat' dir='ltr'>perbe,</span> <span class='ocrx_word' id='word_1_142' title='bbox 346 3149 506 3219; x_wconf 87' lang='lat' dir='ltr'>conscius</span> <span class='ocrx_word' id='word_1_143' title='bbox 545 3171 620 3220; x_wconf 83' lang='lat' dir='ltr'>suae</span> <span class='ocrx_word' id='word_1_144' title='bbox 649 3149 841 3220; x_wconf 89' lang='lat' dir='ltr'>humilioris</span> <span class='ocrx_word' id='word_1_145' title='bbox 866 3150 1025 3241; x_wconf 89' lang='lat' dir='ltr'>originis;</span> <span class='ocrx_word' id='word_1_146' title='bbox 1057 3147 1154 3241; x_wconf 92' lang='lat' dir='ltr'>quod</span> <span class='ocrx_word' id='word_1_147' title='bbox 1177 3151 1277 3221; x_wconf 92' lang='lat' dir='ltr'>unde</span> 
     </span>
     <span class='ocr_line' id='line_1_22' title="bbox 192 3270 1276 3368; baseline 0.001 -25"><span class='ocrx_word' id='word_1_148' title='bbox 192 3270 366 3368; x_wconf 91' lang='lat' dir='ltr'>modicum</span> <span class='ocrx_word' id='word_1_149' title='bbox 392 3270 471 3341; x_wconf 91' lang='lat' dir='ltr'>inde</span> <span class='ocrx_word' id='word_1_150' title='bbox 496 3282 531 3343; x_wconf 92' lang='lat' dir='ltr'>et</span> <span class='ocrx_word' id='word_1_151' title='bbox 557 3272 726 3343; x_wconf 89' lang='lat' dir='ltr'>modestia</span> <span class='ocrx_word' id='word_1_152' title='bbox 752 3271 889 3355; x_wconf 90' lang='lat' dir='ltr'>dicitur,</span> <span class='ocrx_word' id='word_1_153' title='bbox 916 3282 951 3342; x_wconf 91' lang='lat' dir='ltr'>et</span> <span class='ocrx_word' id='word_1_154' title='bbox 970 3294 991 3342; x_wconf 93' lang='lat' dir='ltr'>a</span> <span class='ocrx_word' id='word_1_155' title='bbox 1010 3270 1115 3341; x_wconf 91' lang='lat' dir='ltr'>modo</span> <span class='ocrx_word' id='word_1_156' title='bbox 1140 3294 1276 3344; x_wconf 90' lang='lat' dir='ltr'>nomen</span> 
     </span>
     <span class='ocr_line' id='line_1_23' title="bbox 194 3391 1277 3487; baseline -0.002 -21"><span class='ocrx_word' id='word_1_157' title='bbox 194 3403 382 3487; x_wconf 87' lang='lat' dir='ltr'>utrumque</span> <span class='ocrx_word' id='word_1_158' title='bbox 401 3393 591 3465; x_wconf 89' lang='lat' dir='ltr'>descendit.</span> <span class='ocrx_word' id='word_1_159' title='bbox 626 3392 712 3475; x_wconf 75' lang='lat' dir='ltr'>Quae</span> <span class='ocrx_word' id='word_1_160' title='bbox 737 3415 816 3463; x_wconf 92' lang='lat' dir='ltr'>cum</span> <span class='ocrx_word' id='word_1_161' title='bbox 846 3393 894 3462; x_wconf 91' lang='lat' dir='ltr'>ita</span> <span class='ocrx_word' id='word_1_162' title='bbox 915 3393 984 3463; x_wconf 88' lang='lat' dir='ltr'>sint</span> <span class='ocrx_word' id='word_1_163' title='bbox 1005 3391 1137 3482; x_wconf 89' lang='lat' dir='ltr'>cogita,</span> <span class='ocrx_word' id='word_1_164' title='bbox 1168 3406 1277 3484; x_wconf 91' lang='lat' dir='ltr'>pater</span> 
     </span>
     <span class='ocr_line' id='line_1_24' title="bbox 193 3513 1276 3619; baseline 0.001 -35"><span class='ocrx_word' id='word_1_165' title='bbox 193 3517 503 3619; x_wconf 79' lang='lat' dir='ltr'>indulgentissime,</span> <span class='ocrx_word' id='word_1_166' title='bbox 522 3514 606 3607; x_wconf 90' lang='lat' dir='ltr'>quid</span> <span class='ocrx_word' id='word_1_167' title='bbox 627 3515 741 3585; x_wconf 89' lang='lat' dir='ltr'>velim.</span> <span class='ocrx_word' id='word_1_168' title='bbox 764 3513 873 3586; x_wconf 88' lang='lat' dir='ltr'>Nuttis</span> <span class='ocrx_word' id='word_1_169' title='bbox 895 3514 1045 3596; x_wconf 83' lang='lat' dir='ltr'>hariolis,</span> <span class='ocrx_word' id='word_1_170' title='bbox 1064 3516 1160 3584; x_wconf 89' lang='lat' dir='ltr'>nutto</span> <span class='ocrx_word' id='word_1_171' title='bbox 1178 3536 1276 3610; x_wconf 88' lang='lat' dir='ltr'>opus</span> 
     </span>
     <span class='ocr_line' id='line_1_25' title="bbox 194 3636 1277 3733; baseline 0.003 -26"><span class='ocrx_word' id='word_1_172' title='bbox 194 3639 396 3732; x_wconf 88' lang='lat' dir='ltr'>interprete,</span> <span class='ocrx_word' id='word_1_173' title='bbox 416 3661 460 3710; x_wconf 92' lang='lat' dir='ltr'>ne</span> <span class='ocrx_word' id='word_1_174' title='bbox 478 3639 554 3733; x_wconf 89' lang='lat' dir='ltr'>ipso</span> <span class='ocrx_word' id='word_1_175' title='bbox 579 3636 719 3729; x_wconf 90' lang='lat' dir='ltr'>quidem</span> <span class='ocrx_word' id='word_1_176' title='bbox 752 3640 809 3709; x_wconf 90' lang='lat' dir='ltr'>vel</span> <span class='ocrx_word' id='word_1_177' title='bbox 840 3657 926 3707; x_wconf 87' lang='lat' dir='ltr'>meae</span> <span class='ocrx_word' id='word_1_178' title='bbox 958 3639 1016 3708; x_wconf 87' lang='lat' dir='ltr'>vel</span> <span class='ocrx_word' id='word_1_179' title='bbox 1047 3637 1173 3706; x_wconf 86' lang='lat' dir='ltr'>alienae</span> <span class='ocrx_word' id='word_1_180' title='bbox 1209 3661 1277 3710; x_wconf 69' lang='lat' dir='ltr'>ve</span> 
     </span>
     <span class='ocr_line' id='line_1_26' title="bbox 194 3759 1276 3834; baseline 0.002 -1"><span class='ocrx_word' id='word_1_181' title='bbox 194 3762 244 3833; x_wconf 87' lang='lat' dir='ltr'>cis</span> <span class='ocrx_word' id='word_1_182' title='bbox 265 3764 419 3834; x_wconf 89' lang='lat' dir='ltr'>oraculo:</span> <span class='ocrx_word' id='word_1_183' title='bbox 447 3762 540 3832; x_wconf 91' lang='lat' dir='ltr'>intus</span> <span class='ocrx_word' id='word_1_184' title='bbox 566 3760 611 3832; x_wconf 92' lang='lat' dir='ltr'>ad</span> <span class='ocrx_word' id='word_1_185' title='bbox 636 3783 755 3831; x_wconf 91' lang='lat' dir='ltr'>aurem</span> <span class='ocrx_word' id='word_1_186' title='bbox 781 3759 896 3832; x_wconf 89' lang='lat' dir='ltr'>cordis</span> <span class='ocrx_word' id='word_1_187' title='bbox 918 3761 966 3830; x_wconf 94' lang='lat' dir='ltr'>tui</span> <span class='ocrx_word' id='word_1_188' title='bbox 987 3764 1112 3831; x_wconf 84' lang='lat' dir='ltr'>clamat</span> <span class='ocrx_word' id='word_1_189' title='bbox 1128 3763 1276 3834; x_wconf 90' lang='lat' dir='ltr'>animus</span> 
     </span>
     <span class='ocr_line' id='line_1_27' title="bbox 196 3882 1277 3966; baseline 0.002 -12"><span class='ocrx_word' id='word_1_190' title='bbox 196 3908 309 3956; x_wconf 89' lang='lat' dir='ltr'>meus:</span> <span class='ocrx_word' id='word_1_191' title='bbox 323 3896 357 3955; x_wconf 92' lang='lat' dir='ltr'>et</span> <span class='ocrx_word' id='word_1_192' title='bbox 371 3896 489 3955; x_wconf 91' lang='lat' dir='ltr'>noster</span> <span class='ocrx_word' id='word_1_193' title='bbox 502 3884 724 3955; x_wconf 87' lang='lat' dir='ltr'>nibilominus</span> <span class='ocrx_word' id='word_1_194' title='bbox 736 3885 896 3955; x_wconf 89' lang='lat' dir='ltr'>Socrates</span> <span class='ocrx_word' id='word_1_195' title='bbox 913 3906 982 3955; x_wconf 89' lang='lat' dir='ltr'>nou</span> <span class='ocrx_word' id='word_1_196' title='bbox 1003 3882 1141 3954; x_wconf 86' lang='lat' dir='ltr'>tacebit.</span> <span class='ocrx_word' id='word_1_197' title='bbox 1156 3884 1277 3966; x_wconf 86' lang='lat' dir='ltr'>Quam</span> 
     </span>
     <span class='ocr_line' id='line_1_28' title="bbox 195 4006 1279 4100; baseline 0.006 -25"><span class='ocrx_word' id='word_1_198' title='bbox 195 4008 385 4099; x_wconf 88' lang='lat' dir='ltr'>improbem</span> <span class='ocrx_word' id='word_1_199' title='bbox 406 4006 718 4099; x_wconf 86' lang='lat' dir='ltr'>concupiscentiam</span> <span class='ocrx_word' id='word_1_200' title='bbox 741 4009 806 4079; x_wconf 85' lang='lat' dir='ltr'>etsi</span> <span class='ocrx_word' id='word_1_201' title='bbox 828 4007 935 4100; x_wconf 91' lang='lat' dir='ltr'>probe</span> <span class='ocrx_word' id='word_1_202' title='bbox 956 4007 1117 4089; x_wconf 75' lang='lat' dir='ltr'>noveriS,</span> <span class='ocrx_word' id='word_1_203' title='bbox 1140 4010 1279 4081; x_wconf 86' lang='lat' dir='ltr'>certius</span> 
     </span>
     <span class='ocr_line' id='line_1_29' title="bbox 196 4130 1278 4225; baseline 0.005 -25"><span class='ocrx_word' id='word_1_204' title='bbox 196 4143 308 4202; x_wconf 87' lang='lat' dir='ltr'>tamen</span> <span class='ocrx_word' id='word_1_205' title='bbox 347 4154 438 4203; x_wconf 89' lang='lat' dir='ltr'>nunc</span> <span class='ocrx_word' id='word_1_206' title='bbox 466 4153 513 4202; x_wconf 80' lang='lat' dir='ltr'>ex</span> <span class='ocrx_word' id='word_1_207' title='bbox 540 4130 639 4201; x_wconf 85' lang='lat' dir='ltr'>amici</span> <span class='ocrx_word' id='word_1_208' title='bbox 673 4132 843 4224; x_wconf 81' lang='lat' dir='ltr'>cottoquto</span> <span class='ocrx_word' id='word_1_209' title='bbox 861 4131 1038 4225; x_wconf 84' lang='lat' dir='ltr'>pensabis.</span> <span class='ocrx_word' id='word_1_210' title='bbox 1059 4131 1109 4199; x_wconf 86' lang='lat' dir='ltr'>Tu</span> <span class='ocrx_word' id='word_1_211' title='bbox 1136 4141 1278 4217; x_wconf 81' lang='lat' dir='ltr'>autem,</span> 
     </span>
    </p>
   </div>
   <div class='ocr_carea' id='block_1_7' title="bbox 0 0 1472 4650">
    <p class='ocr_par' dir='ltr' id='par_1_7' title="bbox 0 0 1472 4650">
     <span class='ocr_line' id='line_1_30' title="bbox 0 0 1472 4650; baseline 0 1"><span class='ocrx_word' id='word_1_212' title='bbox 0 0 1472 4650; x_wconf 95' lang='lat' dir='ltr'> </span> 
     </span>
    </p>
   </div>
  </div>
 </body>
</html>
