2738 4680
251 107 345 156 nrann
369 108 878 164 vrcnsrnusrnruus.-nrrsronn
901 113 963 163 xiv.
1098 101 1156 165 llll

63 245 216 339 Crispus
239 244 303 316 ait:
325 265 441 316 eorum
461 249 630 339 quiscere
649 253 755 321 alnao
776 259 870 319 tantu
890 250 1027 320 hahetur
1050 272 1158 344 quun-

61 379 136 438 tum
158 391 236 438 oum
256 369 369 453 uerbis
384 381 522 462 potuere
548 373 706 442 emtollere
727 374 894 465 proecluru
918 373 1066 462 inuenio.
1089 373 1158 445 Sed

58 495 208 565 illorum
230 492 378 564 evidens
404 504 439 566 et
465 518 567 582 vera,
594 496 700 568 huius
726 507 842 567 autem
870 495 1009 590 dequo
1034 499 1160 590 loquor

58 619 216 688 occultae
236 610 384 688 haeresis
406 629 569 713 suspecta
591 619 762 691 sententia
782 631 847 692 est.
868 619 916 691 llli
935 621 1026 691 enim
1048 621 1094 693 dc
1115 621 1158 692 iis

58 751 179 831 agunt
204 740 335 832 quibus
362 740 492 813 virtute
526 743 635 834 gloria
660 744 846 836 quaeritur,
868 744 1070 838 quibusque
1098 767 1159 817 su-

58 886 228 957 premum
249 864 390 936 virtutis
418 885 507 957 opus
530 874 586 936 est
618 865 759 938 maioris
790 876 904 960 poetae
934 868 1079 939 oonsilio
1108 870 1159 938 l-

58 1009 158 1058 mam
187 988 287 1058 sactis
312 988 519 1060 extendere:
548 1010 629 1081 quae
655 991 810 1081 prolecto
832 990 907 1061 sine
934 991 1071 1084 scriptis
1098 1001 1159 1062 aut

58 1112 162 1180 nulla
183 1118 280 1180 esset
297 1120 358 1182 aut
376 1111 506 1183 brevis
529 1111 591 1183 Hic
612 1132 697 1184 vero
718 1111 763 1184 de
786 1113 916 1186 sanctis
938 1114 998 1206 qui
1025 1135 1095 1186 nou
1121 1114 1158 1184 in

62 1236 217 1328 strepitu
242 1235 421 1329 popularis
455 1253 567 1321 aurae,
601 1235 665 1307 sed
699 1236 733 1306 in
765 1237 914 1308 Domino
946 1236 1155 1328 gloriantur,

62 1380 219 1457 quorum
240 1380 367 1431 nomeu
388 1358 423 1428 in
443 1359 535 1430 libro
553 1360 638 1431 vitae
658 1359 767 1452 digito
789 1360 851 1430 Dei
874 1361 1041 1454 scriptum
1063 1382 1158 1432 mor-

65 1484 190 1553 talium
214 1483 421 1574 scriptorum
445 1482 637 1576 patrocinio
661 1505 731 1554 non
756 1494 847 1575 egel.
870 1484 906 1554 Si
927 1485 1040 1555 omnis
1065 1486 1158 1557 cala·

66 1628 146 1678 mus
169 1606 291 1689 iaceat,
315 1605 429 1679 omnis
450 1606 570 1699 lingua
596 1616 729 1693 taceat,
757 1608 872 1679 omnis
899 1608 1080 1679 hominum
1108 1596 1186 1679 la-'

67 1751 132 1801 vor
152 1749 196 1798 ac
217 1728 414 1800 recordatio
435 1737 637 1812 evanescat,
672 1730 899 1801 nihilominus
926 1729 961 1799 in
986 1731 1154 1801 memoria
1195 1822 1199 1832 ‚

70 1862 203 1922 aeterna
234 1850 301 1921 erit
330 1852 456 1938 iustus,
492 1860 528 1923 et
561 1852 721 1923 terrisoni
761 1853 933 1922 sermonis
973 1852 1156 1942 angustias

72 1986 215 2066 spernet
233 1975 386 2047 coelestis
405 1975 526 2066 gloriae
545 1973 759 2066 magnitudo.
775 1973 947 2067 Equidem
965 1975 1157 2067 Simplicia·

71 2116 134 2166 uus
154 2095 288 2187 hospes
310 2095 524 2191 meusapud
543 2097 727 2168 Dominum
748 2115 898 2188 maguus
918 2096 1038 2168 valde:
1061 2096 1156 2189 apud

72 2215 159 2290 huuc
179 2241 284 2290 suum
305 2219 511 2293 historicum
531 2220 635 2290 nimis
656 2220 872 2292 familiariter
889 2229 925 2291 et
944 2219 1074 2293 inculte
1093 2219 1156 2291 ha-

71 2339 174 2428 bitae,
199 2344 381 2415 limatioris
409 2345 476 2414 stili
502 2365 642 2438 operam
677 2343 892 2427 merehatur,
919 2365 966 2415 ex
991 2366 1062 2437 quo
1089 2343 1155 2416 sibi

71 2467 150 2538 nihil
169 2467 328 2551 omnino,
350 2466 413 2538 sed
431 2465 627 2560 legentibus
644 2466 803 2539 imitandi
822 2466 975 2539 studium
993 2480 1029 2539 et
1046 2466 1155 2539 devo-

71 2589 170 2663 tionis
192 2593 312 2662 fervor
331 2591 523 2663 accederet.
545 2593 632 2685 Esto
649 2601 764 2661 autem
784 2602 822 2662 ut
840 2591 989 2685 scriptor
1006 2589 1154 2662 idoneus

71 2733 133 2784 non
154 2712 266 2784 desit:
282 2712 342 2784 ubi
361 2723 476 2784 tamen
495 2737 611 2785 rerum
629 2713 760 2785 veritas
779 2725 969 2806 quaeretur,
989 2713 1020 2784 si
1038 2712 1153 2803 ignota

70 2834 187 2908 domui
221 2857 298 2908 snae
330 2841 404 2909 est‘l
437 2838 580 2908 Constat
606 2836 717 2932 ipsius
743 2834 932 2928 Augustini
955 2835 1153 2908 testimonio

70 2961 327 3055 simplicianum
339 2961 468 3035 bonum
483 2964 545 3034 Dei
562 2985 706 3034 servum
726 2961 901 3047 extitisse,
922 2962 1045 3055 inquo
1063 2960 1153 3032 luxit

70 3087 176 3177 gratia
194 3085 328 3173 divina,
346 3089 459 3180 etqui
476 3109 497 3158 a
513 3089 695 3160 iuventute
712 3088 748 3158 iu
765 3089 901 3159 senium
920 3086 1152 3158 devotissime

70 3208 137 3282 Deo
156 3208 258 3295 vixit,
274 3211 387 3282 virum
402 3214 507 3303 longo
530 3210 647 3282 studio
664 3209 850 3282 dominicae
867 3211 937 3281 viae
956 3207 1149 3290 sectandam

70 3336 174 3406 multa
207 3335 369 3406 edoctum
404 3335 535 3430 pariter
568 3345 604 3406 et
639 3343 840 3427 expertum,
876 3333 934 3426 qui
974 3330 1150 3403 Victorino

71 3456 157 3530 claro
183 3459 335 3554 primum
371 3448 501 3530 rhetori
533 3456 631 3530 urhis
663 3435 813 3541 Romae,¹
830 3467 911 3547 post
930 3454 986 3548 pio
1021 3452 1150 3523 Christi

71 3584 209 3679 martyri
231 3582 545 3668 familiarissimus,
567 3595 602 3655 et
623 3582 669 3654 ad
685 3604 807 3653 veram
825 3578 930 3649 fidem
948 3596 1097 3668 magnus
1116 3586 1151 3647 et

71 3703 187 3777 efficax
208 3707 367 3778 hortator
388 3708 464 3778 luit:
487 3707 546 3799 qui
567 3704 695 3778 deinde
715 3685 953 3794 Augustinum
976 3700 1021 3772 ad
1043 3721 1091 3783 se,
1113 3708 1150 3770 ut

72 3822 145 3915 dixi,
168 3850 232 3923 pro
254 3829 402 3901 oonsilio
422 3830 635 3912 venientem,
655 3827 750 3922 quod
767 3825 889 3917 utique
915 3846 1053 3917 magnae
1074 3824 1147 3894 vir-

73 3952 144 4027 tutis
165 3954 333 4050 opinione
361 3958 441 4025 non
466 3953 592 4036 caruit,
628 3952 673 4025 ad
704 3948 935 4022 humilitatem
958 3948 1087 4021 Christi
1115 3958 1148 4019 et
