2730 4680
431 428 619 496 rusticiter
649 428 855 494 PETRARCAE

251 673 323 751 DE
373 670 556 752 REBUS
606 667 1038 748 FAMILIARIBUS

405 907 559 979 LIBER
599 905 876 1015 VICEsslMUS.

533 1549 710 1615 EPISTOLA
731 1552 751 1614 1.

110 1713 317 1796 Futuclscus
334 1737 503 1789 Pssuutuct
520 1738 617 1788 NERIO
635 1737 788 1788 MORANDO
806 1739 1027 1790 FOROLlVIENSl
1045 1741 1070 1791 S.
1090 1742 1118 1791 P.
1136 1744 1165 1791 D.

90 1922 136 1976 De
152 1919 286 1992 pessimis
300 1915 388 1971 aetatis
403 1931 460 1972 suae
475 1915 615 1983 moribus,
631 1920 660 1969 et
677 1916 832 1986 presertim
850 1914 885 1970 de
899 1915 1012 1970 avaritia
1024 1922 1053 1971 et
1066 1917 1185 1972 luxuria.

222 2005 367 2062 Nonnulla
381 2003 415 2059 de
430 2004 550 2060 adventu
566 2003 699 2075 ahituque
714 2002 805 2059 Caroli
819 2003 857 2058 IV
872 2005 1059 2076 Imperatoris.

200 2273 352 2351 Graveni
374 2279 480 2351 euris
506 2277 764 2371 obsessumque
790 2277 945 2369 negotiis
966 2286 1002 2350 et
1018 2242 1189 2372 ’perosum
1240 2324 1242 2326 -

59 2489 69 2508 υ
99 2411 227 2475 cuncta
247 2422 328 2494 quae
349 2400 467 2484 video,
482 2422 547 2473 neo
567 2401 667 2472 aliter
683 2422 788 2493 quam
808 2401 926 2473 fossus
944 2407 1050 2493 atque
1070 2398 1190 2471 aridus

100 2544 232 2603 ceruus
254 2527 343 2596 solet
363 2523 408 2595 ad
428 2521 632 2595 umbrosum
654 2516 783 2593 iontein
801 2522 845 2594 ad
860 2523 1083 2595 solitudinem
1097 2523 1190 2595 unde
1219 2612 1224 2618 ,s

100 2652 232 2721 latratu
252 2668 378 2720 eanum
399 2646 602 2740 sequacium
623 2648 746 2738 pulsus
767 2655 822 2718 est
839 2657 944 2738 atque
957 2644 1002 2717 ad
1016 2643 1195 2716 silentium*
1219 2620 1224 2630 ’

102 2770 333 2866 aspirantem,
357 2770 504 2862 epistola
518 2779 576 2841 tua
594 2791 781 2863 parumper
798 2770 936 2854 avertit,
952 2788 1042 2861 quae
1055 2765 1189 2838 utinam

102 2904 176 2965 tam
197 2894 301 2984 longa
320 2894 459 2978 suisset,
483 2882 538 2977 ut}
565 2891 662 2985 quod
681 2891 727 2964 ad
746 2882 916 2986 exiguum
938 2900 1079 2984 tempus
1095 2889 1189 2977 secit,

103 3035 222 3114 rerurn
256 3035 313 3086 me
338 3015 566 3108 praesentium
585 3013 744 3086 oblivisci
766 3016 801 3085 in
822 3023 1029 3110 perpetuum
1055 3013 1193 3105 ooegis·

103 3144 170 3209 set.
198 3137 246 3208 lta
267 3136 359 3208 enim
379 3159 436 3209 me
457 3136 576 3209 saeouli
592 3137 703 3209 nostri
729 3138 929 3211 miratorem
952 3139 1040 3211 soito
1062 3146 1103 3211 ut
1126 3138 1192 3208 vix

102 3257 214 3330 ruisse
237 3258 367 3353 aliquid
399 3262 469 3332 ulla
502 3269 605 3332 aetate
633 3260 798 3332 miserius
829 3269 891 3332 aut
911 3260 1106 3333 extremius
1126 3282 1191 3354 pu·

105 3390 187 3451 tem.
198 3358 322 3453 “Unum
343 3403 400 3453 me
421 3383 568 3468 solatur,
596 3382 691 3475 quod
709 3383 739 3453 si
756 3384 852 3455 nasei
870 3384 1022 3476 oportuit
1039 3394 1075 3454 et
1090 3379 1191 3475 peni-

107 3511 164 3572 tus
196 3505 433 3576 necessarium
461 3504 525 3576 fuit
557 3514 597 3576 ut
634 3504 862 3579 inexorabilis
896 3506 1019 3578 Clotho
1044 3509 1108 3577 ries
1147 3504 1192 3577 ad

104 3623 308 3718 praedurum
330 3608 434 3698 huius
460 3627 544 3700 vitoe
568 3627 672 3699 limen
698 3629 908 3723 impelleret,
939 3652 1004 3703 neo
1032 3627 1130 3722 prius
1155 3626 1193 3698 in

104 3748 217 3818 iucem
237 3756 420 3843 erumpere
445 3750 565 3846 datum
593 3759 684 3837 erat,
718 3753 835 3824 miuus
869 3754 950 3826 mali
971 3751 1074 3823 tuerit
1099 3774 1192 3824 nuno

102 3879 314 3954 natoeesse
334 3893 439 3965 quam
460 3883 590 3968 postea.
611 3875 704 3946 Talia
725 3875 769 3948 de
796 3877 997 3970 posteritate
1018 3875 1189 3948 coniecto:

104 3992 242 4086 trepido
263 3993 401 4067 utiuauu
416 3996 518 4068 ludar
539 3998 696 4090 augurio.
720 4000 788 4071 Sed
808 4000 898 4070 hano
920 3998 1002 4068 mihi
1027 4021 1125 4094 spem
1147 3998 1192 4070 de

104 4134 146 4188 se
167 4125 287 4188 nostra
309 4116 428 4190 tribuit
448 4118 628 4205 iuventus,
647 4143 690 4192 ea
710 4120 862 4206 indoles
884 4122 922 4193 hi
948 4145 1065 4196 mores
1092 4130 1189 4203 suut,

236 4249 271 4287 ur.
1022 4247 1034 4293 t
