2934 4650
210 298 267 358 taz
663 315 822 363 vuuuauu

209 475 297 545 quas
318 466 354 526 ct
374 455 419 526 ad
445 464 565 526 vestra
594 467 628 527 et
656 457 701 527 ad
729 457 804 549 ipsa
833 457 983 550 parentis
1015 459 1171 543 muenia,
1207 479 1298 527 sem-

209 600 271 670 per
283 578 435 671 quidem,
451 578 514 650 sed
528 602 619 651 nunc
632 581 817 673 praecipue,
839 582 989 652 instante
1008 594 1046 653 ut
1061 584 1185 653 nostis
1205 579 1297 650 lubi-

209 703 284 786 lae0,
304 701 455 774 fidelium
478 692 635 774 exomni
653 704 794 794 regione
813 724 1005 774 concursus
1023 707 1106 789 erit,
1125 714 1293 798 purgatae

209 825 401 897 latronibus
421 835 562 920 pateant
582 826 793 918 peregrinis,
816 847 860 896 ne
877 827 969 897 iusto
987 799 1080 897 metu
1099 826 1217 898 territi
1231 825 1292 894 'vel

210 951 304 1041 pium
326 971 413 1042 opus
434 948 606 1033 omittere,
634 951 690 1020 vel
718 957 848 1020 rectum
874 949 939 1019 iter
964 949 1105 1020 flectere
1135 949 1291 1042 cumpel-

211 1075 347 1156 tantur,
368 1072 462 1165 quod
483 1073 548 1142 nisi
566 1071 690 1143 acriter
711 1071 932 1165 provideritis
951 1072 1024 1166 (sed
1043 1095 1148 1164 spero
1169 1073 1289 1162 utique

211 1194 441 1290 provisuros),
457 1206 600 1266 aeternae
620 1195 722 1266 vobis
742 1195 893 1266 insamiae
913 1199 1085 1268 maculam
1104 1194 1286 1286 irrogabit.

212 1319 251 1387 ln
272 1318 392 1411 primis
413 1328 526 1388 autem
545 1318 748 1413 expeditum
769 1340 850 1390 esse
871 1318 971 1390 decet
994 1317 1168 1412 Apennini
1197 1329 1288 1388 tran-

213 1443 334 1523 situm,
358 1441 449 1513 unde
471 1443 686 1512 numerosior
706 1445 853 1534 populus
875 1451 1092 1536 expectatur,
1120 1442 1167 1513 ad
1194 1441 1288 1534 quod

214 1562 343 1632 utinam
368 1562 607 1655 tempestivius
628 1563 663 1630 in
684 1563 835 1634 animum
856 1564 1013 1634 venisset
1036 1573 1193 1634 vestram
1218 1589 1290 1635 ma-

105 1735 109 1754 ,
214 1681 448 1775 gnificentiam
469 1684 662 1767 exhortari,
685 1686 809 1756 suisset
834 1687 1012 1779 provisum
1038 1688 1190 1758 sortasse
1218 1709 1290 1757 ma-

214 1804 342 1890 turiuS,
364 1828 429 1878 nec
449 1807 525 1877 aliis
545 1789 694 1877 cavendi
715 1806 1091 1906 circumspiciendique
1104 1797 1288 1878 materiam

212 1926 356 1998 infelicis
378 1928 478 1999 amici
499 1929 566 1998 mei
587 1926 784 1998 miserabile
805 1931 1036 2020 spectaculum
1064 1928 1288 2022 praebuisset.

215 2049 260 2118 At
280 2049 364 2142 quid
386 2052 538 2144 suspecti
560 2054 655 2122 erat‘l
671 2049 710 2120 ld
727 2061 813 2120 aetas
834 2063 951 2122 nostra
971 2073 1038 2122 non
1056 2051 1208 2131 viderat,
1230 2049 1291 2122 sed

214 2173 264 2244 sic
277 2197 298 2245 a
312 2174 507 2246 senioribus
526 2183 708 2268 acceperat
723 2196 804 2244 osse
821 2173 960 2266 quidem
979 2172 1151 2268 Apennini
1168 2176 1290 2266 iugum

214 2284 331 2368 nativa
356 2298 542 2388 asperitate
568 2297 719 2381 difficile,
754 2277 920 2368 caeterum
946 2296 993 2365 nil
1019 2296 1144 2366 viatori
1170 2299 1290 2379 tutius,

213 2420 271 2488 vel
293 2417 507 2509 hospitalius.
529 2419 620 2503 Quid
641 2430 758 2490 autem
776 2419 853 2501 erit,
882 2420 913 2488 si
936 2417 980 2488 de
1005 2418 1214 2490 custodibus
1240 2421 1293 2490 fu-

214 2562 284 2623 reS,
307 2540 351 2610 de
371 2539 515 2610 canibus
537 2541 608 2634 lupi
628 2541 732 2612 fiant‘?
749 2541 813 2613 Ubi
831 2542 876 2613 ad
895 2562 996 2612 suum
1018 2542 1137 2612 silvosi
1161 2546 1292 2616 montis
1340 2535 1342 2540 ’

214 2663 395 2733 horrorem
422 2663 713 2754 nequissimorum
736 2664 914 2736 bominum
940 2673 1051 2734 terror
1077 2667 1293 2766 accesserit?

214 2785 317 2856 Brevi
340 2807 463 2877 nempe
485 2794 577 2856 totus
599 2785 654 2857 illc
676 2798 845 2857 terrarum
868 2795 1001 2858 tractus
1023 2785 1068 2856 ab
1088 2785 1292 2857 bominibus

215 2907 415 2995 deseretur,
455 2909 694 3005 inhospitalior
730 2909 869 2981 Atlante
907 2914 964 2982 vel
999 2911 1163 2982 Caucaso.
1203 2912 1292 2982 Huic

217 3033 416 3126 ignominiae
436 3045 472 3105 et
496 3035 577 3106 huic
604 3036 708 3130 pesti,
736 3035 802 3106 viri
835 3039 956 3117 fortes,
982 3035 1163 3105 occurrite.
1183 3035 1293 3106 Vide-

167 3159 170 3165 “
216 3156 297 3227 bitis
325 3178 412 3227 saxa
438 3158 589 3230 nondum
613 3161 703 3231 sicco
725 3159 812 3233 civis
840 3157 949 3229 vestri
973 3179 1096 3229 cruore
1121 3161 1292 3232 rorantia,

216 3281 297 3352 inde
318 3279 459 3351 discetis
480 3289 685 3354 caeterorum
708 3282 809 3353 saluti
830 3303 981 3374 quonam
1001 3279 1154 3351 remedio
1174 3282 1293 3374 provi‡

216 3404 371 3478 dendum
392 3403 446 3474 sit.
468 3405 534 3488 Qui
558 3412 739 3496 amputare
766 3406 840 3474 vult
866 3403 1038 3487 arborem,
1067 3425 1086 3473 a
1112 3400 1293 3474 radicibus

217 3527 372 3619 incipiat,
399 3527 457 3618 qui
485 3527 614 3597 siccare
639 3528 717 3596 vult
742 3525 885 3610 rivulos
916 3527 1044 3597 sontem
1079 3523 1204 3594 siccet:
1225 3526 1295 3609 Qui

217 3651 424 3740 extinguere
444 3653 520 3720 vult
541 3651 709 3733 latrones,
732 3648 869 3719 insistat
890 3632 1163 3742 receptatoribus
1181 3648 1297 3717 extir-

218 3772 352 3861 pandis.
375 3773 425 3843 Ite
447 3771 616 3855 celeriter,
639 3772 686 3841 ite
707 3771 848 3842 feliciter
867 3792 938 3863 quo
959 3764 1128 3864 coepistis,
1148 3779 1184 3839 et
1202 3769 1296 3840 bene

218 3895 419 3976 iuvantibus
441 3896 590 3987 superis,
612 3894 703 3965 beda
720 3897 887 3966 scelerum
905 3897 1056 3966 claustra
1069 3893 1296 3984 confringite,

220 4016 322 4088 simul
353 4042 393 4090 ac
425 4031 539 4090 uotam
562 4007 618 4089 'ab
652 4019 759 4088 oculis
786 4018 916 4089 nostris
946 4018 1153 4109 abstergite,
1189 4015 1300 4086 relin-

220 4150 366 4228 quentes
388 4143 536 4234 posteris
558 4141 700 4233 iustitiae
721 4145 863 4225 famam,
886 4163 990 4234 quam
1012 4164 1030 4211 a
1056 4137 1216 4233 patribus
1239 4160 1300 4208 ac-
