2934 4650
684 290 845 340 vitulinum

433 643 435 646 Α
582 564 759 628 EPISTOLA
779 565 908 630 XXXVII.

271 766 273 768 ,
296 761 297 764 ,
329 709 521 769 rnrucrsaus
543 712 710 761 narniam
731 712 831 762 uenio
852 712 1011 764 enaunnsr
1032 714 1057 764 s.
1081 716 1108 764 r.
1133 718 1166 766 n.

411 827 539 900 Epistolae
553 829 588 885 ab
603 846 636 886 eo
651 835 768 902 acceptae
781 830 904 886 breviter
915 832 1073 903 respondet.

263 1105 267 1111 .
303 1035 423 1108 Amice
442 1037 580 1131 optime.
603 1039 677 1109 Non
701 1035 896 1133 cogitabam
923 1036 1054 1130 aliquid
1080 1059 1174 1108 nunc
1203 1039 1292 1109 scri-

204 1159 288 1231 bere
318 1169 501 1232 contentus
528 1161 648 1232 latoris
676 1160 862 1254 praesentis
891 1159 1083 1252 qualiquali
1106 1159 1287 1243 facundia,

205 1294 240 1354 et
273 1283 439 1355 memoria
469 1286 579 1355 multa
612 1305 667 1354 me
701 1291 782 1354 ante
814 1283 890 1354 dies
923 1302 1055 1377 paucos
1096 1284 1289 1376 scripsisse

205 1427 285 1499 quae
304 1406 349 1477 ad
372 1427 436 1478 vos
456 1407 661 1500 pervenisse
692 1404 842 1477 confido.
870 1407 998 1499 Recepi
1020 1414 1133 1477 tamen
1159 1417 1286 1501 postea

204 1528 355 1600 dominae
382 1550 469 1600 meae
492 1540 698 1623 vestrasque
719 1531 898 1613 litterulas,
921 1527 1104 1625 inquibus
1124 1529 1287 1600 nihilest

205 1631 298 1726 aliud
318 1673 421 1746 quam
446 1653 627 1725 admiratio
656 1661 910 1745 vestra-super
936 1650 1100 1723 dilatione
1121 1653 1286 1744 responsi

206 1777 295 1850 mei:
316 1800 385 1850 non
405 1778 577 1850 immerito
597 1778 633 1851 id
654 1777 818 1872 quidem:
842 1779 959 1850 sedet
981 1777 1048 1848 hoc
1072 1776 1189 1870 ipsum
1216 1776 1284 1848 iliis

205 1902 240 1972 in
261 1901 382 1974 litteris
403 1902 491 1973 meis
514 1901 611 1987 satis,
639 1910 678 1973 ut
696 1899 853 1983 arbitror,
877 1911 932 1971 est
954 1882 1171 1992 responsum.
1190 1897 1284 1969 Nihil

205 2023 427 2118 adpraesens
448 2023 550 2096 vobis
579 2025 673 2097 aliud
700 2046 778 2095 sum
805 2023 1020 2120 scripturus:
1050 2021 1285 2113 Bergaminus

205 2150 271 2221 scit
297 2151 332 2220 in
357 2149 422 2222 hac
447 2160 546 2243 parte
572 2170 633 2220 cor
660 2170 787 2219 meum.
822 2145 978 2219 Dominae
1004 2153 1121 2216 autem
1149 2152 1284 2214 nostrae

203 2273 288 2344 nihil
309 2272 438 2357 scribo,
460 2295 503 2344 ne
524 2293 608 2345 suos
631 2293 797 2364 meosque
817 2273 930 2342 luctus
955 2271 1190 2357 accumulem3
1217 2266 1284 2338 vix

202 2397 295 2468 enim
316 2417 460 2491 possum
480 2416 557 2465 eam
577 2394 654 2465 sine
672 2395 821 2466 lacrimis
840 2381 1003 2485 cegitare.
1022 2392 1284 2464 Recommendo

202 2532 318 2592 autem
341 2541 396 2590 me
418 2515 483 2588 sibi
508 2527 544 2587 et
564 2515 643 2588 filiis
672 2517 746 2588 suis
772 2516 921 2588 dominis
948 2516 1056 2587 meis:
1078 2525 1158 2607 opto
1179 2514 1285 2586 vobis

204 2663 326 2713 sanum
359 2661 486 2732 corpus
513 2649 550 2711 et
574 2640 797 2732 tranquillum
831 2640 997 2711 animum.
1024 2639 1174 2709 RecuIas
1202 2637 1289 2711 illas

203 2761 364 2836 habetote
385 2747 574 2836 memoriae.
596 2765 691 2835 Vale.

326 2982 327 2985 Ἴ
816 2886 1023 2959 Franciscus
1045 2886 1179 2958 Vester.

343 3028 480 3098 venetiis,
497 3029 573 3084 XXX
588 3027 759 3098 Decembris,
775 3044 904 3101 propere.

486 3376 490 3383 ·
565 3346 742 3412 EPISTOLA
762 3347 905 3412 XXXVIII.

231 3502 424 3554 FRANCISCUS
443 3501 612 3551 Parauaea
632 3501 770 3550 NICOLAO
791 3503 963 3553 LAURENTH
984 3500 1158 3551 animoa.
1180 3501 1260 3550 ROM.

678 3601 704 3649 S.
723 3603 751 3651 P.
769 3603 799 3651 D.

203 3740 298 3798 Rebus
307 3738 402 3811 coeptis
410 3735 586 3808 perficiendis
595 3736 701 3792 animos
711 3738 800 3794 addit:
812 3739 918 3795 litteras
930 3739 990 3794 eius
1002 3737 1157 3794 avidissime
1170 3736 1284 3809 exquiri

308 3833 336 3883 et
348 3828 377 3882 in
391 3827 490 3897 vulgus
503 3825 579 3896 ferri,
595 3831 622 3880 et
636 3844 732 3883 aarum
748 3830 842 3885 stilum
858 3830 909 3885 sihi
923 3830 1043 3885 maxime
1057 3826 1179 3900 probari.

297 4019 371 4092 Non
393 4018 550 4092 desinam
570 4019 722 4111 quotidie
740 4019 801 4090 tibi
819 4020 973 4094 scribere
990 4020 1102 4113 magis
1121 4029 1159 4092 ut
1177 4018 1283 4113 quid-

202 4141 286 4233 quid
304 4143 348 4215 de
367 4151 399 4214 te
418 4144 563 4236 parturit
581 4142 717 4216 animus
734 4167 835 4218 meus
853 4147 984 4238 primus
1001 4143 1154 4216 omnium
1169 4143 1277 4225 scias
