2730 4680
270 302 366 350 ·LIBER
387 301 678 352 vlcnslllusexltlus
690 321 730 334 -·
739 301 892 350 urlsvotn
914 303 977 351 vill.
1128 293 1162 353 71

90 456 275 535 prosperos
305 447 528 530 exoptamus,
560 436 628 507 iam
661 447 695 509 to
729 439 854 509 summi
888 438 1026 533 Imperii
1060 460 1165 512 nosse

90 582 307 657 puerperam.
324 559 400 632 Non
423 561 479 630 hic
499 560 650 645 desines
671 561 733 633 sed
754 562 847 654 quod
865 582 903 632 es
921 582 1002 633 orsa
1019 561 1165 635 feliciter

89 684 285 757 Felicissime
301 684 575 773 consummabis
590 685 808 776 Quamquam
824 707 895 762 non
912 693 1027 779 potest
1043 686 1164 779 utique

91 830 195 880 sexus
217 807 275 879 ille
295 798 480 893 contemni,
498 792 591 880 uude
611 807 764 879 coelestis
782 808 972 900 Imperator
992 818 1164 904 tempora-

90 935 152 1005 lem
172 931 284 1003 traxit
303 930 486 1022 originem,
508 930 579 1023 qui,
596 940 633 1003 ut
652 931 701 1002 ait
721 931 867 1023 insignis
893 932 968 1003 veri
991 936 1165 1026 professor

91 1056 317 1148 Augustinus
336 1055 475 1147 nequis
492 1057 580 1127 forte
598 1076 709 1126 sexus
726 1077 746 1125 a
764 1076 829 1126 suo
847 1056 1010 1127 Crantore
1029 1077 1069 1126 se
1082 1077 1165 1127 cou—

91 1191 255 1274 temptum
287 1188 437 1273 putaret,
466 1180 582 1250 virum
616 1179 784 1275 suscepit,
815 1190 918 1252 natus
952 1202 999 1252 ex
1023 1180 1165 1252 foemina

77 1315 152 1375 est:
167 1303 263 1376 unde
283 1312 454 1397 praeterea
474 1312 509 1373 et
528 1303 655 1374 terreni
678 1325 780 1394 reges
801 1304 902 1397 primi
923 1303 1102 1377 hominum
1129 1314 1165 1375 et

90 1424 1165 1519 quisurnmuminregihuslucumteuentdiviCaesaresoriun-

92 1557 153 1621 tur.
167 1548 271 1620 Adde
283 1549 379 1640 quud
393 1571 457 1625 uec
472 1557 569 1642 partu
589 1559 733 1632 tantum,
754 1550 817 1621 sed
835 1549 973 1641 ingenio
990 1558 1025 1621 et
1037 1550 1165 1624 virtute

90 1669 265 1765 multiplici
274 1669 542 1763 etrebusgestis
556 1683 591 1744 et
604 1672 704 1763 regni
718 1672 828 1765 gloria
841 1694 950 1745 sexus
961 1685 1016 1744 est
1026 1673 1161 1746 nobilis.

90 1793 128 1866 Ut
143 1793 236 1864 enim
256 1814 366 1886 pauca
383 1792 427 1866 de
445 1795 562 1866 multis
580 1796 824 1888 praetereundo
841 1793 1050 1888 contingam,
1069 1799 1164 1891 apud

90 1913 347 2009 antiquissimos
383 1915 581 1989 Graecorum
616 1918 788 2013 repertrix
826 1919 1004 1991 variarum
1036 1921 1161 1991 artium

89 2038 241 2110 Minerva
257 2037 424 2132 virosque
437 2040 712 2132 omnesingenio
735 2062 974 2135 supergressa,
996 2053 1101 2134 atque
1118 2041 1164 2112 oh

89 2182 160 2232 eam
181 2183 255 2232 rem
279 2162 460 2254 sapientiae
485 2163 549 2235 dea
570 2163 737 2249 estlsis,
760 2163 877 2235 luaohi
898 2162 966 2233 filia
988 2163 1161 2257 AEgyptiis

89 2289 194 2378 prima
220 2287 354 2359 litteras
379 2287 485 2359 dedit.
507 2287 611 2379 Apud
630 2308 694 2359 uos
714 2307 801 2358 vero
824 2286 1017 2357 Carmentis
1044 2289 1160 2357 Evau-

88 2408 136 2479 dri
156 2408 260 2502 Regis
283 2421 407 2495 mater,
435 2409 558 2481 harum
580 2410 708 2504 quihus
729 2411 859 2481 utimur
881 2407 1074 2480 litterarum
1094 2410 1163 2480 fer-

89 2543 138 2605 tur
164 2533 353 2607 inventrix.
380 2531 519 2627 Sappho
533 2553 648 2625 graeca
661 2534 775 2626 puella
788 2531 896 2604 libros
923 2532 1072 2624 scripsit,
1100 2530 1160 2623 qui

87 2677 291 2749 magnorum
310 2666 488 2749 poetarum
503 2655 650 2748 ingeniis
667 2666 921 2750 comparentur.
935 2653 1048 2726 Proba
1065 2674 1161 2747 quae·

87 2778 163 2851 dam
189 2772 341 2875 Adelphi
374 2800 465 2850 uxor
498 2779 680 2872 utriusque
708 2800 818 2871 gnara
852 2778 1038 2860 sermonis,
1066 2777 1161 2871 apud

88 2921 222 2991 graecos
243 2899 444 2985 homericis,
467 2899 560 2995 apud
585 2922 649 2972 nus
676 2898 870 2991 virgilianis
890 2900 1004 2970 versis
1025 2898 1059 2968 iu
1087 2921 1158 2969 rem

88 3042 183 3095 suam
205 3021 380 3107 versibus
402 3021 521 3095 mundi
541 3023 711 3115 originem
730 3031 766 3092 et
784 3025 941 3094 fortunas
961 3030 1107 3114 patrum,
1125 3032 1161 3092 et

87 3146 211 3218 Christi
229 3137 419 3218 adventum
437 3147 695 3240 historiamque,
711 3145 923 3218 brevissimo
937 3167 1001 3219 suo
1017 3145 1159 3239 quidem

86 3271 214 3357 ordine,
229 3271 351 3342 alienis
366 3270 484 3342 verbis
501 3273 660 3366 amplexa
679 3282 744 3343 est.
768 3272 921 3342 Transeo
934 3269 1086 3365 Sibyllas
1107 3268 1160 3339 di·
1234 3305 1236 3311 ·

87 3396 184 3468 vinus
205 3393 368 3467 foeminas
388 3403 423 3464 et
434 3393 600 3486 praescias
619 3395 812 3466 futurorum
834 3402 870 3464 et
890 3392 999 3465 divini
1023 3390 1157 3463 consilii

87 3518 251 3602 conscias.
279 3517 378 3589 Unde
403 3538 530 3588 nomen
549 3517 711 3589 omnihus
737 3540 846 3589 unum
871 3516 1017 3588 inditum
1043 3513 1159 3605 perhi-

89 3639 194 3728 betur,
218 3663 296 3711 cum
315 3640 437 3712 decem
455 3639 565 3711 fuisse
582 3641 658 3712 illas
676 3651 710 3712 et
728 3640 838 3734 patria
855 3651 891 3711 et
907 3648 1009 3711 aetate
1025 3636 1158 3707 distan-

89 3774 144 3849 tes,
158 3767 280 3837 Marco
292 3765 446 3834 Varrone
460 3774 557 3848 teste,
573 3764 789 3837 noverimus:
803 3742 1035 3856 quarum'tam
1050 3760 1157 3830 multa

89 3886 255 3980 usquein
283 3885 386 3958 finem
405 3886 544 3972 mundi,
571 3886 815 3980 praecipueque
828 3884 871 3955 de
890 3880 1038 3965 Christo,
1067 3901 1158 3976 prae-

4 4087 6 4094 ,
91 4012 244 4083 nunciata
264 4009 449 4083 didicimus
468 4019 504 4082 et
523 4010 674 4105 impleta,
697 4019 736 4081 ut
757 4029 862 4080 unum
890 4008 955 4078 hoc
975 3986 1157 4078 commune

92 4133 236 4208 omnium
258 4132 399 4227 Sibyllae
420 4154 545 4206 nomen
566 4156 587 4204 a
604 4133 804 4207 doctoribus
825 4131 953 4204 uostris
974 4129 1156 4225 propheta-
