2992 4664
584 640 762 706 ansronn
783 639 865 733 run.

411 806 605 858 Fatuclscus
627 804 795 856 Parnason
817 805 860 854 AD
881 802 1033 855 innotuit.

228 961 307 1028 Quod
322 975 427 1033 equum
442 974 525 1015 suum
540 959 703 1014 custodierit
717 975 875 1031 sanumque
890 959 1029 1033 remiserit
1044 958 1228 1031 gratiasagit:

467 1055 495 1105 et
509 1049 672 1121 patientiam
687 1050 717 1104 in
732 1050 858 1106 adversis
874 1052 984 1107 suadet.

284 1305 405 1398 Equus
422 1325 524 1378 meus
545 1305 692 1378 stabulis
710 1305 778 1377 tuis
799 1312 922 1398 pastus
948 1304 994 1376 ad
1015 1325 1071 1375 me
1091 1304 1192 1377 rediit
1212 1325 1269 1375 so-

187 1428 247 1498 lito
272 1429 429 1519 vegetior
445 1438 550 1521 atque
568 1429 754 1499 lascivior:
786 1428 833 1498 ita
865 1449 971 1520 qoem
1007 1429 1138 1498 fessum
1164 1439 1268 1519 atque

188 1569 322 1640 aegrum
340 1549 567 1621 recreandum
591 1547 855 1641 sanandumque
873 1569 1097 1640 susceperas,
1118 1524 1269 1619 uberiori

188 1670 405 1762 indulgentia
423 1671 601 1762 saginasti.
623 1671 731 1742 lllnlta
753 1671 809 1740 ille
830 1670 987 1740 dicturus
1005 1669 1050 1740 de
1072 1682 1105 1740 te
1126 1669 1153 1739 si
1177 1670 1269 1761 loqui

187 1802 318 1888 posset,
340 1791 691 1894 nuncgliberalitatem
713 1804 808 1863 tuam
830 1793 941 1862 fronte
963 1801 1125 1874 testatur,
1153 1813 1194 1862 ac
1219 1801 1271 1861 ta-

187 1916 277 1986 citns
299 1918 424 1986 clamat
447 1917 615 2010 optimum
642 1937 680 1986 se
705 1925 740 1986 et
767 1916 908 2007 qualem
938 1934 1078 2006 semper
1112 1923 1271 2006 optasset

189 2036 359 2130 hospitem
387 2036 565 2109 hahuisse.
593 2036 697 2109 Venit
723 2058 841 2108 seeum
877 2044 936 2107 tua
968 2035 1013 2106 de
1045 2035 1270 2106 successibus
1308 2052 1310 2055 ’

189 2162 276 2233 meis
297 2182 406 2255 parva
426 2161 568 2254 quidem
591 2160 654 2232 sed
675 2181 760 2231 vere
781 2161 901 2251 gravis
921 2160 1078 2251 epistola,
1095 2160 1199 2229 ouius'
1215 2171 1271 2231 est

189 2282 249 2352 illa
270 2305 498 2376 summaque
520 2282 811 2377 praeclarissimus
828 2281 956 2353 ducum
971 2280 1157 2353 Africanus
1177 2281 1270 2375 apud

188 2404 325 2476 Livium
357 2427 457 2489 usus,
480 2407 600 2490 omnio,
630 2405 749 2499 inquit,
773 2427 845 2495 qaoe
879 2405 1006 2496 agimus
1037 2404 1181 2473 subiecto
1206 2423 1271 2472 esse

193 2531 283 2599 mille
303 2531 429 2599 rosidos
449 2533 525 2600 solo.
548 2528 687 2601 Sciebat
703 2530 760 2600 ille
782 2527 887 2600 rebus
904 2526 941 2598 in
962 2527 1124 2596 maximis
1144 2547 1272 2617 exper-

190 2663 269 2722 tus:
297 2653 428 2723 scimus
449 2662 484 2721 et
501 2673 565 2724 nos
584 2653 645 2744 qui
666 2651 817 2746 idipsum
842 2649 986 2722 assidue
1012 2647 1118 2720 rebus
1139 2648 1219 2718 licet
1236 2647 1271 2716 in

189 2772 380 2844 levioribus
407 2774 620 2865 experimur.
655 2775 813 2846 Dicerem
833 2771 928 2864 quod
963 2772 1079 2861 magni
1105 2770 1272 2841 dixerunt

189 2896 277 2965 viri:
303 2894 397 2964 Fotis
423 2897 569 2982 agimur,
605 2897 805 2978 etiterum,
840 2893 928 2962 Fato
959 2902 1080 2981 regunt
1104 2893 1270 2961 domines:

189 3028 225 3086 et
255 3014 339 3085 illud
369 3017 548 3087 Mantuani
581 3019 695 3088 vatis:
728 3016 918 3084 insulcabile
949 3017 1072 3104 sotum,
1107 3012 1174 3083 nisi
1193 3013 1274 3086 Fati

190 3159 317 3208 nomen
339 3148 538 3229 suspectum
561 3146 658 3209 esset
678 3135 771 3229 apud
797 3144 952 3210 nostros:
974 3136 1036 3208 sed
1063 3145 1157 3207 certe
1177 3137 1271 3228 quod

189 3259 263 3330 dixi
277 3259 387 3331 satius
399 3260 525 3332 dicitur
543 3258 704 3329 Fortunae
723 3268 873 3327 rotamur
893 3259 1043 3352 imperim
1068 3282 1173 3352 quam
1193 3261 1272 3330 licet

190 3383 283 3477 apud
305 3383 484 3474 Virgilium
507 3383 620 3474 ipsum
635 3385 758 3474 legam,
778 3382 1048 3475 omnipotentem
1065 3382 1181 3453 dicere
1202 3401 1271 3450 non

191 3504 318 3586 audeo,
343 3526 423 3575 cum
441 3504 475 3574 in
496 3505 620 3577 litteris
639 3505 748 3575 sacris
765 3526 835 3576 non
855 3502 924 3574 nisi
946 3523 1036 3573 unus
1055 3501 1100 3573 sit
1116 3503 1271 3593 omnipo·

192 3637 281 3709 tons;
302 3626 580 3719 multipotenlem
601 3626 738 3699 dixisse
758 3649 828 3698 non
849 3646 991 3719 vereor:
1014 3645 1110 3716 saepe
1131 3622 1270 3716 quidem

191 3747 326 3820 infirma
344 3751 567 3821 consiliorum
588 3761 789 3851 nostrorum
816 3751 910 3821 acies
933 3748 1024 3819 illius
1051 3745 1271 3818 adamantina

192 3871 362 3943 soliditate
387 3872 593 3944 retunditur.
628 3872 822 3943 Parendum
857 3870 983 3955 rebuS,
1006 3868 1270 3962 obsequendum

191 3993 354 4084 tempori,
380 3993 582 4065 cedendum
621 3992 847 4076 necessitati,
887 3992 1051 4086 patientia
1088 3991 1269 4064 durandus

195 4113 454 4206 armandnsque
467 4116 605 4187 animus
622 4115 846 4188 meditatione
860 4116 1035 4198 continua,
1052 4125 1087 4186 et
1107 4114 1158 4184 sic
1174 4112 1271 4183 insti-
