2804 4656
223 362 227 366 .
302 322 1002 377 ornanvrossmosraarrus-nrrsroun1v.
1136 314 1191 376 lttl

529 614 708 679 nrrsrom
727 615 773 679 rv.
833 574 837 578 ’

263 783 459 835 FRANCISCUS
481 783 651 834 assaliret
672 784 896 836 BONINCONTRO
920 786 946 837 S.
969 789 996 837 P.
1018 789 1048 838 [t.

286 925 447 981 Gratulatur
460 941 477 980 a
491 925 622 981 servitute
636 926 666 980 in
679 925 836 982 libertatem
851 927 1021 983 restitutum.

215 1190 285 1261 lam
308 1195 387 1259 sero
407 1187 499 1271 licet,
521 1187 650 1282 optime
671 1188 739 1271 vir,
762 1187 883 1259 vivere
903 1187 1042 1282 incipis:
1065 1188 1194 1280 gaude:

117 1314 203 1384 satis
222 1322 276 1383 est
295 1311 399 1395 enim,
429 1310 532 1381 modo
558 1310 702 1404 incipias
727 1319 914 1403 antequam
939 1311 1092 1383 desinas.
1114 1312 1197 1397 Qui-

117 1435 198 1506 dam
217 1444 325 1517 certe,
345 1443 382 1505 ut
402 1431 560 1504 Annaeus
577 1433 636 1516 ait,
656 1440 736 1504 ante
753 1433 935 1504 desierunt
951 1456 1055 1526 quam
1069 1433 1198 1528 incipe·

118 1567 204 1630 rent.
232 1559 301 1628 lam
334 1558 489 1629 classico
507 1578 577 1626 non
601 1555 825 1650 obstrepente
849 1579 915 1628 nec
947 1557 1197 1649 stringentibus

116 1681 222 1763 curis
238 1680 393 1772 integros
407 1689 442 1751 et
464 1679 667 1772 tranquillos
685 1689 720 1750 et
732 1679 887 1774 placidos
906 1701 1049 1752 somnos
1065 1681 1195 1774 carpis:

117 1804 183 1875 iam
208 1806 307 1875 laelos
333 1802 409 1873 dies
437 1822 648 1894 securasque
674 1811 794 1874 noctes
820 1803 912 1894 agis:
939 1803 1006 1874 iam
1034 1802 1068 1873 in
1094 1813 1197 1897 portu

116 1928 261 2019 navigas
288 1938 323 1999 et
348 1936 426 2019 post
447 1936 544 2017 terga
569 1925 770 2018 respiciens,
787 1923 945 1997 turbidas
969 1936 1006 1996 et
1026 1925 1196 2020 ancipites

117 2053 283 2147 procellas
297 2050 419 2125 ,cernis
440 2048 644 2142 intrepidus.
671 2050 840 2120 Praesenti
866 2047 971 2120 statui
992 2058 1053 2120 tuo
1078 2058 1198 2139 gratu-

117 2176 184 2259 lor,
207 2172 421 2266 praeteritum
449 2171 659 2260 miserabar,
681 2171 747 2243 etsi
762 2174 852 2244 forte
871 2173 979 2261 vulgo
998 2171 1128 2242 felicior
1145 2170 1197 2243 vi-

115 2295 266 2375 deretur.
280 2295 426 2366 Potuisti
443 2295 477 2365 in
498 2294 761 2388 tempestatibus
778 2305 813 2367 et
829 2292 862 2364 in
881 2293 972 2367 bello
988 2294 1086 2366 mori.
1106 2294 1197 2365 Ecce

115 2420 183 2489 iam
204 2419 343 2511 inpane
365 2398 538 2503 morieris,
561 2419 596 2489 in
617 2441 701 2512 pace
726 2420 838 2491 vives.
867 2420 1046 2491 Occultum
1067 2416 1197 2490 divinae

115 2541 342 2635 providentiae
364 2564 490 2614 munus
504 2543 692 2634 agnoscito.
716 2543 847 2634 Longae
860 2540 1123 2614 consuetudinis
1143 2541 1196 2611 vi-

116 2687 176 2738 sco
205 2667 424 2760 explicitum,
452 2688 493 2738 ac
519 2667 677 2739 fortassis
704 2677 742 2739 ul
767 2678 822 2740 es't
852 2667 987 2739 animus
1015 2666 1195 2739 hominum

115 2809 209 2884 saepo
230 2787 507 2858 rerumnesoius
524 2798 560 2858 et
578 2787 748 2881 periculis
769 2789 844 2859 suis
870 2792 1006 2872 favonS,
1028 2792 1086 2860 vel
1107 2787 1196 2859 invi-

113 2922 188 2982 tum
206 2920 239 2980 te
257 2920 385 2980 ventus
403 2909 564 3000 optabilis
582 2910 704 3002 patriae
726 2910 891 2993 reddidit,
907 2921 944 2981 ut
961 2911 1006 2983 ad
1026 2923 1194 2983 aeternam

113 3033 206 3105 illam
228 3031 388 3125 patriam,
412 3032 502 3103 unde
516 3034 819 3116 nuno-exulemus
837 3032 975 3105 liberior
990 3033 1036 3103 sit
1057 3053 1195 3126 regres·
1263 3097 1272 3116 ,

114 3179 185 3230 sus.
214 3157 242 3226 0
267 3167 397 3249 quanto
424 3155 485 3225 tibi
512 3153 635 3226 melius
661 3154 787 3227 accidit
814 3177 918 3248 quam
945 3157 1129 3248 sperabas!
1151 3158 1195 3228 Et

114 3281 229 3374 pelagi
240 3289 407 3363 monstra,
421 3286 457 3350 et
470 3278 624 3349 sirenum
638 3287 764 3348 cantus
775 3278 882 3350 surda
897 3289 991 3351 tutus
1003 3302 1087 3352 aure
1101 3276 1195 3351 tran-

115 3403 211 3488 siisti,
227 3413 262 3474 et
276 3405 373 3476 salva
387 3400 493 3496 puppi
500 3403 698 3498 Scyllamot
711 3400 923 3498 Charybdim
936 3423 978 3474 ac
991 3392 1099 3474 multa
1113 3423 1193 3474 cum

115 3527 217 3599 laude
237 3525 412 3597 curiarum
434 3525 559 3596 fluctus
577 3534 613 3597 et
633 3528 794 3618 scopulos
815 3526 972 3598 evasisti.
992 3526 1063 3596 lam
1084 3524 1118 3593 in
1134 3543 1194 3616 pa-

115 3649 178 3718 tria
204 3657 262 3720 tua
292 3649 404 3739 degis.
432 3649 503 3719 lam
528 3648 573 3720 ad
601 3649 746 3742 patriam
778 3650 914 3743 pergis:
941 3648 1010 3720 iam
1039 3639 1192 3738 denique

115 3779 194 3842 tuus
213 3771 307 3842 esO
328 3770 550 3856 invidiosum,
564 3791 586 3873 o
598 3769 737 3843 beatum
756 3781 799 3856 te,
819 3772 847 3843 si
861 3769 945 3865 quid
958 3766 1076 3854 fueris,
1091 3765 1194 3861 quid-

115 3914 160 3967 ve
181 3894 232 3965 sis
252 3892 409 3966 noveris!

254 4043 416 4114 Mediolani,
433 4043 479 4100 Vl.
498 4043 636 4102 Kalendas
651 4045 803 4102 Februarii.
