2738 4680
219 287 275 349 tlt
553 300 595 346 nu
616 297 718 346 nunus
738 296 961 345 snlrnrnrueus

215 444 318 515 iussit
336 445 481 535 flerique
500 441 610 513 vetuit
628 443 794 511 senatos?
810 442 898 510 Dum
917 440 962 510 ad
976 442 1178 512 memoriam
1196 462 1296 513 revo-

216 579 312 641 caret
338 581 376 638 nt
399 567 612 637 Pescennius
645 563 736 634 idern
772 564 895 654 Niger,
931 563 1021 634 sicut
1051 564 1084 634 in
1121 567 1190 636 rita
1221 566 1296 637 eins

217 693 479 784 scriptumest,
510 688 556 760 ob
579 688 683 759 unius
712 687 892 778 gallinacei
917 685 1146 780 direptionem
1176 689 1296 759 decem

215 813 544 904 commanipuloues,
560 810 620 904 qui
633 823 770 903 raptum
788 808 833 881 ab
848 833 917 881 uno
931 811 1167 894 comederant,
1185 812 1296 882 securi

216 935 349 1030 percuti
376 934 492 1018 iussit,
520 933 683 1026 quamvis
709 930 978 1025 impendentem
997 933 1130 1005 veritus
1158 933 1296 1006 seditio

217 1082 306 1142 nem,
319 1069 390 1130 toto
403 1057 560 1128 exercitu
570 1058 787 1148 deprecante,
799 1055 948 1148 rigidam
962 1059 1170 1129 sententiam
1184 1059 1296 1130 victus

216 1181 428 1254 inflecteret?
441 1180 535 1274 qnod
549 1203 616 1252 non
634 1181 715 1251 fecit
734 1180 891 1263 Cassiae,
907 1180 953 1251 dc
965 1202 1036 1272 quo
1050 1181 1097 1253 ita
1111 1181 1294 1255 scribitur:

217 1305 345 1376 milites
364 1303 424 1396 qui
446 1303 576 1394 aliquid
591 1303 863 1396 provincialibus
885 1304 1047 1376 tulissent
1068 1328 1130 1398 per
1151 1308 1238 1392 vim,
1260 1308 1295 1381 in

216 1427 303 1520 ipsis
329 1427 396 1496 illis
425 1425 509 1496 locis
535 1425 568 1495 in
590 1425 719 1518 quibus
741 1438 987 1519 peccaverant,
1011 1431 1046 1499 in
1068 1451 1208 1502 crucem
1238 1451 1296 1501 sn·

218 1553 325 1622 stulit.
352 1554 396 1621 Et
419 1563 455 1622 ut
487 1552 654 1644 supplicia
688 1551 930 1644 severitasque
963 1561 1158 1636 cessarent,
1193 1577 1297 1646 quem

217 1696 341 1767 quaeso
362 1675 430 1745 nisi
450 1675 563 1746 omnis
583 1675 724 1747 virtutis
743 1686 778 1747 et
795 1675 916 1766 gloriae
935 1687 1211 1768 contemptorem
1230 1699 1295 1750 non

218 1810 375 1870 moveret
410 1821 450 1887 ac
484 1798 657 1869 sociorum
683 1798 728 1869 ab
753 1799 888 1871 iniuriis
914 1799 1147 1871 abstinentem
1172 1803 1300 1873 faceret

218 1922 275 1993 illa
299 1923 483 1994 modestiae
507 1925 583 1993 laus
617 1921 748 1992 eximia
781 1922 875 2015 apud
908 1923 1110 1994 Ciceronem
1143 1926 1234 1994 lecta
1266 1923 1299 1993 in

219 2046 386 2129 oratioue,
422 2068 527 2139 quam
559 2048 604 2118 de
634 2045 751 2139 Magni
776 2046 929 2139 Pompeii
955 2047 1119 2119 laudibus
1145 2047 1298 2140 scripsit:

222 2171 324 2242 Cuius
349 2172 492 2265 lepiones
517 2172 628 2264 inquit
651 2171 753 2240 sicin
780 2169 893 2242 Asiam
921 2182 1146 2263 peruenerunt
1170 2184 1209 2241 ut
1234 2193 1299 2240 non

218 2295 313 2366 modo
337 2318 456 2365 munus
483 2298 569 2364 tanti
592 2296 772 2379 accercitus,
804 2293 860 2364 sed
891 2316 933 2363 ne
966 2295 1141 2388 uestigium
1173 2294 1300 2386 quidem
1336 2283 1339 2290 ¹

220 2419 372 2509 cuiquem
388 2429 514 2510 ,poento
539 2417 687 2487 nocuisse
709 2415 864 2486 dicotur?
890 2416 963 2486 lum
989 2440 1066 2487 cero
1093 2417 1302 2507 quemadmo-

220 2539 298 2609 dum
320 2541 438 2610 milites
463 2541 634 2610 hibernent
659 2537 802 2630 quotidie
827 2562 992 2610 sermones
1017 2563 1056 2612 oc
1081 2543 1198 2612 littere
1225 2565 1302 2635 per-

218 2666 397 2751 [eructum
437 2685 506 2731 non
545 2660 641 2731 modo
680 2673 716 2732 ut
755 2674 923 2755 sumptum
958 2668 1060 2754 faciut
1098 2667 1134 2734 in
1166 2666 1302 2736 militem

221 2786 350 2855 nemini
368 2788 418 2857 cis
439 2789 587 2880 offertur,
610 2785 666 2855 sed
681 2794 723 2855 ne
742 2789 889 2880 cupienti
908 2787 1037 2879 quidem
1055 2790 1210 2878 cuiqnam
1226 2811 1302 2882 per·

220 2911 386 2980 mittitur:
425 2911 538 2980 bicinis
564 2912 654 2980 enim
679 2933 747 2981 non
773 2913 926 2984 nouritirc
946 2914 1136 3004 perfugium
1166 2915 1303 2981 maiores

221 3035 328 3103 nostri
345 3035 382 3102 in
402 3037 564 3104 sociorum
584 3046 682 3125 utque
702 3037 885 3104 amicorum
910 3037 1001 3105 tectis
1025 3057 1091 3105 esse
1114 3038 1301 3117 uoluerunt.

221 3157 306 3226 Haec
335 3155 472 3234 Cicero,
492 3169 700 3229 caeterorum
739 3159 831 3230 enim
865 3160 1048 3230 sententiae
1074 3159 1179 3231 huius
1201 3160 1304 3230 etiam

221 3278 332 3350 verbo
357 3279 557 3352 venerabile
590 3282 728 3376 pondus
768 3282 905 3354 habent.
944 3283 1065 3375 Neque
1096 3294 1232 3355 tantum
1269 3281 1303 3351 iu

223 3402 337 3474 socios
370 3403 584 3487 innocenter,
621 3406 684 3477 sed
717 3405 751 3475 in
772 3407 894 3477 hostes
922 3426 1062 3499 quoque
1089 3405 1239 3476 fideliter
1267 3426 1304 3475 se

222 3525 391 3614 gerebant
423 3525 593 3598 soedernm
629 3550 670 3599 ac
701 3523 880 3621 pactorum
914 3530 1182 3601 servantissimi.
1219 3530 1304 3600 Hinc

222 3648 389 3719 Veturius
413 3657 519 3740 atque
550 3649 750 3720 Postumius
771 3652 944 3734 consules,
966 3652 1063 3744 quud
1084 3652 1222 3723 iniussu
1244 3653 1303 3722 Se-

223 3782 325 3843 natus
351 3780 386 3842 et
407 3772 522 3866 populi
546 3774 691 3842 Romani
714 3796 834 3865 pacem
860 3797 938 3845 curn
968 3775 1183 3863 Samnitibus
1204 3774 1306 3845 lecis-

224 3908 313 3981 sent,
338 3900 497 3968 volentes
523 3897 613 3967 besti
639 3896 748 3967 dediti
774 3899 913 3990 privato
943 3899 1094 3990 periculo
1116 3895 1221 3968 fidem
1244 3919 1306 3990 pu-

223 4014 347 4096 blicam
381 4023 632 4093 exsolverunt:
666 4021 829 4113 quamvis
855 4043 933 4093 eam
954 4021 1167 4092 deditionem
1194 4019 1304 4092 hostis

224 4152 397 4231 argueret.
424 4144 510 4216 llinc
537 4145 670 4255 decem,
685 4145 732 4215 illi
765 4145 825 4238 qni
857 4145 1029 4218 Cannensi
1062 4147 1182 4240 praelio
1210 4142 1302 4238 capti
