2940 4650
232 304 291 365 540
455 312 622 365 FaAuelscr
644 315 821 365 PETRARGAE
843 314 1095 366 impleberunt.

233 481 310 530 rum
331 476 412 530 esse
432 478 501 529 non
521 455 664 540 dubito;
687 456 778 528 siout
796 456 853 530 ille
872 456 973 528 euius
995 477 1066 528 non
1083 465 1191 529 aetus
1212 459 1328 547 modo,

234 578 297 650 sed
313 576 421 651 verba
442 582 584 652 multam
606 578 759 650 habeant
778 580 814 649 in
835 579 1015 672 proposito
1033 577 1200 652 veritatis
1218 578 1329 652 firmi-

234 699 575 774 tatem.'Huiusmodi
593 709 709 773 autem
728 710 857 772 terram
878 700 1060 787 haetenus,
1081 701 1325 776 intervenien-

234 823 326 896 tibus
352 824 429 896 aliis
461 823 637 919 impensis,
668 844 786 896 emere
811 845 880 895 oon
905 823 1012 895 valui.
1035 824 1071 893 Si
1091 845 1183 917 ergo
1208 826 1323 920 ipsam

232 968 362 1030 emero,
385 958 423 1017 nt
450 967 569 1040 spero,
596 947 719 1017 faciam
752 946 984 1017 instrumento
1017 947 1208 1040 emptionis
1238 948 1322 1043 poni

232 1067 328 1162 quod
360 1069 470 1162 ipsam
501 1089 581 1139 emo
613 1069 730 1140 animo
754 1068 914 1140 ecelesiae
941 1069 1184 1162 relinquendi:
1212 1079 1251 1140 et
1275 1092 1320 1143 ex

233 1213 324 1263 nune
344 1189 510 1275 balneio,
541 1190 703 1283 quamvis
724 1186 884 1263 eiusdem
905 1201 1008 1290 terrae
1029 1193 1134 1264 situm
1161 1193 1318 1265 nondum

232 1333 376 1406 possum
397 1313 433 1382 in
455 1312 780 1404 scriptis‘inserere
804 1312 1016 1397 Sinrautem
1037 1315 1208 1405 quoniam
1233 1336 1319 1386 non-

233 1454 410 1525 nunquam
443 1432 512 1524 piae
548 1434 755 1505 voluntates
778 1443 921 1527 propter
938 1500 939 1503 ,
957 1445 1100 1528 peecata
1135 1436 1317 1508 bominum

232 1552 360 1623 deduci
380 1555 618 1644 nequeuntzad
630 1555 804 1639 effectum,
825 1557 953 1628 dictam
972 1564 1099 1628 terram
1120 1578 1242 1629 emere
1261 1559 1318 1629 vel

232 1683 373 1769 propter
390 1676 629 1769 impotentiam
646 1679 703 1748 vel
722 1686 862 1771 propter
879 1678 1127 1770 negligentiam
1145 1681 1315 1764 omisero,

232 1799 310 1888 lego
345 1798 412 1891 ipsi
443 1799 605 1870 ecclesian
636 1798 942 1872 Paduae·dneatos
968 1800 1140 1872 ducentos
1170 1802 1249 1873 auri
1272 1803 1317 1876 ad

232 1919 415 1992 emendum
439 1921 693 2014 aliquantulum
715 1932 819 1992 terrae
841 1921 900 1992 ubi
923 1921 1047 1992 melius
1073 1920 1150 1994 fi'eri
1171 1925 1315 2016 poterit,

231 2043 277 2115 de
297 2045 397 2141 euius
418 2043 646 2138 proventibus
661 2054 869 2139 perpetuum
888 2044 1167 2115 anniuersarium
1187 2048 1317 2116 animae

232 2187 320 2238 meae
340 2164 423 2237 fiat:
444 2177 480 2238 et
500 2167 566 2259 ipsi
586 2166 727 2238 domino
749 2167 916 2259 supplico,
940 2167 970 2238 si
992 2176 1074 2237 tune
1093 2166 1210 2252 viret,
1226 2169 1317 2257 sieut

230 2289 333 2382 cupio
353 2297 387 2359 et
410 2290 522 2360 Deum
545 2311 680 2381 precor,
709 2300 746 2362 ut
772 2291 900 2360 multos
926 2297 1047 2381 postea
1071 2309 1185 2359 annos
1203 2292 1317 2362 .laetus

230 2420 266 2481 et
290 2411 372 2481 felix
398 2409 519 2493 vivat3
550 2413 607 2483 vel
641 2412 672 2482 si
703 2408 810 2504 (quod
834 2412 928 2481 Deus
955 2409 1102 2502 avertat)
1131 2418 1217 2480 tune
1239 2412 1317 2504 ipse

231 2552 300 2602 non
330 2528 483 2615 river‘et,
514 2550 639 2622 preeor
665 2532 770 2601 alium
800 2551 1056 2624 quemeumque
1078 2550 1187 2622 penes
1208 2552 1317 2622 quem

232 2652 283 2722 rei
316 2651 420 2722 buius
453 2652 522 2723 erit
553 2652 751 2735 arbitrium,
786 2662 959 2744 quatenus
998 2650 1044 2722 ob
1080 2652 1317 2723 reverentiam

230 2771 350 2844 Mariae
370 2773 541 2866 Virginis,
563 2784 600 2846 et
619 2776 697 2859 mei,
721 2773 801 2846 lieet
820 2774 955 2864 indigni
976 2782 1011 2845 et
1030 2773 1147 2867 pusilli
1161 2772 1317 2845 bominis

201 2950 207 2955 .
231 2907 444 2989 respectum,
460 2897 629 2971 concedat
645 2899 711 2970 boe
729 2895 823 2981 lieri3
841 2909 876 2968 et
893 2897 1071 2969 decretum
1086 2915 1192 2966 suum
1207 2915 1317 2988 super

231 3016 298 3089 boo
317 3019 557 3092 favorabiliter
577 3021 786 3113 interponat.

328 3138 425 3230 Lego
457 3149 572 3211 antem
604 3142 765 3212 ecelesiae
799 3138 892 3234 apud
923 3160 1027 3234 quam
1063 3137 1214 3230 sepeliar
1250 3139 1317 3211 du-

229 3266 326 3331 catos
347 3259 433 3330 XX:
451 3261 527 3332 aliis
548 3270 664 3333 autem
685 3261 842 3333 eeclesiis
864 3272 1014 3353 quatuor
1030 3259 1194 3331 ordinum
1215 3281 1318 3331 men·

230 3380 429 3468 dicentium,
452 3382 481 3453 si
499 3383 547 3454 ibi
567 3385 703 3468 suerint,
725 3383 870 3456 ducatos
892 3385 933 3455 V.
956 3404 1018 3477 pro
1038 3382 1206 3475 qualibet.

327 3504 545 3598 Pauperibus
566 3506 695 3578 Christi
716 3508 795 3599 lego
815 3507 853 3577 C.
874 3506 1022 3578 ducatos
1048 3503 1318 3580 distribuendos

229 3636 268 3699 ut
299 3626 478 3699 videbitur
508 3627 651 3700 iohanni
678 3630 872 3703 aBocheta
899 3628 1035 3701 custodi
1060 3626 1225 3700 eeclesiae
1251 3627 1321 3702 Pa-

229 3746 379 3819 duanae:
401 3757 436 3820 et
455 3748 522 3821 boe
547 3752 578 3822 si
593 3751 660 3832 ⁸hio
687 3754 825 3824 moriar.
853 3750 914 3825 Sin
938 3748 1029 3834 alibi,
1057 3748 1102 3820 ad
1127 3748 1321 3824 arbitrium

230 3869 364 3961 praelati
396 3871 488 3943 illius
520 3873 680 3945 ecclesiae
711 3873 747 3944 in
779 3896 847 3966 qua
881 3872 1081 3945 reconditus
1102 3873 1242 3942 luero:
1268 3874 1322 3946 ita

231 3998 344 4064 tamen
366 4003 405 4066 ut
424 3995 468 4066 de
488 3997 580 4071 dicta
604 3999 797 4093 quantitate
814 4000 930 4074 nullus
951 3998 1041 4068 ultra
1064 3995 1226 4086 singulos
1248 3996 1324 4070 ‹lu-

231 4123 326 4185 catos
347 4115 501 4212 accipiat.
