2738 4680
225 317 263 376 ol
562 328 602 374 uu
626 327 726 375 naeus
748 325 971 374 mtuimlumus

226 467 405 536 matutinae
425 464 553 557 quietis
579 463 742 536 admonet
775 465 966 558 soporifera
998 465 1109 536 noctis
1132 483 1231 559 pars.
1259 468 1307 536 Tu

226 593 306 661 vale
326 588 483 672 feliciter,
506 575 617 660 nostri
639 607 781 658 memor.

367 734 475 806 Scripta
488 732 575 789 rurali
590 734 705 802 calamo,
721 732 816 788 ldibus
832 732 968 804 Octobris,
984 739 1048 789 ante
1062 735 1163 789 lucem.

728 1024 808 1033 ——-.

637 1264 817 1329 urrsrom
837 1265 893 1361 rur.v

249 1434 442 1484 FRANCISGUS
463 1433 632 1483 Psrulucl
654 1435 832 1484 FRANGISCO
853 1434 960 1484 Ptolom
981 1433 1024 1483 SS.
1040 1433 1280 1484 -APosrotouuu

699 1540 725 1588 S.
748 1540 776 1588 P.
798 1541 828 1588 ll.

319 1702 406 1757 Suum
423 1700 553 1757 studendi
567 1701 696 1756 ardorem
706 1701 842 1762 ,describit
856 1719 911 1773 quo
926 1702 1058 1772 temporis
1072 1703 1214 1773 angustias

647 1791 742 1846 laxare
756 1797 880 1847 conatur.

320 2059 520 2152 Angustum
543 2062 626 2133 vitae
648 2062 799 2154 spatium
820 2064 940 2133 laxare
966 2063 1142 2155 proposui.
1165 2061 1205 2132 ld
1229 2061 1305 2155 qui-

223 2182 290 2254 bus
311 2183 445 2256 artibus
470 2181 547 2254 fieri
571 2186 683 2278 possit
703 2185 914 2276 interroges:
936 2184 1201 2276 fugacissimum
1229 2186 1304 2279 qui-

222 2306 303 2378 dem
324 2316 461 2402 tempus
482 2315 551 2390 est,
574 2307 784 2400 fraenarique
811 2309 879 2378 ullo
904 2306 1045 2398 ingenio
1071 2330 1140 2379 non
1175 2316 1302 2402 potest.

224 2431 294 2501 Seu
316 2433 444 2523 sopito,
469 2453 533 2501 seu
560 2431 656 2522 vigili
683 2429 849 2502 labuntur
874 2431 988 2514 borae,
1016 2432 1108 2516 dies,
1136 2452 1302 2516 menseS,

222 2554 321 2639 anui,
341 2556 486 2635 saecula3
507 2556 623 2626 omnia
643 2576 726 2648 quae
747 2554 813 2625 sub
834 2557 922 2628 coelo
944 2566 1040 2639 sunt,
1064 2575 1148 2624 mox
1170 2567 1209 2624 ut
1229 2563 1303 2627 orta

224 2688 305 2747 sunt
325 2686 523 2770 properant,
551 2689 586 2749 et
612 2676 779 2748 adfinem
812 2699 915 2751 suum
937 2679 1024 2747 mira
1044 2676 1230 2748 velocitate
1250 2700 1305 2749 ra-

221 2799 374 2890 piuntur.
396 2800 496 2871 Nulla
517 2799 743 2886 intermissio,
766 2805 861 2874 nulla
880 2803 996 2897 quies3
1015 2823 1082 2873 non
1101 2802 1213 2873 maior
1230 2802 1304 2873 die-

223 2946 299 2994 rum
320 2948 425 3023 quam
443 2925 596 2997 noctium
617 2928 699 3020 iuga
715 2937 781 3012 est,
801 2949 848 2997 ex
864 2947 935 3019 quo
967 2925 1088 2998 soliciti
1110 2924 1306 3017 procedant

223 3067 264 3116 ao
282 3069 419 3140 segnes,
442 3059 477 3119 et
502 3051 563 3141 qui
588 3050 754 3123 videntur
779 3056 873 3122 stare
899 3050 1073 3121 festinant.
1101 3048 1177 3118 Non
1204 3057 1244 3118 ut
1270 3046 1303 3116 in

222 3172 309 3242 mari
343 3173 459 3242 ventis
492 3174 746 3246 alternantibus
780 3174 879 3247 varia
910 3171 1100 3264 navigatio,
1125 3171 1304 3243 sedunus

223 3315 363 3386 semper
395 3305 450 3365 est
481 3296 565 3367 vitae
598 3317 725 3368 cursus
747 3297 848 3389 isque
869 3296 1087 3369 celerrimus:
1121 3316 1310 3387 nunquam,

222 3416 360 3509 regredi
379 3442 629 3513 nunquamque
651 3420 845 3492 subsistere
866 3430 936 3505 est3
959 3429 1165 3513 tempestate
1191 3419 1303 3510 quali-

221 3539 280 3611 bet
296 3551 331 3612 et
347 3543 441 3612 omni
459 3554 566 3614 vento
583 3543 822 3637 provehimur.
843 3545 903 3614 His
921 3544 1075 3627 mollior,
1095 3543 1150 3614 his
1168 3543 1301 3627 durior,

221 3662 276 3735 his
305 3662 457 3755 longior,
492 3665 547 3735 his
581 3665 722 3737 brevior
756 3667 830 3750 via,
865 3667 1029 3739 omnibus
1052 3690 1120 3739 una
1141 3666 1302 3738 celeritas

220 3796 285 3857 est.
310 3787 385 3858 Non
406 3787 530 3858 eodem
551 3790 650 3873 calle,
680 3788 741 3861 sed
763 3789 886 3860 iisdem
909 3789 1074 3885 passibus
1095 3789 1300 3882 gradimur,

221 3908 444 4003 diversisque
467 3911 662 3983 tramitibus
695 3933 818 3983 omnes
854 3937 960 3985 unum
991 3914 1143 4008 petimus
1172 3910 1299 3981 finem:

221 4052 284 4102 nec
305 4032 383 4105 ideo
401 4035 496 4127 quod
514 4035 570 4106 liic
592 4037 648 4105 illo
670 4037 783 4107 serius
806 4039 971 4128 pervenit,
993 4037 1120 4107 lentius
1138 4035 1298 4108 incessit:

220 4152 282 4222 sed
303 4155 371 4224 vioe
392 4158 589 4246 plusculum
611 4168 645 4230 et
666 4169 757 4229 meta
779 4159 944 4231 remotior
966 4158 1045 4244 luit,
1069 4180 1150 4252 quae
1175 4181 1298 4252 quam-
