2730 4680
146 333 165 393 l
486 341 527 389 nn
548 338 649 389 annus
671 337 892 388 rturnrnntaus

146 461 289 552 venisse
309 475 551 569 eognovimus,
572 473 711 546 Edundi
732 484 849 545 autem
870 475 904 544 in
932 474 1031 545 malls
1055 486 1091 546 et
1116 473 1232 546 efferri

146 601 267 674 laetitia
285 611 321 671 et
337 598 467 691 gestire
488 609 523 669 et
540 596 603 669 niti
616 608 667 683 et,
683 595 778 690 quod
792 607 846 667 est
858 595 1013 668 omnium
1025 597 1231 692 pessimum,

148 725 302 819 gloriari,
325 743 434 816 prope
455 722 586 792 ultimae
605 719 872 813 desperataeque
892 721 1055 813 nequitiae
1078 731 1142 792 est.
1164 723 1235 793 Ho-

147 872 226 921 rum
258 869 344 918 vero
377 847 481 939 plena
511 854 593 916 sunt
617 844 748 930 omnia,
776 844 911 936 hosque
931 843 1022 915 inter
1041 844 1234 916 vivendum

147 983 204 1044 est
222 969 337 1054 nobiS,
358 976 394 1040 et
415 968 445 1040 si
465 967 554 1039 inter
575 968 640 1038 hos
663 976 796 1038 tantum
816 989 856 1038 ac
881 989 950 1038 non
974 969 1079 1039 etiam
1105 989 1152 1038 ex
1177 968 1234 1038 his

149 1115 285 1176 sumus,
315 1088 408 1162 bene
440 1100 511 1162 est:
546 1113 758 1183 quamquam
786 1091 968 1162 convictus
1006 1093 1235 1180 scelestorum

148 1218 252 1289 nullis
275 1215 319 1287 sit
336 1214 512 1286 molestior
532 1235 639 1306 quam
665 1212 720 1284 his
747 1212 808 1307 qui
831 1213 876 1284 ab
909 1215 1047 1286 illorum
1077 1215 1234 1287 moribus

135 1339 277 1431 'insigni
294 1335 574 1410 dissimilitudine
596 1313 834 1407 secernuntur.
859 1337 1042 1429 Utcunque
1059 1348 1124 1423 est,
1145 1337 1236 1411 inter

149 1461 214 1534 hos
235 1461 404 1545 viximus,
423 1470 459 1530 et
484 1459 579 1551 quod
598 1459 784 1529 Psalmista
805 1460 926 1550 regius
946 1456 1110 1544 dellehat,
1138 1460 1238 1532 inve-

150 1583 341 1655 teravimus
362 1584 452 1654 inter
473 1582 630 1653 inimicos
651 1590 808 1667 nostros,
823 1582 987 1675 quodque
1001 1583 1236 1655 miserrimum

149 1705 316 1790 dixerim,
352 1708 442 1777 inter
473 1705 539 1777 hos
572 1703 685 1798 ipsos.
702 1704 920 1777 moriendum
949 1716 1014 1778 est.
1041 1707 1118 1791 Quo
1143 1709 1237 1778 enim

147 1840 244 1925 patet
261 1832 364 1921 fuga‘l
377 1829 453 1913 Quo
467 1827 595 1899 ibimus
616 1850 685 1919 quo
702 1850 773 1899 non
793 1848 859 1898 nos
875 1831 1124 1902 sceleratorum
1142 1829 1239 1902 acies

150 1977 191 2027 ae
213 1956 313 2046 signa
332 1951 601 2045 praecesserint?
622 1951 687 2022 Ubi
712 1973 782 2023 non
808 1953 972 2046 pessimis
994 1954 1149 2025 moribus
1171 1953 1236 2023 im-

150 2077 286 2171 perium
319 2086 459 2168 partum
492 2085 597 2168 atque
628 2072 805 2147 firmatum
840 2075 905 2146 sit‘?
931 2077 1041 2148 Trans
1069 2098 1238 2148 oceanum

149 2198 388 2291 navigandum
409 2209 498 2282 erat,
525 2198 592 2268 nisi
621 2200 703 2291 quia
732 2199 897 2270 credibile
925 2210 979 2270 est
1002 2201 1088 2272 vitia
1118 2210 1239 2272 nostra

151 2325 218 2392 iam
241 2320 286 2392 ad
311 2320 503 2412 Antipodas
527 2300 765 2392 descendisse.
788 2319 843 2389 Ad
867 2322 993 2392 coelum
1018 2323 1134 2414 potius
1154 2347 1240 2397 evo-

151 2441 307 2526 landum,
341 2442 408 2511 nisi
441 2441 572 2512 nostris
596 2441 641 2511 ad
667 2450 796 2512 terram
822 2439 1036 2535 ponderibus
1061 2464 1240 2536 premere-

107 2600 110 2606 ·
152 2588 243 2636 mur:
265 2564 336 2649 illa,
356 2564 387 2634 si
408 2565 496 2637 salvi
517 2583 597 2635 esse
614 2564 793 2656 cupimus,
803 2562 1010 2656 deponenda
1024 2575 1121 2637 sunt:
1143 2569 1239 2659 quod

152 2687 250 2757 facile
266 2688 360 2756 lactu
381 2694 492 2770 esset,
511 2683 578 2756 nisi
592 2685 676 2777 quia
690 2687 858 2757 malorum
872 2688 1035 2779 exemplo
1048 2685 1236 2774 obruimur,

152 2828 300 2899 quorum
322 2830 403 2878 oum
424 2807 640 2879 feracissima
661 2817 749 2878 aetas
771 2816 890 2878 nostra
910 2808 968 2891 sit,
990 2808 1131 2893 utdixi,
1147 2811 1240 2881 lera-

152 2924 225 2994 oior
250 2933 306 2996 est
326 2923 431 2996 etiam
453 2924 625 3016 speranda
650 2923 847 3018 posteritas.
868 2925 1072 3016 Pugnarunt
1096 2926 1237 3018 quidem

154 3048 303 3119 maiores
321 3047 432 3119 nostri
452 3047 625 3119 adversus
650 3047 792 3130 Poenos,
814 3046 972 3119 Cimbros
998 3071 1039 3120 ae
1065 3050 1238 3122 Teutonas

156 3185 191 3245 et
211 3170 410 3254 Britannos
433 3190 531 3262 aegre
555 3172 613 3240 vel
634 3171 767 3242 ltaliam
792 3169 837 3242 ab
861 3170 1068 3257 Hannibale,
1093 3175 1152 3243 vel
1175 3173 1239 3244 Ca-

154 3295 311 3390 pitolium
325 3315 345 3365 a
359 3291 554 3364 Senonibus
569 3290 813 3378 defenderunt,
829 3293 983 3365 omnium
1001 3295 1142 3366 tandem
1154 3316 1240 3368 vera

156 3430 191 3490 et
210 3415 379 3488 indomita
396 3414 710 3493 virtutevictores.
732 3416 803 3488 Nos
826 3414 855 3487 si
876 3415 1032 3509 Capitolii
1053 3418 1163 3488 nostri
1183 3441 1240 3490 ar-

156 3563 243 3623 cem,
267 3562 287 3611 a
309 3545 402 3610 tanto
427 3536 688 3610 barbaricorum
710 3538 876 3610 vitiorum
900 3540 1113 3613 circumfuso
1136 3561 1239 3611 exer-

155 3661 225 3732 citu
246 3660 481 3743 defendimus,
503 3656 551 3748 ad,
568 3660 712 3729 tutelam
733 3669 889 3762 nostram
903 3662 1036 3734 coelesti
1050 3661 1130 3733 alite
1143 3661 1240 3731 exei-

156 3784 230 3870 tati,
246 3785 275 3854 si
289 3781 659 3876 circumstrepentibus
672 3782 769 3874 vulgi
782 3784 960 3856 erroribus
975 3787 1116 3854 immota
1127 3784 1239 3855 fronte

157 3905 371 3991 resistimus,
385 3916 421 3977 et
433 3905 561 3976 Manlio
577 3916 613 3976 et
633 3905 740 3977 Mario
761 3915 796 3977 et
816 3904 893 4000 ipso
915 3908 1053 3979 Caesare
1078 3906 1238 3979 fortiores

157 4026 299 4098 erimus.
322 4030 400 4100 lllos
421 4029 514 4099 enim
535 4027 580 4099 ab
601 4028 702 4101 hoste
715 4052 838 4101 murus
852 4028 1026 4102 interdum
1040 4031 1240 4123 vallumque

158 4148 354 4236 dirimebat,
375 4171 468 4245 saepe
489 4150 646 4223 noctibus
665 4150 903 4243 quiescebant,
927 4152 1052 4226 hiemis
1072 4153 1241 4246 asperita-
