2934 4650
598 309 750 360 EPISTULA
771 311 830 359 LIV.

169 437 315 546 quorum
338 454 404 525 alia
424 453 459 524 in
479 453 591 539 nobis
613 455 680 525 alia
698 464 799 526 extra
819 474 884 525 nos
905 463 995 524 sunt.
1011 455 1141 526 Horum
1157 474 1240 526 sane

168 577 216 650 ita
234 597 371 662 censeo,
389 577 455 648 nisi
477 577 579 649 ardor
600 576 704 661 desit,
727 578 773 647 nil
793 586 851 648 tuo
868 577 939 649 otio
955 574 1093 659 deesse,
1114 597 1184 669 quo
1197 598 1240 649 nc

168 698 280 769 dicam
303 697 400 781 mihi,
427 698 489 770 sed
516 696 671 769 Ciceroni
695 696 798 769 etiam
826 697 978 769 scribere
999 696 1113 791 possis
1135 697 1241 770 intre-

169 819 258 914 pide.
288 821 364 892 Noli
393 839 479 911 ergo
504 819 704 892 diffidentiae
739 819 982 904 succumbere,
1016 840 1097 912 quae
1122 819 1238 890 multis

169 964 262 1035 saepe
281 940 478 1013 damnosior
503 941 576 1012 luit.
609 940 805 1012 Diffidentia
827 941 919 1011 enim
935 952 994 1012 aut
1006 939 1090 1010 nihil
1112 962 1240 1032 aggre-

166 1063 266 1146 ditur,
289 1074 349 1134 aut
369 1073 439 1133 tam
459 1062 586 1156 pavide
612 1071 649 1133 ut
665 1082 833 1156 processu
864 1060 987 1153 frigeat
1011 1081 1052 1130 ac
1076 1061 1237 1132 desistat.

165 1186 210 1257 At
222 1206 279 1256 res
292 1185 422 1257 arduas
435 1207 538 1278 aequo
550 1186 739 1257 ferventius
757 1206 929 1276 aggressa
949 1185 1126 1255 temeritas
1144 1205 1239 1276 saepe

166 1308 421 1380 difficultatibus
442 1317 669 1400 temperatur,
685 1317 719 1378 et
740 1330 818 1378 oum
839 1307 895 1377 illa
917 1305 1011 1390 nihil,
1035 1305 1112 1378 hacc
1132 1306 1240 1378 inter-

165 1431 247 1502 dum
265 1431 447 1527 impetuosi
469 1431 624 1525 principii
644 1440 799 1503 maturos
821 1429 916 1502 dedit
932 1429 1059 1500 exitus.
1082 1431 1238 1523 Denique

165 1557 216 1625 sic
236 1555 346 1627 sentio
367 1555 452 1626 nihil
470 1555 569 1648 peius
590 1552 779 1625 diffidentia
800 1553 855 1625 his
873 1552 931 1645 qui
955 1552 1086 1646 grande
1107 1553 1238 1646 aliquid

166 1679 363 1760 moliuntur,
384 1677 419 1747 in
439 1677 565 1771 quibus
586 1679 791 1770 plerumque
811 1698 934 1748 verum
953 1675 991 1744 fit
1008 1677 1236 1768 Virgilianum

164 1797 248 1868 illud
265 1809 402 1890 possunt
414 1802 490 1892 quic
498 1820 592 1891 posse
609 1796 775 1867 videntur.
796 1796 883 1867 Hinc
900 1798 967 1867 iam
989 1796 1033 1867 ad
1049 1799 1236 1892 epistolam

163 1930 319 1992 revertor
340 1930 433 1992 tuam
448 1921 565 2013 inqua
584 1920 633 1989 nil
654 1918 813 2011 responsi
833 1940 959 2008 egens,
981 1928 1109 2010 praeter
1130 1941 1237 1989 unum

161 2043 274 2114 video.
294 2043 421 2137 Scripsi
432 2042 595 2136 equidem·
609 2065 663 2114 mc
676 2041 769 2113 curis
781 2042 939 2134 pluribus
959 2043 1235 2113 circumventum

162 2176 197 2236 et
214 2165 428 2236 miseriorem
451 2186 554 2257 quam
578 2184 657 2234 esso
680 2185 734 2233 me
755 2173 945 2232 noscerem]
962 2162 1090 2254 Scripsi
1110 2164 1233 2246 lateor;

87 2345 91 2350 ,
164 2285 356 2357 luminaris
378 2306 528 2376 quonam
551 2283 652 2355 modo
672 2283 708 2354 id
727 2282 894 2377 possibile
916 2282 974 2366 sit,
1002 2284 1034 2352 in
1059 2284 1124 2354 hoc
1142 2294 1236 2356 tanto

159 2420 298 2501 tamque
320 2406 578 2502 incomparabili
602 2407 726 2479 decore
749 2397 845 2479 urbis
867 2406 1106 2498 amplissimae,
1130 2407 1235 2498 inque

160 2533 226 2603 hac
247 2540 317 2608 tam
338 2530 524 2603 honorifica
543 2532 643 2603 ducis
665 2553 705 2602 ao
724 2553 906 2623 procerum
920 2529 1158 2613 familiaritate,
1174 2531 1233 2620 qui

159 2678 225 2741 me,
246 2665 283 2726 ut
305 2656 488 2726 verissime
513 2655 680 2748 opinaris,
707 2675 776 2726 non
801 2676 902 2748 quasi
928 2652 1103 2725 hominem
1121 2654 1233 2724 omnis

148 2760 305 2869 ⁴egenum
338 2788 441 2871 atque
466 2779 602 2871 inopem
629 2778 783 2862 virtutis,
820 2776 883 2847 sed
918 2787 953 2849 ut
978 2780 1065 2848 coelo
1087 2777 1233 2846 missum
1315 2755 1317 2758 ⁵

158 2901 318 2990 angelum
341 2901 402 2969 Dei
430 2901 560 2970 vident.
587 2903 683 2970 Hanc
710 2898 815 2968 animi
849 2898 1093 2987 aegritudinem
1129 2909 1233 2991 atque

159 3021 257 3105 hanc,
276 3041 507 3113 quaecumque
527 3029 590 3102 est,
610 3041 771 3090 curarum
785 3019 953 3089 sarcinam
972 3031 1009 3090 ut
1025 3029 1134 3090 tecum
1154 3041 1233 3113 par-

158 3144 223 3216 tiar
243 3143 405 3236 precaris.
425 3141 522 3226 Novi,
546 3142 664 3228 amice,
688 3151 766 3213 tuos
786 3140 964 3224 humeros,
988 3151 1127 3233 tuaeque
1149 3139 1229 3213 fidei

158 3289 284 3339 nervos
307 3265 403 3350 novi;
433 3265 546 3337 omnia
572 3267 637 3337 fert
661 3265 801 3346 caritas,
824 3285 887 3334 nec
909 3274 1024 3335 tamen
1049 3264 1233 3360 participat

157 3391 220 3463 sed
240 3389 387 3461 libenter
407 3411 447 3461 ac
464 3389 588 3482 cupide
609 3387 778 3482 quidquid
791 3396 847 3458 est
860 3387 977 3459 oneris
996 3387 1029 3455 in
1054 3408 1093 3457 se
1113 3398 1228 3458 traus-

155 3516 230 3584 lert.
251 3513 335 3585 Mihi
347 3536 450 3598 vero,
465 3535 553 3609 pone
566 3510 655 3584 hanc
674 3510 938 3594 solicitudinem,
962 3508 1047 3579 nihil
1065 3510 1147 3579 novi
1174 3531 1232 3580 ac-

108 3661 110 3667 ·
156 3637 249 3716 cidit,
274 3635 339 3706 nisi
361 3635 446 3708 illud
467 3635 643 3729 quodiam
664 3656 733 3707 non
754 3643 792 3705 ut
808 3655 938 3705 novum
954 3626 1066 3704 addis.
1090 3633 1230 3703 Cunctis

112 3839 114 3846 y
154 3758 245 3828 enim
267 3759 375 3829 lerme
407 3757 601 3842 veteribus,
636 3779 675 3828 ac
707 3756 767 3828 diu
792 3755 947 3849 probatis
968 3754 1129 3827 amicitiis
1164 3753 1230 3825 hoc

153 3880 324 3975 tempore,
347 3881 441 3975 quod
461 3881 592 3954 utinam
613 3901 681 3952 non
703 3878 885 3964 vidissem,
915 3901 969 3951 me
995 3902 1089 3950 mors
1113 3878 1230 3950 invida

154 4005 325 4098 spoliavit.
348 4005 385 4075 ln
398 4028 468 4099 qua
485 4027 593 4098 quum
598 4057 690 4077 ........
712 4024 780 4075 non
802 4001 957 4089 levabar,
988 4024 1094 4074 unum
1119 4022 1230 4072 reme-

154 4127 199 4197 dii
218 4149 329 4219 gcnus
352 4130 427 4222 ipse
454 4129 535 4200 mihi
563 4127 711 4200 conssavi
737 4136 840 4218 atque
858 4146 924 4198 usu
951 4127 1074 4199 efficax
1096 4127 1224 4224 reperi:
