2804 4656
296 309 388 356 uuum
411 307 936 358 vicasrnusranrrus.-arrsronn
960 311 1013 357 ru.
1144 297 1203 360 223

118 455 208 537 lacit,
231 472 301 522 non
321 452 422 546 parvi
443 471 572 521 census
599 459 659 521 aut
684 451 824 541 angusti
850 453 988 545 praedii,
1010 453 1076 525 sed
1097 456 1203 526 animi

115 576 288 649 bonorum
309 574 475 644 omnium.
506 572 678 642 Praeclara
708 569 914 658 baereditaS,
943 575 1005 646 sed
1031 575 1203 648 obscurus

118 703 246 781 baereS,
272 707 308 766 et
330 694 398 765 nisi
425 695 532 787 patris
557 694 671 785 elogio
704 696 957 781 nominaretur,
994 700 1201 791 incognitus.

117 818 262 914 Scripsit
282 815 448 907 Virgilius
475 815 656 886 Maecenati
682 815 929 908 Georgicorum
957 817 1077 906 libros,
1105 822 1203 915 inge-

116 943 255 1015 niosum
277 949 313 1012 et
333 939 522 1011 iucundum
545 958 650 1032 opus,
673 960 744 1030 quo
769 962 812 1010 an
838 942 1026 1033 agricolam
1051 944 1204 1018 effecerit

117 1068 299 1137 incertum.
323 1064 423 1134 Certe
444 1072 663 1133 constantem
685 1062 781 1133 illurn
802 1085 844 1135 ac
865 1065 1062 1136 modestum
1088 1068 1204 1138 virum

116 1210 187 1260 non
207 1188 287 1259 lecit
306 1185 485 1269 Horatius,
507 1184 567 1277 qui
592 1184 704 1256 eidem
733 1185 938 1259 utilissimas
959 1199 994 1258 et
1015 1189 1110 1261 succi
1132 1193 1206 1282 pla-

116 1312 283 1382 nissimae
307 1309 475 1403 epistolas
499 1328 755 1402 sermonesque
789 1312 1022 1402 gravissimos
1051 1314 1203 1405 scripsit.

115 1433 290 1527 Nunqnid,
313 1414 384 1516 oro,
407 1441 458 1502 tot
478 1431 617 1502 monitis
640 1431 815 1526 tantisque
836 1434 990 1506 consiliis
1005 1432 1206 1508 obtinuitut

116 1557 220 1628 altius
240 1557 447 1647 erigeretur,
474 1565 511 1625 ut
529 1557 703 1626 maturius
724 1557 941 1649 loqueretur,
966 1568 1004 1629 ut
1027 1561 1204 1652 prosperi-

117 1692 189 1754 tate
209 1683 322 1751 levem
345 1678 500 1751 animum
522 1678 707 1751 iactantem
726 1680 956 1752 consisteret?
972 1682 1131 1772 Longum
1149 1691 1205 1755 est

116 1805 168 1875 ire
189 1826 251 1897 per
273 1804 453 1895 singulos:
475 1801 519 1873 ad
540 1783 742 1895 supremum
764 1813 915 1874 transeo.
938 1805 1061 1875 Cicero
1086 1816 1203 1877 tautum

116 1927 174 1997 vir
195 1927 352 1998 Ciceroni
374 1926 470 1997 fratri
494 1947 640 1996 suavem
663 1935 769 2018 atque
790 1925 1013 1998 artificiosam
1034 1929 1203 2001 exhorta-

119 2051 247 2121 tionem
265 2051 416 2145 scripsit.
435 2048 600 2150 Nunqnid
622 2049 714 2119 illius
736 2050 889 2119 animum
912 2048 957 2122 ab
977 2071 1029 2132 ea,
1048 2049 1201 2143 inquam

116 2174 320 2247 naturaliter
346 2193 478 2269 pronus
496 2182 582 2259 erat,
609 2173 789 2243 iracundia
813 2174 973 2256 retraxit,
1002 2183 1062 2244 ant
1088 2185 1202 2248 motus

116 2298 313 2370 inconditos
329 2295 488 2367 oratione
505 2295 743 2387 compescuit?
761 2295 908 2388 Scripsit
923 2294 1016 2366 idem
1033 2295 1203 2367 Officiales
1259 2377 1262 2382 ,

115 2421 222 2494 libros
244 2420 289 2492 ad
309 2419 512 2490 Ciceronem
534 2416 645 2489 filium
667 2419 714 2488 nil
737 2420 846 2511 patris
868 2418 1053 2490 habentem
1071 2430 1203 2511 praeter

116 2565 250 2626 nomen,
266 2543 311 2614 ob
321 2544 327 2612 l
337 2554 467 2635 quanta
482 2543 628 2613 refertos
643 2542 816 2633 elegantia
828 2551 864 2612 ot
875 2543 1062 2633 gravitate.
1080 2541 1203 2612 Omnia

114 2648 299 2761 praeceptis
322 2663 523 2736 salubribus
543 2666 645 2757 plena
666 2675 772 2736 sunt:
792 2667 885 2736 nulla
904 2686 986 2758 pars
1003 2665 1119 2757 operis
1142 2664 1215 2736 sti--

115 2790 221 2861 mulis
243 2797 358 2872 vacat,
381 2788 511 2880 quibus
536 2787 666 2858 excitet
691 2787 878 2860 iuvenilem
903 2791 1058 2859 animum
1083 2796 1120 2859 et
1144 2809 1201 2859 ac-

115 2915 244 2987 cendat
274 2912 319 2981 ad
353 2911 556 2980 imitandam
578 2911 700 2980 saltem
732 2911 935 2982 domesticae
956 2911 1078 3001 gloriae
1099 2911 1214 2982 clari--

114 3041 233 3103 tatem.
268 3031 364 3113 Quid
391 3034 581 3123 expectas?
613 3030 679 3112 Qui
712 3030 838 3101 lulium
873 3031 1049 3102 Caesarem
1084 3034 1201 3106 studio

112 3155 262 3250 partium
286 3154 448 3226 intestam
475 3163 511 3226 et
535 3157 664 3225 elatum
685 3153 855 3240 victoriis,
884 3166 919 3228 et
946 3156 1200 3229 offensionibus

115 3278 288 3349 irritatum
322 3277 456 3349 mollire
486 3277 601 3369 quivit
624 3287 660 3349 et
684 3278 843 3365 flectere,
879 3281 939 3372 qui
971 3280 1115 3364 iudices,
1138 3279 1200 3373 qui

115 3403 293 3495 populum,
315 3402 376 3494 qui
399 3413 558 3473 senatum
580 3400 683 3473 fando
704 3401 832 3474 totiens
854 3404 974 3487 movit,
989 3426 1096 3497 quem
1111 3424 1199 3474 saxa

116 3534 291 3596 moturum
325 3546 412 3596 voce
445 3525 596 3611 diceres,
623 3524 891 3598 dissimillimum
919 3527 1008 3618 patri
1035 3525 1197 3596 iuvenem
1253 3614 1257 3622 Ι
1307 3568 1312 3575 ,

114 3668 258 3719 movere
293 3670 362 3720 non
396 3647 523 3741 potuit,
560 3648 625 3719 bac
660 3670 729 3719 una
762 3649 915 3721 manime
946 3670 984 3718 re
1018 3648 1139 3718 infelix
1164 3658 1200 3718 et

114 3770 224 3866 impar
244 3769 394 3854 caeteris
418 3770 547 3863 quibus
572 3770 712 3844 abunde
732 3775 849 3843 clarus
873 3770 1097 3862 ubertimque
1114 3769 1199 3841 felix

113 3895 226 3966 fuerat
243 3895 278 3965 in
295 3896 379 3965 vita.
394 3893 463 3965 Sed
480 3915 549 3964 non
568 3895 684 3965 omnia
702 3895 761 3966 uni
779 3896 862 3966 data
882 3905 985 3965 sunt:
1008 3893 1198 3964 miscentur

113 4015 194 4087 laeta
216 4017 390 4100 tristibus,
413 4020 507 4090 clara
527 4016 711 4103 obscuris,
740 4017 927 4109 tranquilla
949 4014 1113 4101 turbidis,
1135 4017 1199 4089 ad·-

114 4162 218 4213 versa
238 4142 409 4225 felicibus,
429 4152 464 4213 et
480 4140 515 4212 in
530 4162 660 4235 magno
678 4160 807 4214 acervo
827 4162 944 4211 rerum
966 4140 1195 4215 humanarum
