2730 4680
537 317 577 362 DE
600 317 700 364 REBUS
722 317 944 366 nnutttanutus

611 570 790 634 EPISTULA
812 572 867 635 Xll.

362 740 560 790 Fntnctscus
582 743 750 792 Pnrnnncn
772 745 875 793 LAELlO
897 746 956 795 SUO
978 747 1003 794 S.
1027 748 1054 795 P.
1079 749 1107 795 D.

238 876 337 947 Arguit
352 878 425 947 qued
440 883 556 931 moestus
571 884 599 931 et
613 878 735 932 solicitus
750 880 795 947 sit,
813 885 840 933 et
854 880 944 950 lepide
960 887 1080 936 mortem
1096 882 1240 937 cuiusdam

499 992 501 995 ·
518 969 822 1024 senisMediolanensis
837 976 957 1025 enarrat.

296 1213 365 1283 lam
387 1212 525 1283 duabus
545 1234 591 1282 ex
617 1211 741 1282 litteris
765 1211 832 1282 tuis
858 1212 1077 1304 pergraviter
1100 1222 1133 1283 te
1160 1214 1279 1285 turha-

197 1348 267 1407 turn
297 1339 413 1406 sensi:
442 1337 619 1407 admirans
646 1337 839 1429 dolensque
865 1348 900 1407 et
926 1339 1032 1406 multa
1058 1359 1195 1407 mecum
1223 1360 1280 1407 co-

195 1461 312 1547 gitans
346 1461 390 1532 ad
421 1482 597 1531 summurn
623 1461 706 1529 nihil
738 1461 878 1532 invenio
911 1461 1006 1553 quod
1041 1470 1110 1532 tarn
1144 1461 1279 1530 tristem

195 1579 308 1648 lacere
324 1576 459 1662 debeat,
475 1577 645 1670 quidquid
660 1580 714 1648 sit.
734 1581 842 1649 Decet
857 1578 949 1648 enirn
967 1579 1083 1647 virum
1098 1577 1163 1647 hac
1177 1587 1280 1647 aetate

196 1699 389 1791 praesertirn
410 1699 611 1770 induruisse
632 1699 699 1769 iarn
719 1712 838 1770 centra
860 1721 982 1771 omnes
1000 1701 1152 1793 impetus
1173 1700 1281 1770 fortu-

195 1843 258 1892 nae.
287 1823 461 1915 Optimum
490 1824 578 1894 inter
604 1821 686 1892 vitae
715 1822 821 1892 huius
849 1821 1057 1915 asperitates
1085 1821 1280 1891 remedium

196 1953 251 2014 est
277 1946 371 2036 quod
397 1944 481 2015 nihil
508 1958 587 2017 stat.
615 1946 738 2017 Omnia
763 1946 916 2017 humana
942 1948 1135 2016 volvuntur
1167 1955 1203 2015 et
1229 1947 1281 2015 fu-

195 2070 304 2158 giunt,
330 2080 366 2139 ut
386 2070 512 2139 acriter
529 2069 719 2141 intendenti
742 2071 836 2140 nulla
855 2069 910 2139 hic
928 2071 986 2139 vel
1006 2066 1125 2158 gaudii
1144 2068 1199 2137 vel
1218 2067 1281 2137 do-

195 2191 277 2262 loris
306 2193 449 2264 ruateria
475 2215 603 2285 magna
625 2195 683 2279 sit,
712 2195 808 2263 nulla
835 2203 950 2262 metus
977 2202 1038 2261 aut
1061 2191 1134 2284 spei
1158 2213 1279 2272 eausa,

193 2316 277 2385 durn
296 2337 392 2409 saepe
410 2317 499 2387 inter
517 2319 613 2410 ipses
632 2294 873 2385 animi'rnetus
892 2315 1058 2404 idipsum
1076 2313 1171 2405 quod
1190 2317 1280 2384 mul-

193 2436 294 2507 cebat
313 2449 373 2507 aut
393 2439 553 2528 angebat,
576 2439 741 2531 quodque
758 2440 813 2507 vel
833 2435 1030 2508 minabatur
1049 2440 1103 2508 vel
1122 2435 1280 2507 blandie-

192 2558 295 2631 batur
319 2561 508 2647 effluxerit,
536 2573 570 2632 et
593 2561 685 2632 inter
707 2560 841 2633 medios
867 2570 1055 2655 apparatus
1082 2560 1277 2631 evanuerit.

193 2683 316 2754 Omnia
343 2683 433 2769 lraec,
462 2687 583 2770 trater,
613 2689 667 2756 vel
695 2689 774 2757 laeta
804 2687 860 2755 vel
888 2685 1000 2756 tristia
1031 2684 1066 2753 in
1092 2683 1162 2753 ictu
1188 2684 1278 2753 oculi

192 2807 436 2879 ruore-somnii
458 2809 672 2896 transibunt,
697 2822 734 2881 ut
754 2810 884 2905 pudeat
904 2818 1128 2900 experrectus
1156 2806 1200 2877 de
1227 2806 1278 2876 ni-

193 2930 262 3002 hile
287 2930 442 3002 doluisse
476 2953 538 3002 seu
564 2934 700 3004 laetatus
727 2955 824 3019 esse,
852 2933 972 3003 inanes
997 2941 1168 3024 praeterea
1197 2951 1278 3020 spes

192 3064 253 3125 aut
278 3070 393 3126 metus
419 3055 463 3126 de
489 3055 596 3127 nihilo
628 3057 841 3148 concepisse,
870 3057 993 3125 Cesset
1026 3055 1132 3143 igitur
1157 3055 1274 3137 dolor,

193 3198 331 3269 quaese,
359 3179 583 3275 conquiescat
609 3190 723 3250 motus
756 3180 870 3249 omnis
897 3177 1069 3268 gravitate
1096 3187 1154 3246 tua
1188 3176 1277 3246 indi-

192 3323 293 3392 gnus,
315 3312 350 3371 et
371 3302 399 3373 si
416 3302 556 3387 dolendi
578 3324 685 3373 causa
700 3311 765 3387 est,
788 3305 843 3374 eui
861 3325 924 3395 per
946 3324 1000 3372 me
1021 3300 1134 3393 possit
1154 3321 1276 3370 occur-

191 3426 237 3512 ri,
264 3424 436 3518 quidquid
461 3426 496 3496 id
520 3439 588 3510 est,
616 3424 714 3495 iube:
741 3426 931 3516 parebitur.
957 3425 1032 3494 Non
1063 3446 1140 3493 sum
1168 3423 1274 3492 hodie

191 3549 253 3619 tibi
278 3549 370 3620 aliud
398 3550 603 3643 scripturus²
633 3549 700 3618 nisi
726 3547 820 3639 quod
845 3547 1113 3618 Mediolanensis
1140 3543 1274 3614 amicus

191 3685 322 3760 noster,
344 3673 402 3767 qui
425 3697 479 3743 ine
502 3683 633 3766 patrem
655 3682 690 3743 et
712 3682 743 3742 te
764 3669 873 3739 fitium
894 3669 1057 3751 vocabat,
1080 3691 1159 3738 curn
1181 3680 1215 3737 et
1236 3676 1274 3738 tu

191 3819 245 3867 ine
268 3798 383 3869 senior
410 3797 470 3882 sis,
494 3807 528 3867 et
554 3798 629 3888 ipse
655 3815 809 3888 proavus
830 3815 910 3864 esse
932 3800 1053 3888 posset
1073 3790 1271 3872 amborum,

190 3940 302 3988 senex
327 3919 613 4004 iucundissimus,
647 3920 689 3989 ad
717 3929 881 3990 aeternam
917 3917 1070 3988 laetitiam
1105 3936 1173 3984 non
1197 3913 1272 3983 sine

189 4039 328 4130 aliquali
353 4064 426 4112 rnea
450 4041 585 4112 tristitia
607 4041 780 4133 protectus
797 4052 862 4110 est.
885 4038 981 4109 Licet
998 4038 1090 4107 enirn
1111 4043 1272 4106 maturus

190 4162 257 4233 fevi
273 4161 386 4248 valde,
405 4174 478 4235 erat
498 4178 612 4237 tamen
631 4163 744 4236 atllruc
762 4164 844 4234 urilri
864 4173 899 4235 et
915 4161 1007 4234 curis
1027 4159 1113 4231 ineis
1132 4171 1270 4251 gratuur
