2730 4680
343 319 434 367 tisun
456 317 630 367 vttustttus
645 337 680 345 -
694 316 848 366 urtsrott
870 319 909 365 ιι.
1131 307 1165 367 tt

86 461 163 530 dato
188 456 295 529 rebus
325 456 412 549 ipsis
436 455 567 528 efficaci
592 468 627 526 et
655 438 778 528 ornato
803 467 839 528 et
873 465 1008 526 moturo
1034 456 1169 527 animos

86 582 220 675 eloquio
241 582 479 674 proferantur,
503 591 541 651 ut
561 600 664 652 nemo
687 580 804 651 mirari
829 578 956 652 debeat
977 579 1060 650 tanti
1087 581 1170 651 arti-

85 706 149 776 ficii
182 707 422 798 professorum
459 718 598 796 semper
634 725 796 795 maguam
827 704 936 774 luisse
976 705 1167 796 penuriam.

84 831 202 922 Neque
222 829 317 900 enim
335 850 438 899 unam
461 849 543 911 rem,
568 827 633 898 sed
654 826 925 898 innumerabiles
948 824 1167 919 profitentur,

84 974 213 1046 easque
254 974 322 1023 non
354 961 392 1023 ut
421 952 538 1023 caeteri
572 952 769 1034 hominum,
805 949 869 1020 sed
901 952 968 1021 alio
1001 950 1169 1040 singulari

84 1088 117 1149 et
148 1077 291 1172 proprio
322 1076 475 1168 quodam
510 1074 632 1159 modu,
667 1085 702 1145 et
732 1073 980 1166 superomnia
1005 1076 1171 1166 eloquen-

85 1204 162 1274 tiam
197 1200 422 1292 exquisitam.
456 1199 544 1283 Quae
578 1198 608 1268 si
638 1219 701 1289 per
734 1219 773 1269 se
808 1200 882 1269 sola
914 1196 1168 1281 consideretur,

33 1303 35 1308 ⁵
85 1345 210 1416 magna
231 1334 267 1395 et
278 1324 377 1393 varia
397 1344 455 1393 res
477 1334 540 1403 est,
564 1343 628 1391 nec
643 1323 672 1390 si
687 1322 820 1392 Severo
838 1321 961 1392 Cassio
974 1321 1168 1404 credimus,

84 1447 197 1519 adhuc
219 1446 277 1517 ulli
300 1448 351 1517 sic
372 1446 527 1528 indulsit,
553 1454 588 1515 ut
610 1452 682 1516 tota
701 1445 929 1534 contingeret.
953 1446 990 1515 ln
1009 1443 1074 1515 hac
1093 1445 1172 1537 qui-

84 1571 159 1644 dem
186 1569 339 1642 oratoria
371 1546 547 1651 facultate,
584 1544 672 1661 quoe
693 1570 797 1639 tantis
817 1591 864 1639 ex
885 1567 992 1638 rebus
1019 1577 1168 1652 constat,

85 1695 295 1765 excellentes
321 1689 429 1763 habiti
449 1713 574 1783 magna
596 1691 707 1782 gloria
727 1692 837 1775 luere,
855 1699 973 1762 utnon
1000 1690 1171 1762 immerito

86 1828 116 1888 et
133 1815 238 1912 potiri
259 1837 375 1887 rerum
397 1814 433 1884 in
459 1814 608 1885 dicendo
627 1825 662 1885 et
688 1813 820 1886 habere
841 1814 876 1883 in
899 1823 1070 1907 potestate
1098 1816 1172 1886 ani-

88 1961 158 2011 mos
193 1939 374 2012 hominum
408 1937 616 2008 dicerentur.
651 1939 708 2007 Ex
741 1938 808 2008 hoc
841 1960 971 2028 genere
996 1950 1052 2009 est
1077 1936 1172 2031 apud

87 2064 204 2136 Graios
239 2061 505 2143 Demosthenes,
540 2062 732 2146 Isocrates,
766 2071 801 2133 et
833 2061 1040 2131 AEschines:
1077 2062 1171 2152 apud

87 2198 222 2257 nostros
247 2194 364 2253 autem
390 2181 521 2264 Cicero,
545 2182 710 2267 Crassus,
738 2182 926 2267 Antonius,
954 2182 1086 2274 aliquot
1111 2183 1171 2252 alii

88 2319 278 2400 praeterea:
306 2302 369 2376 sed
401 2305 436 2374 hi
463 2317 532 2376 tres
557 2307 656 2377 tacite
680 2305 910 2398 principatum
940 2315 1080 2375 tenent:
1104 2307 1171 2375 etsi

88 2431 208 2528 lulium
228 2429 403 2500 Caesarem
430 2427 476 2499 ad
503 2449 677 2499 summam
697 2429 775 2499 eius
802 2428 923 2519 gloriae
944 2429 999 2498 vel
1013 2427 1169 2512 venisse,

88 2554 177 2646 quod
198 2576 244 2624 ne
264 2553 383 2624 hostes
404 2553 544 2645 quidem
563 2554 618 2623 sui
639 2563 778 2644 negant,
798 2556 855 2626 vel
872 2565 966 2626 certe
983 2567 1171 2627 venturum

88 2679 192 2748 fuisse
222 2699 293 2749 non
319 2677 365 2749 sit
389 2675 547 2762 dubium,
575 2679 644 2749 nisi
670 2679 766 2749 illum
793 2678 1027 2770 gerendarum
1054 2702 1171 2751 rerum

88 2801 266 2893 occupatio
282 2811 317 2870 et
333 2800 502 2872 bellorum
517 2799 615 2872 labor
631 2811 667 2872 et
680 2801 817 2895 pondus
836 2802 971 2896 imperii
985 2802 1172 2875 distraxis-

90 2934 172 2993 sent.
196 2923 329 2995 Deinde
350 2932 478 3008 autem,
498 2934 536 2994 ut
555 2943 649 3016 saepe
671 2925 706 2993 in
729 2946 868 2996 summo
888 2924 1006 2997 brevis
1026 2940 1081 2998 est
1098 2948 1172 2998 mo-

90 3071 138 3133 ra,
160 3064 197 3119 et
218 3069 358 3140 semper
383 3047 493 3120 facilis
518 3047 728 3132 descensus,
752 3048 796 3119 ad
822 3052 898 3121 illos
924 3049 1172 3123 descendendo

89 3183 293 3263 perventum
307 3183 373 3256 est,
391 3171 451 3263 qui
468 3170 607 3262 fastigio
624 3173 832 3265 eloquentiae
850 3175 1023 3260 derelicto,
1039 3177 1170 3248 nudam

90 3293 169 3366 iuris
192 3295 348 3367 notitiam
371 3295 501 3387 adepti,
517 3296 551 3364 iu
565 3317 606 3366 ea
627 3296 769 3388 quidem
794 3300 1087 3372 excellentissime
1108 3301 1172 3372 llo-

91 3437 243 3492 ruerunt.
262 3420 339 3503 Quo
360 3421 395 3489 in
417 3438 545 3510 genere
566 3420 686 3491 Romae
703 3419 869 3492 Graeciam
892 3423 1045 3495 cessisse
1061 3423 1171 3494 notis-

90 3540 226 3614 simum.
249 3543 312 3613 Hic
332 3563 457 3634 nempe
479 3553 560 3613 sunt
579 3541 637 3612 illa
660 3555 728 3614 tuae
746 3545 952 3636 professioni
972 3544 1169 3617 veneranda

89 3664 239 3751 nomina,
254 3685 335 3759 quae
352 3687 418 3736 vos
431 3665 674 3760 antiquissima
693 3667 810 3739 soletis
827 3668 969 3762 opinari,
993 3689 1071 3738 cum
1089 3687 1169 3760 pro-

76 3782 269 3876 pemodum
293 3811 384 3861 nova
407 3793 475 3862 sint
496 3801 599 3883 atque
622 3793 784 3872 recentia,
807 3792 915 3862 lulius
936 3789 1071 3873 Celsus
1096 3791 1171 3860 Sal-

89 3909 164 3981 vius
187 3913 350 3998 lulianus
365 3915 531 3985 ¹Neratius
546 3915 696 3999 Priscus,
715 3915 876 3986 Vinidius
890 3915 1014 3998 VeruS,
1030 3914 1169 3985 Salvius

88 4032 227 4121 Valens,
249 4037 417 4109 Volusius
444 4037 629 4119 Matianus,
655 4038 782 4131 Ulpius,
804 4037 999 4123 Marcellus
1020 4049 1055 4109 et
1072 4040 1171 4108 lavo-

89 4158 194 4246 lenus,
210 4169 246 4230 ct
259 4163 426 4244 Scaevola,
448 4160 578 4233 scilicet
596 4162 650 4232 ille
669 4159 910 4251 breviloquus:
926 4186 1005 4233 nam
1021 4163 1075 4232 alii
1091 4173 1170 4232 ante

209 4295 246 4332 ιιι.
1000 4285 1016 4332 l
