2940 4650
562 298 717 347 nrrsrocn
738 297 825 347 cxiv.
1162 284 1218 344 181

145 444 261 535 itaque
281 442 375 534 quod
392 440 497 512 habet
518 450 634 533 sperat
654 462 767 512 nemo.
791 441 842 511 Tu
863 439 1004 532 quidem
1026 442 1126 532 pleno
1146 440 1222 511 iure

145 566 436 637 animum‘moum
462 563 587 646 habes3
614 564 824 656 ubicumque
847 563 911 633 sim
934 563 991 634 ille
1018 577 1132 634 tecum
1149 574 1219 647 est,

145 709 247 779 quem
264 685 324 758 tibi
339 686 481 778 pulchra
495 684 730 777 negotiatione
743 693 919 757 mercatus
930 706 979 755 es.
990 682 1219 766 Pictasfidos,

144 807 353 892 humanitas,
377 808 556 899 sapientia,
578 807 785 901 eloquentia,
807 807 1001 879 litterarum
1015 827 1120 888 amor,
1134 805 1222 876 cari·
1264 876 1267 882 ,

148 941 200 1003 tas
230 931 305 1014 mei,
329 931 547 1002 conversatio
569 932 700 1017 suavis,
723 941 759 1002 et
781 944 920 1003 servata
940 930 1107 1021 dignitate
1123 928 1221 998 fami-

146 1055 274 1127 liaritas
300 1053 464 1126 inaudita.
487 1056 569 1126 Haec
588 1063 669 1125 sunt
690 1056 802 1147 pretia
821 1054 949 1147 quibus
970 1075 1026 1126 mc
1046 1053 1221 1145 hominem

147 1177 293 1250 liberum
323 1177 541 1272 comparasti.
575 1180 716 1263 Posses,
740 1202 808 1251 non
829 1178 978 1263 inficior,
1006 1186 1220 1250 contractum

147 1298 319 1370 communi
341 1298 415 1368 iure
438 1298 646 1383 rescindere,
682 1302 769 1371 uitra
796 1298 975 1371 dimidium
1006 1298 1089 1370 iusti
1120 1296 1221 1391 pretii

147 1422 325 1517 deceptus:
344 1434 542 1495 nontamen
563 1422 599 1494 id
619 1443 758 1507 vereor,
783 1445 862 1493 nam
884 1433 918 1493 et
938 1421 1143 1516 praescripta
1162 1443 1219 1493 res

146 1557 212 1632 est,
232 1553 267 1618 ct
283 1529 390 1617 multa
408 1555 584 1638 practerea,
604 1547 684 1618 iicet
701 1546 831 1637 exigua
848 1547 883 1616 in
902 1567 949 1628 se,
969 1546 1058 1618 adeo
1079 1565 1218 1639 posscs-

147 1670 284 1742 soribus
306 1691 386 1741 cara
404 1677 498 1752 sunt,
534 1678 572 1738 ut
596 1690 638 1740 ea
658 1669 721 1738 vix
742 1670 819 1740 uitis
841 1669 961 1762 pretiis
986 1679 1221 1741 commutasse

145 1794 265 1863 veiint.
282 1791 555 1864 innumerabiles
577 1801 659 1862 sunt
679 1791 865 1864 affectuum
886 1792 1117 1864 humanorum
1138 1813 1219 1862 cau-

146 1937 209 2002 sae,
228 1927 264 1987 et
284 1915 542 1988 iuaestimabilcs
567 1912 814 1985 aestimantium
840 1917 1052 1998 voiuntatcS,
1074 1913 1220 1985 investi-

146 2038 345 2131 gabilesque
366 2047 556 2130 respectus
579 2035 729 2119 Quidam
749 2038 843 2108 vasti
864 2036 971 2108 animi
994 2045 1086 2122 sunt,
1104 2046 1139 2107 et
1158 2059 1220 2130 ap-

144 2162 287 2253 petitum
321 2161 471 2233 nonnisi
490 2159 534 2231 ad
567 2160 735 2244 immensa
765 2158 1012 2232 transmittunt.
1040 2160 1101 2230 His
1124 2159 1219 2232 orbis

144 2281 218 2376 ipse
249 2295 420 2383 terrorum
444 2305 563 2354 carcer
588 2281 739 2368 videtur,
771 2292 807 2354 et
839 2284 1024 2372 angustiae,
1059 2284 1151 2375 quod
1173 2283 1217 2355 de

143 2404 346 2476 Alexandro
366 2405 565 2492 Macedone,
595 2428 635 2478 ac
656 2408 700 2478 de
721 2407 805 2479 iulio
831 2407 971 2479 Caesare
996 2411 1123 2480 lectum
1142 2418 1213 2478 est:

143 2539 266 2617 contra
297 2530 354 2602 aiii
388 2531 539 2603 minimis
575 2531 805 2615 delectantur,
846 2553 974 2623 magna
1012 2531 1215 2605 fastidiunt:

143 2652 198 2724 his
220 2653 397 2745 tugurium
419 2655 515 2748 regia
536 2666 603 2741 est,
625 2658 740 2749 ampla
757 2655 882 2727 domus
904 2657 1130 2746 ergastulum.
1153 2635 1218 2727 Ta-

143 2774 194 2845 les
217 2785 298 2868 puto
318 2779 426 2849 fuisse
443 2777 632 2869 Diogenem
654 2785 689 2848 et
705 2775 872 2848 Amiclam
894 2775 988 2845 iilum
1005 2777 1214 2862 Caesareum,

143 2900 240 2990 prius
261 2921 365 2990 quam
385 2910 504 2992 vector
526 2899 592 2971 sibi
614 2898 848 2991 permaximus
873 2897 1066 2988 obtigisset.
1088 2901 1215 2970 Multos

145 3041 284 3113 quoque
304 3023 390 3093 aiios
411 3021 585 3115 praecipuo
606 3041 654 3108 err
674 3021 820 3104 nostris,
846 3020 906 3112 qni
940 3041 1129 3112 pauperem
1150 3020 1215 3091 du-

144 3167 217 3216 cem
245 3144 337 3215 nacti
366 3143 459 3216 omni
485 3143 600 3214 studio
625 3144 780 3214 fecerunt
813 3142 879 3215 sibi
909 3142 1212 3216 familiarissimam

142 3275 396 3361 paupertatem,
432 3266 467 3336 in
495 3264 656 3338 scissuris
689 3263 840 3357 lapidum
873 3275 977 3359 atque
1002 3267 1037 3337 in
1063 3267 1213 3340 desertis

144 3413 309 3486 specuum
332 3391 544 3464 habitantes:
579 3390 684 3462 sicet
704 3390 738 3460 in
759 3389 901 3482 reliquis
928 3390 1096 3461 invenies.
1129 3390 1214 3473 Qui-

143 3514 223 3587 dam
256 3536 429 3611 purpuras
462 3516 628 3586 mirantnr
660 3523 695 3585 et
726 3513 896 3607 quidquid
924 3534 1029 3606 supra
1050 3512 1213 3585 humanae

39 3696 43 3704 .
143 3661 318 3712 mensurae
335 3639 657 3711 modumattoiiitur
674 3635 807 3708 attoniti
820 3647 854 3707 et
867 3636 1003 3708 hiantes
1024 3635 1210 3729 aspiciunt:

142 3764 196 3835 his
219 3786 363 3856 regnare
384 3763 527 3834 felicitas
544 3762 654 3855 prima
675 3771 744 3833 est:
765 3760 801 3831 id
819 3761 848 3830 si
865 3761 1001 3830 fortuna
1019 3759 1210 3850 negaverit,

141 3897 177 3960 at
198 3888 319 3959 saitem
338 3886 495 3958 amicitiis
517 3907 637 3976 regum
653 3885 808 3968 student,
831 3891 867 3955 et
886 3883 1080 3977 proximum
1103 3905 1211 3974 regno

140 4020 261 4102 putant
281 4029 360 4082 esse
374 4010 439 4083 sub
452 4007 604 4100 regibus.
624 4006 690 4078 Alii
710 4030 846 4080 omnem
868 3984 1072 4099 potestatem
1095 4006 1208 4099 perosi

142 4134 230 4203 ferre
250 4144 427 4226 nequeunt
453 4133 546 4225 regis
567 4151 762 4204 occursum.
781 4129 995 4214 Quibusdam
1014 4133 1113 4203 meite
1133 4129 1208 4201 dui·

266 4266 302 4304 ru.
1024 4252 1050 4302 31
