2992 4664
656 297 819 346 vlttlllttttt

610 590 788 655 urlsrutt
810 593 879 655 llll.

392 757 586 810 Fulutlsctts
608 758 777 807 rsrunuct
798 758 935 807 socrum
956 760 982 809 S.
1004 761 1032 810 Ρ.
1055 760 1085 809 Ι).

211 903 373 962 Cavendum
389 920 450 959 esse
465 919 501 959 ne
517 902 580 975 quis
595 901 756 957 offensionis
770 917 882 956 causam
897 902 1001 958 nostris
1015 920 1031 958 e
1046 904 1154 976 scriptis
1169 907 1271 978 capiat.

296 1183 390 1252 Duos
416 1183 586 1256 Solitariae
618 1184 709 1254 Vitee
741 1181 849 1252 libros
875 1180 998 1274 scripsi
1024 1180 1106 1251 ulim
1132 1178 1179 1251 ad
1204 1179 1285 1250 Phi-

197 1306 326 1399 lippum
346 1304 619 1377 Cavallicensem
642 1326 719 1376 suae
739 1305 861 1397 patriae
880 1313 915 1376 et
943 1303 1138 1397 pontificem
1169 1314 1205 1374 et
1232 1304 1284 1374 vi-

197 1449 274 1496 rum
296 1426 478 1517 optimum,
503 1425 603 1496 nubis
628 1434 664 1497 et
693 1425 866 1516 hospitem
891 1434 927 1496 et
951 1438 1096 1518 patrem.
1129 1425 1201 1497 Hos
1222 1449 1284 1498 cu-

196 1547 304 1641 pienti
329 1555 364 1616 et
389 1548 501 1617 uranti
525 1547 664 1619 mittere
684 1546 745 1618 diu
762 1548 896 1631 distuli,
915 1556 952 1618 et
966 1548 1032 1625 iam
1055 1548 1123 1660 iam
1138 1569 1283 1619 causam

125 1734 129 1742 .
197 1669 374 1742 dilationis
396 1670 580 1761 intelliges
600 1670 674 1760 Ego
691 1671 784 1740 enim
805 1681 841 1740 et
867 1669 943 1741 illos
965 1669 1030 1749 sibi
1057 1693 1126 1742 non
1152 1693 1284 1764 negare

197 1813 262 1863 nec
290 1792 497 1863 subtrahere
513 1793 663 1884 amplius
684 1792 818 1879 institui
849 1792 953 1886 (quus
979 1793 1106 1864 idem
1097 1815 1173 1886 lpse
1197 1792 1281 1865 dum

196 1914 321 1986 fierent
340 1927 420 1985 ante
441 1918 568 1986 multos
589 1937 699 1987 annos
720 1913 766 1986 ad
786 1917 928 1987 Fontem
956 1916 1090 2006 Surgiae
1111 1916 1203 2006 legit,
1233 1917 1283 1987 fe

196 2039 312 2132 citque
332 2039 427 2130 quud
446 2039 570 2109 solitus
583 2050 654 2121 est,
674 2041 741 2109 mei
758 2041 850 2110 euim
869 2039 1283 2130 semperamantissimus

169 2255 172 2261 ,
196 2182 354 2233 meorum
375 2182 520 2253 operum
542 2183 694 2232 amorem
714 2161 812 2232 facile
830 2145 1000 2252 concipit),
1015 2172 1055 2232 et
1076 2174 1109 2232 te
1127 2160 1285 2231 similiter

196 2281 322 2354 horum
344 2283 546 2376 participem
566 2287 679 2355 iacere
701 2284 735 2353 in
755 2285 872 2355 auimo
891 2294 965 2354 est:
985 2283 1049 2354 sed
1069 2306 1110 2356 ea
1132 2287 1210 2376 lege
1230 2294 1281 2366 ut,

196 2408 282 2477 vivo
310 2427 384 2489 me,
407 2428 510 2476 nemo
531 2407 620 2476 alius
642 2407 815 2500 particeps
840 2429 903 2498 per
928 2426 993 2476 vus
1021 2404 1090 2477 fiat.
1119 2408 1162 2478 Ut
1190 2410 1283 2479 enim

196 2528 351 2620 quadam
372 2526 405 2595 iu
425 2536 522 2620 parte
542 2528 656 2619 operis
678 2526 862 2598 advertere
880 2529 957 2613 erit,
976 2548 1132 2598 summus
1150 2527 1284 2601 bicho-

196 2649 329 2719 minum
352 2649 431 2718 stilo
452 2647 560 2738 attigi.
588 2648 679 2731 Quid
699 2671 784 2739 ergo
811 2650 977 2743 inquies?
1003 2650 1100 2721 Adeo
1125 2649 1281 2728 nexmihi

197 2770 299 2841 solito
321 2769 472 2843 timidior
497 2773 609 2842 lactus
633 2775 696 2842 esi
722 2774 797 2864 Ego
822 2795 909 2844 veru
934 2773 1020 2843 nihil
1047 2773 1186 2843 minus:
1213 2774 1284 2844 imo

196 2892 359 2982 equidem
381 2917 451 2986 quo
471 2894 619 2967 vicinior
633 2897 734 2966 morti
753 2919 848 2981 snm,
871 2917 914 2967 eo
931 2908 968 2968 et
988 2895 1129 2989 pavoris
1151 2894 1281 2979 minus,

197 3026 232 3085 et
249 3018 327 3107 plus
350 3018 456 3088 animi
487 3029 551 3089 est.
575 3018 650 3089 Nun
677 3027 733 3088 est
764 3040 910 3091 necesse
937 3029 975 3089 ut
1004 3018 1094 3088 inter
1118 3019 1282 3089 litterulas

197 3136 301 3207 huius
320 3141 502 3228 angustias
523 3139 582 3209 tibi
609 3142 686 3213 illos
708 3141 886 3213 inlarciam
916 3161 1006 3232 quos
1030 3140 1156 3212 secisse
1173 3142 1282 3211 fertur

197 3259 391 3354 intrepidus
414 3271 591 3345 senectus;
605 3285 720 3354 neque
734 3264 769 3335 id
781 3264 925 3346 mirum,
944 3286 1022 3336 cum
1036 3262 1174 3337 omnem
1194 3285 1282 3358 pene

197 3384 408 3476 degenerem
427 3393 566 3468 metum,
582 3406 685 3457 omne
699 3386 828 3458 humile
842 3387 1084 3478 delectumque
1099 3385 1282 3459 consilium

196 3511 279 3598 luga
297 3508 419 3579 mortis
440 3519 476 3578 et
496 3509 579 3580 vitae
598 3529 679 3599 spes
700 3509 824 3581 afferre
840 3514 991 3593 soleant;
1006 3531 1155 3602 quarum
1168 3509 1282 3602 prima

199 3629 309 3721 turpis
336 3632 370 3699 in
397 3647 481 3701 sene
506 3640 575 3711 est,
603 3629 760 3702 secunda
786 3632 889 3704 etiam
919 3635 1025 3704 stulta
1050 3653 1092 3703 ac
1124 3630 1279 3702 ridicula.

197 3753 272 3825 Non
294 3773 360 3842 ego
376 3739 489 3844 'pluris
510 3752 599 3822 iaciu
619 3775 724 3845 quam
747 3756 842 3826 soleo
863 3754 987 3827 horum
1009 3753 1219 3827 offensiones
1240 3774 1281 3824 ac

198 3872 336 3959 iudicia,
359 3874 474 3965 quiet
500 3896 587 3946 veru
612 3876 844 3961 offenduntur,
858 3886 894 3948 et
910 3880 997 3949 falso
1021 3876 1185 3950 iudicant.
1212 3874 1281 3947 Sed

199 4019 277 4075 cum
299 3997 602 4069 innumerabilium
624 4000 725 4091 plena
745 3999 987 4073 discriminum
1009 4000 1055 4070 sit
1074 3999 1151 4072 haec
1175 4021 1280 4092 quam

199 4116 336 4206 agimus
355 4119 439 4191 vitae
460 4120 533 4203 via,
557 4130 710 4212 praestat,
730 4122 796 4192 etsi
815 4121 859 4194 ad
880 4124 927 4193 nil
942 4121 1048 4207 aliud,
1062 4122 1106 4192 ad
1127 4123 1279 4214 quietem
