2804 4656
327 314 421 364 uuum
442 314 754 367 vruusruusruarrus.
768 318 971 368 -rrrsrouu
992 320 1023 368 rr.
1160 309 1215 369 tor

131 453 207 528 Nou
225 454 326 528 audis
350 458 509 529 Flaccum
533 459 661 551 ipsum:

271 604 419 668 Truditur
435 604 501 668 dios
516 605 566 668 die

332 704 487 784 Novaeque
504 712 637 783 pergunt
653 705 783 770 interire
800 706 906 772 uuna:

275 801 320 865 Tu
337 804 463 865 secanda
480 818 637 866 marmora

331 900 424 964 Locas
442 902 500 963 suh
518 901 620 982 ipsum
638 903 745 979 iuous;
764 909 795 966 et
812 902 963 985 sepulchri
982 928 984 930 ·

269 999 437 1062 Immemor
455 1001 549 1063 struis
565 1001 695 1065 domos?

134 1133 210 1204 Non
232 1131 333 1205 audis
355 1134 551 1205 Lucanum:

332 1327 462 1344 .....
485 1278 587 1342 veniet
605 1296 675 1358 quas
691 1282 818 1345 misceat
836 1298 943 1347 omues

269 1378 350 1442 Hora
366 1379 472 1441 duces:
490 1383 650 1458 properato
667 1379 770 1442 morit

137 1527 179 1596 Et
196 1523 376 1616 eumdem:

333 1718 465 1733 .....
486 1685 538 1732 mo
554 1685 610 1733 noc
627 1669 748 1732 oracula
765 1677 888 1740 eertum

271 1769 330 1833 Sed
347 1785 437 1847 mors
449 1775 531 1831 corta
548 1769 633 1832 tacit:
651 1769 763 1847 pavido
780 1769 915 1850 sortique
932 1773 1101 1836 cadendum
1118 1777 1186 1838 esti

272 1867 334 1929 Hoc
351 1867 424 1929 satis
442 1873 488 1928 est
504 1865 623 1929 dixisse
637 1864 763 1929 Iorem‘?

135 2015 207 2087 Non
229 2015 331 2086 audis
354 2014 515 2088 Statium:

272 2179 362 2242 Utere
379 2179 447 2243 luco
460 2184 513 2242 tua
529 2178 713 2258 longamque
731 2177 823 2242 indue
840 2178 975 2244 famam?

135 2306 174 2379 Et
193 2304 377 2377 eumdem?

270 2451 406 2515 Immites
423 2453 482 2516 scis
499 2451 581 2514 nulla
599 2451 764 2514 revolvere
779 2451 888 2515 Parcas

237 2588 239 2591 ·
274 2550 432 2614 Stamina?

135 2701 205 2773 Non
227 2701 328 2774 audis
349 2703 566 2775 Iuvenalem:

336 2896 467 2912 .....
489 2847 611 2911 festinat
627 2849 711 2910 euim
728 2849 894 2912 decurrere
910 2849 1003 2913 velox

271 2944 430 3008 Flosculus
446 2954 582 3024 angustae
598 2946 783 3025 miseraque
800 2945 987 3010 brevissima
1004 2946 1078 3011 vitae
1130 2990 1132 2993 -

272 3044 394 3108 Portio:
413 3045 486 3108 dum
504 3045 648 3123 bibimus,
665 3046 741 3109 dum
757 3051 847 3121 serta,
864 3052 1031 3125 unguenta,
1048 3047 1164 3128 puellas

273 3143 447 3240 Posuimus,
465 3145 583 3224 obrepit
598 3160 659 3206 uon
676 3144 824 3207 intellecta
840 3146 1001 3208 senectus?

136 3277 229 3347 Hauc
249 3276 278 3346 si
299 3275 385 3347 forto
406 3277 546 3368 longam
568 3276 627 3348 tibi
650 3299 835 3371 seramque
855 3280 1044 3373 pollicitus
1065 3290 1102 3351 ut
1121 3283 1216 3355 multi

136 3402 258 3484 soient,
292 3401 460 3471 iacturam
495 3402 658 3495 temporis
692 3404 804 3475 levem
834 3403 949 3489 dume,
977 3427 1020 3475 an
1052 3404 1216 3476 eumdem

136 3522 246 3616 ipsum
268 3547 337 3596 non
358 3523 476 3596 audis:
495 3524 594 3610 oiim,
617 3525 744 3619 inquit,

335 3719 651 3733 ...........
673 3670 749 3734 olim

275 3774 418 3854 Prodigia
436 3791 491 3856 par
508 3782 552 3840 est
569 3777 600 3838 iu
617 3776 772 3841 nobilitate
788 3779 954 3840 senectust

135 3907 170 4016 id
191 3909 221 3982 si
234 3909 333 3995 oiim,
350 3910 434 4001 quid
452 3908 574 3981 hodie?
591 3911 635 3980 ut
654 3911 683 3980 si
701 3911 735 3979 in
751 3907 939 3992 nobilitate,
958 3907 1043 3998 quid
1057 3909 1092 3978 in
1105 3908 1215 4002 impc-

136 4037 182 4107 rio
216 4037 408 4105 senectus?
436 4033 521 4104 Cum
543 4033 697 4105 omnium
718 4031 913 4102 mortalium
937 4030 981 4101 sit
1002 4029 1135 4117 brevis,
1164 4042 1215 4102 ta-

136 4179 210 4231 men
230 4157 446 4231 brevissima
471 4157 666 4251 principum
682 4154 765 4229 ,vita
790 4162 858 4240 est,
891 4161 927 4224 et
952 4153 1087 4227 interno
1112 4175 1214 4227 cura-
