2730 4680
230 323 267 382 58
556 304 604 383 'nn
625 336 725 384 nanus
746 336 970 385 rnururlamus

228 473 289 543 leci
311 479 346 541 et
366 473 472 542 multa
499 471 650 554 coercui,
672 493 752 563 quae
764 472 882 543 forsan
903 474 938 542 in
965 483 1140 564 posterum
1163 471 1299 554 delebo,

226 601 343 668 forsan
370 595 491 665 vivere
517 596 628 687 patiar
661 604 700 666 ut
724 618 805 668 cum
836 595 917 667 hinc
942 594 1060 668 abiero
1090 617 1137 666 ex
1167 595 1303 666 insidiis

226 727 420 813 erumpant,
440 741 566 813 meque
586 719 797 814 discipulum
813 721 972 792 veritatis
993 721 1145 793 indicent
1165 721 1230 793 sed
1247 743 1304 792 oo-

226 845 365 924 cultum,
387 852 528 936 propter
549 853 677 915 metum
699 844 906 916 ludaeorum.
930 845 1016 929 Quis
1034 853 1152 916 autem
1173 846 1239 916 scit
1259 867 1302 916 an

226 977 264 1039 ut
273 978 328 1039 est
341 968 479 1038 animus
492 966 677 1060 indignans
692 990 758 1039 nec
771 970 946 1040 larvarum
962 977 1132 1053 metuens,
1148 971 1224 1062 ipse
1236 990 1303 1060 ego

224 1111 382 1184 praeseus
400 1091 466 1161 iter
482 1091 604 1161 faciam
622 1091 761 1184 prodire
779 1091 1002 1163 volentibus?
1015 1091 1085 1162 Sed
1100 1090 1242 1162 omissis
1258 1091 1302 1162 de

225 1213 354 1307 quibus
376 1200 460 1283 milri
482 1215 652 1283 sententia
672 1213 824 1284 nondum
847 1224 929 1298 stat,
949 1213 995 1284 de
1017 1235 1073 1284 me
1094 1213 1145 1284 sic
1166 1213 1300 1297 habeto,

223 1336 308 1405 nihil
331 1336 444 1426 magis
470 1345 569 1406 tuum
596 1334 671 1406 fieri
692 1357 796 1429 posse
822 1358 925 1428 quam
952 1359 1019 1428 ego
1044 1358 1134 1408 sum.
1161 1337 1302 1408 Memini

224 1480 315 1529 anno
336 1459 454 1541 altero,
468 1457 551 1528 dum
566 1459 720 1531 iniuncta
739 1461 784 1531 ad
804 1461 1052 1553 Imperatorem
1073 1469 1232 1531 nostrum
1254 1463 1303 1530 lc-

223 1581 362 1672 gatione
375 1582 549 1672 fungerer,
564 1580 738 1654 hominem
752 1583 976 1676 peregrinum
989 1582 1053 1653 vix
1071 1585 1146 1655 solo
1162 1583 1302 1655 nomine

223 1705 416 1796 cognitum,
439 1729 507 1798 qua
532 1728 588 1775 me
613 1707 832 1799 fronteque
857 1707 987 1792 animo,
1014 1706 1299 1799 quibusverbis,

222 1838 353 1920 quanta
378 1828 592 1900 humanitate
616 1829 832 1901 devinxeris.
865 1830 987 1901 Recole
1014 1852 1117 1922 quam
1146 1831 1302 1901 suaviter

222 1950 307 2021 mihi
327 1951 412 2021 illud
432 1951 620 2023 identidem
647 1950 869 2024 inculcabas:
892 1953 1083 2046 compatior
1109 1952 1171 2023 tibi
1191 1955 1302 2024 amice

221 2075 281 2170 qui
302 2075 347 2147 ad
366 2074 534 2147 barbaros
558 2076 693 2148 venisti.
721 2075 796 2168 Ego
817 2095 902 2146 vero
923 2074 1007 2145 nihil
1027 2074 1214 2146 barbarum
1240 2076 1303 2145 mi·

221 2219 288 2269 nus
308 2199 393 2269 nihil
419 2198 608 2270 humanum
635 2197 746 2289 magis
766 2197 932 2290 Profiteor
958 2219 1014 2268 me
1034 2197 1169 2270 vidisse
1194 2217 1301 2289 qnam

222 2322 409 2405 Caesarem,
429 2333 464 2392 et
483 2323 614 2414 aliquot
633 2321 724 2391 oirca
744 2342 824 2390 eum
847 2342 1002 2391 summos
1022 2321 1129 2402 viros
1151 2341 1300 2412 quorum

223 2443 325 2514 modo
356 2442 554 2513 nominibus
585 2443 735 2513 scienter
760 2442 941 2514 abstineo:
974 2463 1131 2512 summos
1157 2442 1300 2533 inquam

221 2565 317 2635 viros
335 2575 372 2635 et
386 2565 542 2656 insignes
559 2565 687 2657 dignos
708 2566 831 2636 maiori
850 2566 1031 2637 memoria:
1050 2563 1145 2658 quod
1161 2565 1207 2636 ad
1226 2565 1301 2635 haec

220 2688 342 2757 attinet
363 2684 501 2758 abunde
526 2688 628 2758 miles
649 2696 684 2758 et
704 2686 859 2758 affabiles
884 2690 982 2758 velut
1003 2686 1032 2758 si
1054 2686 1201 2756 Athenis
1222 2684 1300 2755 atti-

221 2810 270 2881 cis
291 2811 363 2882 nati
382 2819 511 2881 essent.
533 2811 629 2882 Vale.

360 2955 516 3027 Mediolani,
532 2956 582 3012 lII.
599 2957 737 3013 Kalendas
752 2957 847 3012 Maias.

648 3403 825 3468 EPISTOLA
845 3405 876 3467 ll.

235 3578 428 3629 FRANCISCUS
446 3577 613 3632 PE'l'RdRGrl
629 3576 762 3626 IOHANNI
778 3575 931 3625 Episcopo
948 3575 1139 3624 OLllU'l‘lllllSl
1156 3575 1182 3624 S.
1201 3575 1230 3623 P.
1249 3577 1279 3623 Ι).

272 3739 314 3793 Oh
327 3738 386 3792 eius
400 3735 619 3791 benevolentiam
635 3741 662 3790 et
676 3741 819 3806 acceptum
833 3735 868 3788 ab
883 3751 916 3789 eo
932 3735 1061 3805 diploma,
1078 3750 1133 3805 quo
1148 3749 1242 3788 comes

338 3825 414 3881 Sacri
429 3824 525 3879 Palatii
540 3824 727 3891 renunciatur,
744 3838 829 3894 quam
843 3823 976 3877 maximas
991 3821 1093 3893 gratias
1106 3821 1172 3892 agit.

315 4049 356 4117 Ni
377 4051 453 4120 luce
479 4047 605 4119 clarius
626 4045 814 4136 intelligam
840 4046 1049 4137 videamque
1068 4041 1151 4138 quid
1172 4044 1216 4115 de
1237 4065 1293 4114 me

219 4172 359 4254 sentias,
378 4184 413 4241 et
430 4173 576 4265 qualiter
594 4172 643 4242 sis
663 4169 814 4253 affectus,
834 4169 936 4242 valde
954 4189 1020 4239 non
1040 4167 1169 4240 surdus
1187 4167 1292 4240 modo
