2934 4650
560 304 712 354 urrsroun
733 305 839 353 xxxin.
1176 291 1235 354 395

159 462 194 523 et
212 450 376 543 quamvis
394 447 641 543 pluriformiter
662 447 823 540 utrinque
845 465 1035 540 suppresso
1057 444 1233 518 wCiceronis

159 572 309 655 nomine,
331 571 492 647 coniicies
515 582 628 642 tamen
650 570 908 643 Ciceronianam
929 569 1067 640 Catonis
1085 590 1235 654 excusa-

160 696 286 770 tionem
308 693 464 766 eiusdem
495 693 670 764 Ciceronis
703 692 878 775 sententia
898 692 1038 762 meliore
1065 691 1232 769 damnari.

159 819 209 889 De
232 840 289 889 me
312 827 426 888 autem
456 816 506 886 sic
531 815 662 888 habeto
687 814 855 887 breviter.
882 815 966 886 Mihi
998 816 1140 908 quidem
1159 819 1235 887 'no-

160 940 253 1014 mina
274 940 428 1011 virorum
449 936 650 1022 illustrium,
671 938 700 1008 si
718 939 785 1009 dici
805 940 855 1009 fas
873 946 942 1022 est,
963 938 1105 1010 totidem
1130 962 1235 1033 prope
1312 957 1315 965 '

159 1063 339 1134 numinum
361 1063 436 1133 loco
457 1072 548 1147 sunt,
579 1070 614 1132 et
644 1058 816 1133 tamenin
838 1061 892 1132 his
914 1061 1000 1156 ipsis
1019 1084 1102 1132 cum
1129 1065 1233 1136 multa
1268 1141 1270 1147 k

159 1186 340 1268 delectent,
368 1184 498 1254 veritas
525 1183 646 1276 primae
681 1183 890 1256 reverentiae
924 1207 1030 1257 causa
1058 1195 1126 1272 est,
1153 1207 1234 1279 quae

163 1308 219 1379 nbi
238 1307 429 1379 cultoribus
450 1307 554 1377 etiam
576 1307 648 1388 suis
665 1310 822 1399 neglecta
838 1307 1015 1381 videbitur
1033 1310 1123 1403 (quis
1141 1312 1233 1381 enirn

161 1442 276 1505 tantus
302 1431 435 1505 amicus
461 1430 538 1500 veri
571 1441 626 1501 est
658 1431 718 1522 qui
749 1453 819 1503 non
852 1432 1025 1513 interdurn
1048 1413 1234 1507 averitate

159 1555 291 1639 deviet,
311 1576 374 1626 seu
392 1553 449 1625 illa
468 1552 635 1646 segnities
657 1555 711 1641 sit,
731 1575 793 1626 seu
812 1577 926 1626 rorum
949 1554 1152 1640 obscuritas,
1172 1578 1234 1628 seu

160 1678 288 1770 ingenii
310 1675 508 1770 hebetudo),
533 1687 605 1747 tum
625 1679 744 1769 procul
766 1676 967 1749 dubiorem
988 1678 1134 1749 solidam
1159 1703 1234 1752 um-

158 1802 231 1873 bris
264 1800 427 1872 inanibus
458 1808 493 1870 et
514 1799 698 1870 veritatem
720 1800 831 1892 ipsam
854 1801 1149 1892 quantorumlibet
1173 1825 1234 1873 no-

158 1925 289 1997 minum
307 1923 426 2015 gloriae
443 1934 664 2015 anteponam,
680 1946 745 1994 nec
763 1935 911 1995 metuam
930 1923 996 1995 hoc
1013 1947 1090 1994 meo
1108 1925 1233 1995 iudicio

57 2066 58 2070 ’
157 2051 217 2120 vel
244 2046 362 2118 hostes
397 2049 455 2116 vel
487 2044 616 2117 amicos
646 2043 803 2116 veritalis
833 2044 1138 2137 offendere,quod
1158 2046 1233 2118 illos

156 2169 301 2253 oderim,
324 2169 393 2240 hos.
410 2179 504 2239 certe
525 2168 634 2240 sciam
657 2190 792 2238 mecum
814 2189 896 2240 esse
920 2187 1103 2251 sensuros
1131 2177 1234 2259 atque

156 2294 248 2365 illam
280 2315 418 2386 semper
449 2291 599 2385 propriae
627 2290 811 2363 sententiae
838 2294 1056 2385 praelaturos.
1078 2278 1234 2382 Denique

157 2415 207 2487 sic
228 2417 383 2487 animum
405 2413 536 2486 institui
556 2422 594 2485 ut
618 2413 719 2486 cuius
746 2413 926 2488 benedicta
946 2412 1087 2511 laudare
1107 2413 1230 2496 ausim,

156 2539 313 2610 eiusdem
334 2560 474 2611 errores
496 2536 692 2632 improbare
714 2561 781 2609 non
803 2562 943 2623 verear,
967 2537 1128 2630 quamvis
1150 2537 1233 2608 illud

156 2664 278 2734 volens
299 2663 437 2745 faciam,
461 2662 527 2733 hoc
547 2662 687 2734 inuitus.
711 2663 745 2733 Si
767 2663 859 2734 enirn
882 2684 966 2733 vere
984 2661 1232 2754 titanumque

156 2785 382 2878 permissum3
404 2784 557 2877 alioquin
583 2797 637 2857 est
661 2788 807 2859 alterum
831 2784 1026 2869 honestius,
1050 2785 1231 2878 utrobique
1311 2827 1314 2836 γ

58 2889 62 2895 ’
157 2927 218 2996 par
237 2905 467 2979 mendacium.
489 2907 572 2976 Vale
591 2882 629 2977 et
648 2905 774 2976 iterum
795 2907 884 2975 vale.

656 3138 735 3146 ——

535 3328 713 3392 uelsloun
734 3329 851 3393 xxxiv.

266 3494 460 3545 Fulmelseus
481 3494 650 3544 Paresaca
670 3494 846 3553 Funumseo
867 3497 972 3544 BRUNO
995 3497 1020 3544 S.
1043 3498 1070 3544 P.
1093 3497 1122 3544 D.

447 3645 575 3700 Amicum
586 3644 686 3700 iterum
699 3645 739 3699 illi
753 3647 936 3701 commendat.

256 3876 328 3948 Nisi
348 3874 449 3946 valde
466 3875 613 3947 sortibus
632 3875 785 3947 humeris
804 3876 867 3957 siS,
887 3884 936 3946 tot
953 3896 1109 3944 mearum
1127 3873 1231 3944 inter-

155 3999 354 4072 cessionum
376 3998 530 4071 sarcinas
552 4002 643 4070 ferre
665 4020 733 4068 non
757 4001 888 4071 valeas.
916 3998 1044 4091 Scripsi
1078 4019 1172 4092 saepe
1197 4006 1232 4066 et

73 4164 74 4168 =
158 4131 273 4216 repeto
292 4133 404 4195 notam
423 4121 511 4196 adeo
530 4121 585 4194 his
603 4123 637 4193 in
657 4121 741 4194 locis
759 4121 921 4195 amicitiae
940 4130 1069 4192 nostrae
1088 4124 1228 4203 famam,
