2934 4650
547 326 697 375 uarsuout
720 328 791 375 xxv.
1167 288 1237 375 oto

154 470 305 538 leotunm
322 465 535 538 harmoniam
550 465 671 537 miror:
685 465 838 560 dumque
852 467 966 538 aerius
983 484 1106 538 causas
1119 476 1223 537 tautae

154 587 332 658 varietatis
350 589 524 671 examino,
542 589 619 682 ipsa
636 591 745 661 fateor
764 589 915 660 varietas
936 610 990 658 me
1011 588 1171 671 delectat,
1189 600 1225 658 et

155 712 283 802 glorior
304 712 350 781 ita
371 732 426 781 me
447 712 533 781 meis
558 732 675 784 carum
701 732 796 796 esse,
822 722 860 782 ut
883 712 1033 804 alioquin
1059 713 1223 803 praeelara

155 842 190 904 et
207 845 368 926 peracuta
385 831 511 904 iudicia
531 833 742 925 perstringat
758 843 862 926 atque
880 833 1021 905 hebetet
1036 853 1133 903 amor
1145 838 1223 902 mei.

155 959 231 1050 Ego
251 958 391 1051 quidem
412 959 500 1029 inter
521 958 708 1030 amicorum
730 958 925 1050 opiniones,
946 957 1073 1051 siquid
1092 955 1225 1049 ipse'de

85 1146 88 1151 ⁴
156 1083 260 1151 rebus
279 1080 366 1151 meis
384 1080 528 1150 sentiam
548 1080 751 1172 interroger,
770 1080 828 1152 ubi
847 1081 1006 1166 solitudo,
1028 1079 1223 1162 unionum,

157 1203 213 1274 ubi
238 1205 339 1297 quies
358 1225 397 1274 ao
414 1203 586 1274 silentium
606 1206 687 1287 sint,
708 1203 774 1274 etsi
792 1224 929 1295 magnae
946 1225 1045 1300 epea,
1062 1203 1222 1285 honores,

158 1327 322 1420 potentia,
347 1329 543 1420 voluptates
570 1326 699 1411 absint,
728 1348 770 1398 eo
795 1348 849 1397 me
879 1324 1055 1418 suspirare
1082 1345 1225 1419 respon-

157 1449 267 1523 deam.
292 1450 359 1522 Sed
382 1450 441 1521 ubi
462 1472 504 1522 ea
525 1452 593 1521 sint
614 1454 722 1522 fateor
742 1472 798 1521 me
819 1450 964 1521 nescire.
992 1448 1145 1521 Solitudo
1169 1449 1225 1520 illa

156 1569 247 1643 enim
264 1568 354 1652 mea,
375 1573 433 1643 ubi
450 1563 623 1645 interdum
644 1593 712 1644 non
734 1575 843 1644 solum
866 1572 986 1646 vivere
1008 1572 1069 1643 sed
1087 1581 1123 1642 et
1139 1575 1224 1642 mori

157 1694 327 1787 optabam,
346 1717 414 1767 non
432 1696 487 1766 his
505 1695 608 1768 modo
624 1695 751 1790 quibus
769 1695 945 1766 abundare
964 1697 1062 1767 solita
1079 1704 1143 1778 est,
1164 1693 1226 1766 sed

159 1815 343 1894 securitate
372 1819 473 1890 etiam
502 1831 606 1892 earet.
639 1821 822 1890 Testantur
848 1817 987 1908 triginta
1006 1820 1062 1888 vel
1090 1839 1132 1889 eo
1153 1816 1226 1890 am-

158 1939 248 2031 plius
266 1939 427 2012 librorum
446 1942 634 2026 volumina,
654 1961 734 2034 quae
754 1942 833 2012 olim
856 1939 903 2010 ibi
921 1940 1124 2033 reliqueram
1143 1943 1225 2011 nihil

159 2081 303 2155 usquam
325 2065 432 2136 tutius
453 2063 615 2148 eredens,
639 2084 789 2158 quaeque
812 2085 882 2134 non
908 2065 1015 2133 multo
1042 2073 1119 2155 post
1139 2083 1227 2155 prae-

157 2182 286 2257 donum
306 2186 465 2258 munibus
491 2188 553 2258 vix
576 2189 695 2282 elapsa
715 2186 868 2280 mihique
886 2208 933 2256 ex
954 2186 1129 2281 insperato
1149 2185 1228 2256 red·

158 2306 242 2393 dita,
261 2309 389 2402 pallere
408 2314 500 2381 nuno
531 2310 633 2382 etiam
667 2319 702 2380 et
734 2323 882 2382 tremere
911 2309 1087 2393 videntur,
1105 2317 1141 2379 et
1158 2318 1228 2379 tur-

158 2430 275 2502 hidum
300 2433 366 2503 looi
390 2442 517 2503 statum
541 2435 631 2506 unde
649 2444 834 2506 evaserant
861 2435 972 2503 fronte
999 2430 1226 2527 portendere:

158 2554 204 2625 ita
228 2553 311 2623 mihi
336 2555 566 2629 diversorium
587 2556 671 2627 illud
689 2556 836 2627 amabile
856 2565 890 2627 et
913 2553 1001 2626 ruris
1022 2552 1228 2646 optatissimi

160 2697 240 2769 spes
267 2680 431 2749 aufertur.
462 2678 617 2750 Oblatam
648 2691 762 2751 tamen
789 2679 915 2773 arripio
944 2676 1103 2750 manibus
1125 2686 1160 2747 et
1180 2685 1230 2745 te-

159 2821 240 2870 nere
261 2800 291 2869 si
313 2801 442 2894 possim
468 2801 580 2884 nitor'3
614 2812 649 2872 et
674 2802 792 2872 nescio
819 2821 862 2870 an
889 2800 1003 2872 adhuc
1023 2803 1160 2892 sperem
1185 2820 1230 2868 an

162 2903 318 2990 simulem
351 2943 420 3012 quo
452 2944 507 2992 me
533 2924 645 2995 fallam
665 2926 707 2994 ‘et
733 2942 824 2992 vana
853 2921 1047 3014 cupientem
1081 2921 1229 2990 animam

162 3061 224 3135 spe
244 3039 422 3112 oblectem.
444 3043 601 3115 Nondum
624 3046 704 3116 illuc
724 3066 780 3114 me
806 3044 961 3139 aspirare
981 3043 1127 3116 desiisse
1151 3067 1230 3115 oum

161 3163 294 3235 diurnae
318 3184 358 3234 ac
383 3174 563 3236 noeturnae
588 3187 666 3237 cum
693 3165 812 3237 amicis
833 3164 978 3248 fabulae,
1000 3164 1128 3258 quibus
1161 3170 1231 3238 fere

161 3284 316 3358 nilaliud
333 3289 426 3381 loqui
449 3291 555 3374 soleo,
580 3300 651 3360 tum
673 3290 823 3383 suspiria
844 3289 1003 3372 indicant,
1022 3310 1102 3381 quae
1123 3289 1158 3359 in
1178 3288 1232 3359 lit-

163 3409 246 3480 teris
266 3410 311 3482 ad
327 3411 477 3483 locorum
495 3414 680 3506 praesulem
699 3434 809 3506 nuper
829 3412 971 3483 inserui.
990 3411 1112 3483 Mirum
1127 3417 1230 3493 certe,

163 3551 228 3601 neo
244 3555 306 3604 eur
321 3533 425 3605 noviz'
438 3535 500 3606 sed
522 3535 571 3607 sio
591 3536 675 3606 mihi
695 3556 903 3629 persuasum
922 3535 1020 3606 seito:
1039 3555 1109 3604 non
1129 3553 1233 3629 posse

163 3652 243 3724 alibi
262 3676 366 3746 quam
386 3656 445 3727 ubi
464 3667 612 3751 ooeptum
634 3658 698 3729 fuit
716 3670 873 3730 nostrum
892 3657 1110 3743 illudetiam
1124 3657 1233 3747 ‘vulgi

163 3798 222 3847 ore
242 3777 415 3863 iactatum,
431 3800 518 3874 opus
533 3780 647 3874 perfici
664 3808 671 3850 :
689 3781 789 3875 qnasi
807 3781 974 3875 principio
993 3792 1029 3851 et
1045 3778 1105 3849 fini
1122 3780 1233 3850 fatalis

162 3898 217 3971 ille
238 3900 282 3972 sit
306 3902 412 3972 loeus
434 3879 518 3974 liam
540 3915 708 3997 quantum
730 3905 852 3977 attinet
872 3903 917 3974 ad
938 3905 1081 3997 reliqua,
1104 3902 1148 3974 de
1169 3903 1233 3974 loci

163 4022 332 4100 electione
344 4025 496 4119 vitaeque
509 4026 613 4099 modo
629 4026 767 4114 dubius,
787 4027 943 4100 variante
960 4028 1107 4112 fortuna,
1129 4029 1235 4099 multa

163 4164 240 4216 eum
260 4149 378 4220 nrultis
400 4149 510 4235 varie,
529 4162 610 4224 ante
632 4152 717 4225 alios
739 4162 863 4238 tecum,
888 4150 951 4223 sed
968 4153 1078 4243 plura
1100 4172 1233 4223 meeum
