2730 4680
230 282 269 342 m
575 293 616 340 uu
638 291 739 340 uncus
760 290 984 338 nnurmnmuus

144 486 145 492 κ
233 431 350 524 pserit.
369 428 470 513 Quod
492 425 646 521 quidem,
670 429 699 497 si
723 427 892 521 sapientia
903 427 961 497 illa
976 434 1051 509 tua,
1066 446 1148 518 quae
1167 425 1213 495 ab
1231 427 1312 498 ado-

230 552 397 622 lescentia
420 563 531 621 tecum
553 563 643 633 erat,
666 559 801 622 etcum
824 558 979 643 tempore
1003 550 1159 620 crevisse
1183 547 1314 620 debue-

232 684 298 760 rat,
313 674 468 765 cogitare
484 675 601 743 omnia
618 685 653 744 et
670 672 941 766 circumspicere
957 673 1141 756 voluisset,
1162 671 1208 742 ab
1222 675 1313 743 omui

229 808 327 891 parte
348 799 473 868 falsum
492 818 637 890 prorsus
655 809 690 868 et
707 795 916 889 inopinabile
933 797 1167 888 cognovisset.
1187 797 1314 868 Occur-

229 923 335 993 risset
354 920 487 992 utinam
515 920 575 991 tibi
601 920 755 992 Platonis
784 919 943 1002 historia,
976 920 1038 1013 qui
1073 930 1313 991 accusatorem

228 1045 436 1117 Xenocratis
458 1043 558 1114 amici
580 1044 646 1126 sui,
676 1045 737 1136 qui
764 1043 831 1114 sibi
857 1055 952 1126 tunc,
978 1051 1014 1114 ut
1035 1021 1128 1113 nunc
1153 1044 1314 1114 Socrates

229 1168 291 1239 tibi
316 1168 515 1240 detraxisse
541 1166 731 1250 ferebatur,
760 1167 894 1259 respuit
919 1176 955 1236 et
980 1165 1123 1251 abiecit,
1152 1190 1225 1237 rem
1249 1169 1314 1237 im-

228 1290 429 1384 possibilem
454 1290 573 1360 diceus
595 1301 665 1361 tam
687 1290 852 1362 dilectum
873 1291 1023 1360 amicum
1041 1301 1076 1362 et
1100 1300 1170 1360 tam
1192 1313 1312 1362 carum

227 1416 325 1486 vices
345 1412 473 1484 amoris
495 1413 561 1483 sibi
583 1436 652 1484 non
675 1413 832 1485 reddere.
854 1415 905 1484 Tu
931 1436 1018 1485 vero
1046 1422 1114 1484 tam
1141 1415 1243 1486 facile
1269 1414 1313 1486 de

228 1539 339 1610 amico
364 1539 483 1608 nescio
509 1538 579 1621 cui,
609 1539 672 1610 sed
700 1539 899 1631 utriusque,
925 1549 961 1609 ut
982 1538 1142 1622 arbitror,
1164 1552 1199 1611 et
1220 1540 1314 1632 quud

228 1672 322 1733 certe
336 1660 416 1743 scic,
424 1661 581 1732 veritatis
597 1653 745 1747 inimico,
755 1660 900 1734 credere
911 1663 1151 1755 potuistithl
1166 1665 1311 1734 nimium

227 1806 385 1879 praeceps
416 1794 451 1854 et
480 1804 588 1875 prona
621 1784 823 1869 credulitas
851 1806 933 1877 quae
961 1785 1053 1857 mille
1080 1785 1162 1855 olim
1188 1783 1313 1856 evertit

228 1910 407 1980 amicitias.
447 1908 580 1977 Vellem
611 1918 749 2002 tempus
779 1908 910 1980 habere
944 1908 989 1979 ad
1021 1908 1244 1980 scribendum
1276 1920 1313 1980 ut

226 2033 382 2104 animum
405 2031 527 2103 babeo.
551 2032 658 2103 Multa
680 2033 736 2102 hic
754 2033 908 2104 dicerem
921 2054 1003 2126 quae
1018 2033 1138 2104 silebo.
1158 2034 1197 2103 ln
1214 2056 1311 2103 sum-

225 2179 282 2228 ma
301 2167 432 2238 tamen,
451 2155 613 2225 amicitiae
626 2176 800 2226 venenum
816 2157 970 2248 suspicio
986 2165 1054 2240 est,
1071 2179 1151 2250 quae
1168 2157 1310 2249 quidem

226 2282 261 2352 iu
282 2300 455 2371 generoso
472 2289 507 2348 et
524 2279 593 2347 alto
610 2279 716 2349 corde
734 2302 803 2350 non
822 2279 967 2360 habitat,
986 2281 1204 2372 qualiterque
1219 2304 1311 2351 nunc

225 2405 259 2472 iu
282 2412 379 2471 tuum
403 2407 525 2492 pectus
551 2396 745 2492 obrepserit
772 2402 887 2472 miror.
917 2404 1011 2494 Ergo
1038 2405 1199 2475 Socrates
1226 2414 1308 2475 tuus

225 2525 269 2597 de
289 2537 322 2596 te
344 2525 434 2595 male
453 2526 591 2593 locutus
612 2528 694 2595 est‘l
714 2526 921 2619 Curquaeso
937 2536 998 2598 aut
1018 2549 1088 2620 qua
1110 2532 1197 2622 spe?
1218 2528 1309 2610 Quid

225 2660 262 2719 tu
280 2649 327 2718 illi
344 2649 503 2718 feceras?
527 2645 598 2718 Aut
623 2648 707 2741 quid
733 2650 790 2722 ille
811 2652 966 2722 lucratus
987 2660 1084 2722 esset
1109 2651 1250 2742 quando
1277 2660 1309 2720 te

224 2772 320 2856 mihi,
344 2770 439 2865 quod
460 2793 524 2842 nec
544 2773 619 2864 ipse
640 2796 705 2844 nec
722 2774 816 2844 alius
836 2784 971 2866 posset,
990 2774 1152 2845 odiosum
1173 2773 1308 2844 effecis-

225 2901 311 2968 set‘l
335 2897 411 2967 Non
438 2905 513 2966 erat
538 2904 656 2966 tantus
683 2899 779 2968 furor
803 2896 980 2968 credibilis
1005 2897 1051 2967 de
1077 2895 1216 2967 homine
1238 2907 1307 2967 tam

223 3021 386 3092 discreto.
414 3019 511 3090 Licet
535 3021 627 3091 enim
654 3032 756 3092 extra
781 3019 902 3090 orbem
929 3021 1081 3092 italicum
1108 3030 1211 3091 natus
1244 3021 1306 3104 sit,

223 3166 327 3216 nemo
347 3152 463 3214 tamen
488 3145 603 3213 animo
629 3155 664 3213 et
689 3147 869 3216 voluntate
896 3143 1009 3234 magis
1036 3143 1174 3215 ltalicus
1201 3144 1304 3214 vivit:

223 3268 319 3359 quod
333 3277 369 3337 ut
382 3266 429 3336 ita
449 3277 547 3337 esset
563 3287 628 3337 nos
642 3265 713 3337 duo
726 3277 807 3337 aute
826 3288 949 3337 omues
964 3269 1128 3336 mortales
1147 3267 1304 3338 lecimus.

222 3393 267 3462 Et
286 3391 373 3483 prob
391 3390 517 3482 pudor!
542 3387 730 3483 lmpudens
751 3388 964 3461 obtrectator
990 3411 1059 3460 non
1085 3389 1226 3461 erubuit
1251 3390 1307 3460 di-

223 3537 317 3599 cere,
347 3514 524 3583 Socratem
552 3513 640 3582 male
666 3512 750 3582 mibi
777 3513 962 3607 scripsisse
989 3513 1034 3584 de
1060 3514 1177 3585 Laelio.
1207 3514 1307 3584 Nunc

143 3725 152 3735 ,
223 3650 262 3710 tu
294 3638 371 3709 viro
405 3634 663 3730 sapientissimo
689 3647 794 3728 atque
819 3637 966 3730 optimo,
1003 3637 1098 3708 stulti
1132 3649 1166 3709 et
1195 3638 1306 3731 iniqui

223 3761 374 3834 bominis
395 3760 527 3831 crimen
545 3761 744 3854 oppositum
763 3760 849 3852 quid
865 3761 990 3832 virium
1010 3762 1138 3835 babeat
1151 3762 1304 3833 intende.
1324 3853 1326 3855 ‚

224 3884 259 3952 Si
276 3884 398 3955 fixeris
416 3883 587 3968 animum,
605 3885 635 3954 si
649 3905 789 3954 omnem
803 3883 994 3956 iracundiae
1010 3894 1142 3956 motum
1156 3884 1305 3956 nubem-

222 4031 291 4099 que
311 4008 519 4102 propuleriS‚
543 4007 572 4078 si
593 4018 674 4078 ante
692 4009 811 4079 oculos
831 4019 907 4080 tuos
928 4017 1035 4079 totum
1051 4008 1096 4080 ad
1110 4009 1200 4081 bano
1212 4008 1304 4080 diem

222 4153 291 4200 non
330 4131 433 4203 modo
465 4131 691 4216 concorditer,
721 4131 785 4204 sed
816 4155 883 4204 una
915 4154 1023 4227 prope
1056 4133 1172 4204 anima
1204 4130 1304 4203 nobis
