2992 4664
218 299 277 361 3ll
669 302 830 351 vammum

219 470 255 531 et
270 457 398 528 hiantis
419 451 558 525 aedificii
578 451 683 522 bases
712 462 881 535 tremunt,
910 461 946 522 et
970 451 1078 522 tristis
1104 453 1186 523 vitae
1213 475 1304 546 pon-

217 583 286 653 dus
307 582 400 649 fessa
419 576 482 647 vix
500 577 680 667 perierunt
703 575 936 646 fundamenta.
960 574 1075 646 Dicam
1097 597 1184 646 vero
1200 577 1305 669 quod

219 704 345 775 animae
367 718 456 769 meae
477 697 587 770 octuis
609 717 649 767 ac
666 697 793 767 lumine
818 699 938 768 careo‘?
958 697 1003 766 Et
1022 718 1081 768 cor
1100 719 1218 769 meum
1237 701 1304 769 luit

140 885 143 891 .
219 836 254 896 et
265 827 378 896 virtus
394 842 479 892 mea.
496 821 620 893 Totum
635 841 720 911 ergo
733 819 818 890 illud
828 817 1121 890 mihiDavidicum
1137 819 1212 890 iure
1223 842 1304 890 meo

219 943 378 1016 vindico:
409 939 474 1012 Cor
501 963 610 1011 meum
641 941 870 1010 conturbatum
890 952 946 1023 est,
969 938 1139 1029 dereliquit
1158 964 1209 1011 nte
1231 945 1305 1012 vir-

221 1080 270 1138 tus
290 1088 370 1150 mec,
399 1066 559 1134 etlumen
582 1066 750 1133 oculorum
783 1084 931 1133 meorum
963 1074 994 1132 et
1019 1064 1127 1155 ipsum
1154 1086 1221 1133 uon
1255 1078 1306 1136 est

163 1171 166 1178 ’
220 1211 363 1259 mecum:
392 1198 427 1258 et
447 1187 492 1259 ad
510 1207 683 1261 summam
710 1196 769 1256 aut
795 1208 950 1256 mearum
977 1186 1210 1265 calamitatum
1237 1188 1306 1258 iui-

221 1312 413 1406 quissimus
437 1311 578 1378 mensor
592 1331 681 1392 sum,
698 1320 758 1379 aut
775 1330 879 1379 nemo
897 1331 1050 1400 unquam
1070 1310 1172 1381 unius
1191 1324 1306 1382 morte

220 1434 369 1506 hominis
390 1434 469 1526 plus
490 1429 610 1500 habuit
627 1431 722 1522 quod
745 1434 889 1522 lugeret.
918 1432 1042 1503 Caeteri
1069 1432 1161 1502 enim
1192 1455 1305 1503 unum

221 1554 368 1646 aliquid,
395 1571 463 1641 ego
491 1550 524 1619 in
545 1573 616 1622 uno
638 1553 741 1622 simul
763 1553 878 1623 omnia
899 1553 1044 1647 perdidi.
1067 1551 1158 1635 Quid
1184 1551 1305 1623 inlelix

222 1691 291 1750 tam
313 1674 485 1747 invidiose
506 1672 674 1744 damnum
696 1696 810 1746 meum
833 1678 986 1769 queror‘.l
1008 1674 1098 1757 Quid
1126 1683 1195 1745 tam
1224 1696 1308 1764 gra·
1330 1666 1332 1670 ’

223 1803 313 1873 viter
330 1808 443 1871 meum
464 1801 592 1869 vulnus
610 1798 778 1890 exagito?
794 1799 902 1868 immo
919 1819 1004 1869 vcro
1023 1819 1127 1890 quam
1148 1798 1308 1887 vulgaris

223 1933 258 1994 et
277 1920 401 2016 pusilla
416 1922 623 1992 miserorum
644 1921 798 1992 omnium
815 1921 1006 2013 consolatio
1021 1920 1182 1990 est·?Nou
1204 1920 1310 1989 amisi

224 2066 292 2137 ego
309 2046 404 2115 illum
425 2044 492 2116 scd·
508 2045 674 2138 praemisi.
693 2045 816 2115 Secum
835 2043 925 2114 enim
945 2042 1085 2113 divitias
1106 2063 1147 2113 ac
1162 2041 1309 2113 thesau-

224 2190 282 2239 ros
305 2188 418 2249 mem,
443 2166 593 2259 vitaeque
615 2167 719 2237 huius
737 2166 865 2237 bonum
884 2189 986 2238 omne
1007 2166 1163 2259 deposui,
1183 2187 1310 2236 verum

227 2290 317 2361 uude
342 2289 537 2381 depositum
564 2311 678 2359 meum
700 2311 819 2359 carum
842 2310 882 2360 ac
907 2289 1007 2360 dulce
1035 2308 1218 2381 reposcere
1239 2307 1310 2356 uon

226 2433 303 2483 inco
321 2409 464 2482 arbitrio
485 2411 530 2479 sit
551 2411 727 2495 relictum,
749 2433 924 2506 versoque
942 2412 1028 2483 meis
1043 2413 1076 2480 in
1096 2409 1201 2480 rebus
1222 2409 1311 2480 iuris

225 2534 369 2615 ordine,
392 2552 459 2621 ego
480 2531 525 2600 illi
548 2553 617 2601 nou
638 2533 695 2604 ille
714 2533 796 2603 mihi
819 2535 864 2604 sit
893 2534 1049 2617 debitor,
1071 2535 1129 2624 qui
1156 2555 1195 2602 ea
1229 2535 1312 2622 lege

226 2653 461 2746 praecesserit,
479 2663 515 2722 ut
528 2653 595 2722 iam
615 2675 698 2725 suos
716 2678 785 2727 uon
808 2667 875 2726 tam
895 2678 1039 2750 corpore
1053 2655 1187 2738 visitet,
1202 2668 1309 2746 quam

226 2784 396 2868 expectet.
425 2776 525 2858 Quod
558 2798 623 2846 uec
652 2787 756 2862 aetas,
779 2801 841 2849 uec
861 2780 998 2850 insueta
1032 2779 1210 2869 fragilitas,
1246 2797 1311 2846 nec

225 2900 428 2990 frequentes
446 2908 485 2968 ut
501 2899 677 2972 crederem
702 2913 886 2973 suaserant
910 2901 1031 2972 morbi.
1055 2900 1131 2982 Quo
1151 2900 1311 2991 inspera-

226 3022 295 3091 tius
316 3043 359 3091 eo
380 3023 541 3093 moestius
562 3042 674 3113 eoque
701 3024 849 3094 flebilius
871 3047 924 3094 me
946 3047 1038 3095 nuuc
1062 3023 1118 3092 ille
1142 3019 1309 3095 descruit,

227 3143 261 3212 iu
286 3164 389 3234 quem
415 3141 459 3213 ab
486 3145 721 3218 adolescentia
742 3167 863 3218 omnes
889 3167 971 3239 spes
997 3166 1171 3237 curasque
1194 3143 1312 3214 conie-

228 3285 354 3362 ceram,
377 3264 508 3357 quique
535 3266 580 3338 ita
607 3289 663 3337 me
692 3268 853 3339 omuibus
887 3291 1025 3362 semper
1057 3266 1235 3349 antetulit,
1272 3276 1312 3337 ut

228 3387 403 3458 neminem
426 3388 504 3478 plus
525 3412 582 3461 me
602 3391 772 3462 amaverit
791 3391 858 3461 uisi
879 3415 948 3476 mc,
972 3393 1027 3462 cui
1049 3393 1083 3461 iu
1108 3391 1183 3462 dies
1203 3390 1310 3480 inque

228 3509 334 3581 horas
352 3507 459 3582 fiebat
479 3511 664 3596 amantior,
688 3525 795 3604 utque
819 3516 973 3587 omnium
999 3515 1034 3583 iu
1060 3513 1178 3585 multis
1204 3513 1311 3603 inque

229 3632 389 3702 amicitiis
412 3634 619 3723 praesertim,
650 3634 700 3706 sic
733 3636 767 3704 iu
801 3660 878 3709 mea
912 3639 1065 3707 maxime
1091 3634 1202 3706 victor
1228 3632 1309 3714 luit,

229 3771 325 3845 saepe
347 3755 469 3824 solitus
488 3755 616 3826 iactare
636 3758 772 3826 nullum
791 3778 830 3829 se
847 3776 953 3831 nosse
979 3759 1185 3842 mortalium,
1209 3754 1310 3826 cuius

229 3872 410 3943 condicto
431 3875 566 3946 factove
588 3876 705 3969 aliquo
725 3888 822 3950 esset
837 3879 1007 3977 offensus,
1023 3880 1089 3950 uisi
1112 3900 1167 3949 me
1188 3901 1309 3960 imum,

118 3993 127 4003 ’
230 4011 413 4083 perquem
439 3996 486 4066 nil
506 3996 645 4089 penitus
666 4021 819 4093 unquam
842 4002 944 4086 taedii,
967 4004 1085 4096 nilque
1111 4000 1175 4072 sibi
1204 4002 1311 4070 mole-

232 4107 309 4181 stiae
328 4126 423 4186 esset
462 4119 652 4203 invectum3
681 4123 856 4216 demptum
880 4148 964 4196 vero
989 4148 1082 4218 saepc
1108 4131 1212 4216 quam
1236 4125 1310 4214 plu-
