2934 4650
571 329 724 378 nrrsrouu
749 329 798 376 xu.
1152 315 1221 389 wllll

146 468 246 555 tium,
266 491 388 542 eorum
410 469 542 541 scilicet
559 471 618 563 qui
636 470 681 541 ad
699 468 1003 562 praeeminentiam
1025 491 1094 542 non
1120 472 1225 541 rectis

86 567 88 575 ’
146 590 342 661 tramitibus
364 591 533 682 aspirant,
561 601 596 662 et
620 590 799 661 destructo
819 589 891 674 illc,
924 610 963 661 se
997 590 1121 662 solium
1148 591 1225 663 eius

145 711 332 784 invasuros
356 722 490 807 putant.
525 713 599 785 Sed‘
622 716 796 785 falluntur.
824 713 859 782 Si
890 709 970 782 inde
997 711 1062 782 sibi
1094 714 1228 786 caverit

146 842 242 905 tutus
263 834 454 905 ericHeul
480 834 635 926 inquam,
664 834 722 911 ulli
751 855 794 902 ne
824 832 1002 903 bominum
1031 844 1101 905 tam
1126 836 1227 907 ferox

147 951 382 1025 inhumanitas
400 955 458 1038 sit,
479 967 517 1025 ut
534 975 603 1047 quo
621 953 711 1026 duce
732 952 775 1024 ad
798 962 931 1025 tantum
950 953 1072 1044 gloriae
1089 955 1227 1025 culmen

148 1078 360 1160 ascenderit,
389 1076 434 1148 de
459 1077 551 1147 illius
577 1077 706 1167 cogitet
736 1076 860 1147 ruina?
880 1074 987 1160 Quid,
1011 1077 1103 1148 Deus
1123 1074 1226 1159 bone,

148 1200 321 1283 amentiae,
358 1199 443 1292 quid
474 1199 602 1270 luroris
632 1199 874 1292 sospitatorem
900 1218 1005 1275 suum
1031 1219 1100 1268 non
1126 1207 1164 1269 ut
1190 1218 1228 1269 se

147 1322 262 1412 ipsum
290 1321 426 1391 salvum
454 1323 605 1413 cupere?
635 1320 727 1402 Quid
753 1329 869 1390 autem
897 1319 962 1404 illi,
991 1319 1021 1388 si
1056 1340 1146 1390 unus
1172 1318 1229 1390 bic

150 1441 262 1536 (quod
287 1442 514 1535 Omnipotens
544 1441 700 1535 avertat)
723 1453 860 1522 rueret,
884 1441 970 1534 quid
1002 1443 1131 1533 agent?
1152 1440 1229 1525 Quo

146 1563 236 1636 duce
262 1566 476 1637 consistent?
503 1565 577 1636 Uno
603 1563 736 1637 verbo:
763 1588 833 1657 quo
862 1587 973 1658 usque
1000 1566 1120 1636 miseri
1148 1586 1226 1648 nos,

148 1688 345 1780 praecipites
367 1697 447 1782 post
470 1690 582 1781 ipsum
614 1700 724 1759 ruent.
758 1687 814 1759 Sic
840 1687 950 1773 enim,
977 1688 1102 1780 inquit,
1124 1688 1227 1770 livor,

148 1833 218 1903 quo
235 1811 270 1880 in
291 1809 410 1882 orbem
432 1822 602 1883 terrarum
631 1831 725 1880 mors
750 1809 896 1891 introiit,
923 1831 1047 1881 coecus
1069 1820 1136 1893 est,
1165 1833 1230 1882 nec

148 1931 231 2004 dum
252 1933 372 2004 dolore
391 1932 563 2026 impulsus
584 1932 682 2004 alteri
704 1943 821 2015 nocet,
845 1952 909 2004 sua
931 1931 1059 2002 damna
1083 1932 1230 2003 circum·

150 2054 260 2149 spicit.
288 2055 413 2126 lllelius
441 2064 555 2124 tamen
578 2074 682 2145 spero
703 2074 895 2124 evasurum
918 2074 1040 2124 omnes
1066 2054 1230 2125 Fortunae

149 2178 308 2270 laqueos,
335 2177 417 2268 quia
446 2198 527 2246 cum
556 2176 613 2245 illo
638 2177 731 2246 Deus
757 2185 824 2247 est.
856 2176 940 2247 Post
973 2175 1039 2247 hoc
1065 2174 1230 2247 audiendi

148 2298 290 2371 avidum
313 2297 501 2391 linquebat.
523 2297 599 2389 Ego
619 2307 736 2369 autem
763 2320 869 2368 manu
888 2297 1123 2389 praehendens
1149 2319 1228 2391 quc,

148 2423 301 2515 inquam,
320 2422 512 2514 properas?
532 2420 650 2506 Nocte,
673 2420 798 2514 inquit,
822 2420 976 2512 fugiente
994 2421 1168 2491 festino...
1186 2422 1231 2494 Et

149 2567 237 2636 ego:
268 2545 334 2614 boe
367 2545 488 2614 saltem
523 2544 609 2614 mibi
642 2567 686 2617 ne
715 2544 927 2616 subtrahas:
952 2543 1033 2637 quis
1056 2544 1229 2619 hominem

150 2666 241 2747 bunc
263 2674 330 2736 taur
352 2666 421 2737 alte
443 2665 540 2738 labor
567 2666 706 2750 extulit,
728 2668 824 2760 quod
845 2666 1014 2749 studium,
1043 2686 1124 2760 quae
1145 2667 1231 2739 For·

151 2789 256 2858 tuna‘l
277 2787 322 2857 At
341 2788 397 2857 ille
418 2787 609 2879 Virgiliano
630 2788 807 2859 versiculo
832 2788 1095 2878 elegantissimo
1120 2793 1231 2862 fretus

151 2910 186 2977 in
208 2919 384 3002 tempore:
403 2932 450 2980 ex
473 2912 607 3001 paucis,
631 2910 755 3001 inquit,
777 2922 832 2979 est

554 3190 632 3254 quos
649 3189 758 3253 aequus
774 3174 889 3238 amavit

333 3272 447 3353 Iupiter
465 3278 518 3335 aut
533 3270 641 3335 ardens
659 3271 763 3333 evexit
782 3272 819 3335 ad
834 3272 947 3335 aethera
965 3274 1076 3337 virtus.

153 3528 225 3601 Hoc
241 3524 376 3609 dicens,
399 3547 524 3597 aurora
545 3526 613 3597 iam
636 3525 806 3610 rutilante,
831 3522 1012 3615 disparuit.
1028 3523 1072 3594 Et
1093 3544 1162 3614 ego
1178 3526 1233 3596 vel

153 3649 199 3721 ad
227 3669 283 3719 me
313 3669 479 3720 reversus
512 3649 568 3718 vel
600 3654 829 3742 experrectus
862 3665 952 3716 sum.
977 3645 1071 3728 Vale,
1101 3645 1234 3717 vindex

153 3771 323 3844 libertatis
345 3771 455 3842 unice.

251 3892 417 3984 Magistro
450 3895 594 3966 lobanni
619 3891 838 3964 excellentiae
869 3901 938 3961 tuae
971 3889 1099 3960 nuncio
1134 3889 1234 3962 testis

139 4018 221 4106 'ego
242 4038 336 4101 sum,
356 4014 457 4088 testis
472 4016 587 4099 Curio,
608 4016 708 4088 testis
725 4025 780 4088 est
796 4013 929 4105 ueritas
947 4019 1042 4086 tanta
1064 4033 1142 4083 cnm
1165 4009 1236 4087 ude
1322 4104 1324 4106 ,

157 4135 190 4208 in
219 4139 286 4210 tuis
320 4147 355 4208 et
390 4136 589 4229 reipublicae
615 4137 765 4228 negotiis
791 4158 829 4208 se
855 4135 1027 4227 gessisse,
1051 4132 1236 4225 utprinci·
