2992 4664
359 305 450 354 traua
473 305 1006 364 vtcttsntttsuttattrua-ttrtsrotn
1031 309 1058 356 V.
1180 292 1235 351 ⁹271

157 476 270 567 stigiis
299 471 480 545 incedenti
515 475 785 567 haudquaquam
820 476 956 546 silentio
991 474 1236 572 praetermissa.

153 599 286 669 Torum
309 598 337 665 si
359 594 421 666 tibi
441 599 555 687 palam
577 599 724 689 loquens
747 599 934 669 secretiora
960 599 1120 682 conticui,
1147 620 1240 668 nunc

156 729 272 790 autem
306 716 447 809 quando
476 718 521 789 ad
547 728 580 788 te
606 719 690 787 mihi
717 739 833 791 sermo
858 732 927 806 est,
956 732 1102 814 putasne
1130 720 1239 792 silebo

155 839 251 933 quod
272 838 464 930 indignatio
485 840 684 931 veritasque
707 843 975 932 suggesserint?
992 842 1107 915 Adeas
1126 841 1238 922 modo,

156 972 192 1033 et
216 959 344 1033 accede
368 962 526 1056 propius,
561 982 699 1055 nequa
724 975 871 1035 externa
904 965 999 1035 auris
1029 965 1240 1036 interveniat

156 1084 312 1156 sentiens
343 1105 413 1154 non
446 1082 548 1154 nobis
582 1094 723 1156 aetatem
757 1108 874 1156 rerum
910 1095 1047 1157 tuarum
1083 1087 1239 1158 notitiam

155 1209 355 1279 abstulisse.
391 1209 527 1279 Testem
556 1222 682 1301 nempe
716 1209 949 1281 certissimum
981 1210 1171 1296 habemuS,
1204 1224 1240 1283 et

154 1332 216 1424 qui
245 1324 289 1401 de
326 1331 473 1402 summis
503 1331 590 1401 viris
622 1348 732 1420 'agens
765 1353 833 1403 nec
865 1342 960 1402 metu
994 1333 1143 1405 llectitur
1175 1322 1240 1405 nec

155 1453 286 1544 gratia,
322 1453 523 1523 Suetonium
558 1453 807 1544 Tranquillum.
845 1455 878 1524 ls
910 1454 1017 1546 igitur
1054 1455 1137 1547 quid
1169 1455 1240 1526 ait‘?

153 1574 336 1646 Avertisse
368 1583 402 1644 te
432 1574 604 1646 Neronem
637 1597 657 1645 a
688 1576 887 1666 cognitione
928 1591 1086 1648 veterum
1125 1589 1240 1649 orato·

155 1719 249 1779 rum,
278 1718 348 1788 quo
370 1694 500 1767 scilicet
525 1697 560 1765 in
582 1699 630 1766 tui
657 1696 1013 1791 illumadmiratione
1029 1698 1160 1771 diutius
1180 1700 1240 1772 de·

155 1819 295 1889 timeres
326 1818 375 1887 llli
408 1818 514 1910 igitur
546 1817 677 1912 pectori
714 1840 817 1889 carus
853 1840 935 1890 esse
971 1820 1149 1905 studuisti,
1183 1823 1239 1892 cui

155 1937 345 2016 urssafieres.
377 1940 457 2009 vilis
497 1951 533 2010 ot
576 1939 736 2010 irrisione
772 1939 902 2031 dignus
943 1941 1143 2024 habereriS,
1182 1946 1238 2014 vel

154 2061 316 2133 simulato
340 2073 434 2133 certe
459 2063 516 2132 vel
541 2060 745 2132 inacocrsito
770 2061 899 2152 linguae
924 2063 1009 2133 vitio
1034 2085 1159 2160 curare
1178 2065 1240 2154 de·

153 2184 304 2256 bueras‘?
325 2185 439 2256 Prima
459 2193 514 2256 est
533 2184 752 2255 miseriarum
780 2193 919 2255 tuarum
937 2183 1043 2254 ‘radix
1063 2181 1109 2255 ab
1133 2186 1238 2255 animi

153 2305 295 2379 levitate
320 2329 364 2378 ne
390 2308 505 2379 dicam
530 2306 661 2379 uilitate
686 2307 848 2400 prolecta.
876 2308 1018 2378 inanem
1044 2306 1238 2378 studiorum

156 2432 317 2522 gloriam,
339 2433 426 2504 dure
440 2454 576 2517 senex,
599 2431 701 2537 nimis
729 2429 892 2512 molliter,
914 2451 959 2500 ne
981 2450 1104 2499 rursus
1124 2428 1238 2500 dicam
1310 2482 1314 2490 =

59 2560 63 2568 ’
155 2552 343 2646 pueriliter,
367 2555 572 2649 concupisti.
595 2554 712 2647 lpsum
732 2553 827 2645 quod
844 2551 890 2622 ad
910 2551 1052 2622 immitis
1074 2553 1141 2622 viri
1167 2572 1240 2621 ma-

154 2673 335 2765 gisterium
353 2697 564 2758 accesseras
579 2677 683 2747 luerit
696 2677 751 2746 vel
764 2674 867 2744 alieni
880 2673 1011 2756 iudicii,
1026 2675 1085 2744 vel
1098 2672 1237 2753 erroris,
1316 2752 1320 2758 ,

121 2835 129 2842 -
153 2795 212 2867 vel
235 2798 294 2867 fati
312 2797 521 2892 cuiuspiam,
541 2796 681 2890 quando
698 2795 959 2866 excusationem
984 2817 1141 2867 errorum
1166 2805 1239 2866 stu-

87 2983 89 2986 ,
153 2918 288 2989 diosius
311 2940 535 3011 aucupamur,
549 2930 586 2988 et
598 2921 719 3008 culpas
732 2925 873 2985 nostras
886 2917 919 2984 in
933 2917 1002 2986 lata
1016 2917 1237 2988 reflectimus.

153 3041 228 3109 Hoc
241 3047 363 3109 votum
375 3037 442 3109 hoc
455 3040 574 3130 utique
588 3036 705 3108 iudicii
720 3036 769 3105 tui
782 3035 862 3113 luit:
877 3058 946 3106 nou
960 3048 1058 3129 potes
1074 3059 1239 3110 accusare

154 3167 343 3242 fortunam3
357 3161 454 3253 quod
467 3169 653 3255 optaveras
672 3157 846 3229 invenisti.
864 3159 932 3230 Sed
944 3182 1015 3252 quo
1030 3161 1172 3254 pergis?
1184 3160 1237 3231 Ab

154 3285 262 3355 miser
274 3286 280 3353 l
299 3294 485 3377 postquam
499 3284 533 3354 in
547 3281 813 3354 admirationum
827 3281 877 3353 tui
890 3303 1060 3355 vesanum
1075 3284 1237 3354 iuvenem

155 3429 198 3480 eo
224 3429 337 3500 usque
362 3406 582 3500 perduxeras
610 3416 647 3477 ut
672 3406 765 3476 nulla
787 3405 953 3477 libertatis
980 3417 1040 3477 aut
1064 3426 1240 3476 commea-

157 3544 213 3602 tus
238 3532 376 3603 occasio
403 3541 616 3623 superesset,
651 3528 823 3620 numquid
854 3528 1085 3620 aequanimius
1115 3529 1237 3598 saltem

155 3653 227 3746 pati
244 3665 383 3746 poteras
397 3654 517 3747 iugum
538 3650 631 3744 quod
649 3661 772 3744 sponte
791 3650 960 3735 subieras,
979 3662 1015 3721 et
1032 3652 1097 3721 boc
1115 3652 1235 3721 saltem

155 3787 324 3870 praestare
338 3799 382 3848 ne
398 3775 528 3847 domini
542 3775 591 3845 tui
608 3794 735 3847 nomen
753 3773 1004 3846 immortalibus
1022 3775 1168 3846 maculis
1186 3775 1238 3844 in·

156 3901 326 3991 signires‘l
339 3901 412 3972 Non
431 3900 592 3992 equidem
611 3897 800 3990 ignorabas
818 3896 1037 3987 Tragoediam
1055 3919 1158 3969 omne
1179 3919 1237 3988 ge·

156 4024 360 4118 nusscripti
373 4023 544 4115 gravitate
558 4022 709 4105 vincere,
725 4020 825 4092 utait
837 4020 955 4089 Naso?
968 4019 1063 4090 Hanc
1077 4031 1114 4090 tu
1132 4042 1235 4111 quam

156 4147 375 4230 mordaciter,
414 4169 519 4238 quam
552 4162 741 4227 venenose,
777 4165 880 4235 quam
920 4141 1046 4212 acriter
1078 4143 1235 4214 inillum
