2738 4680
222 300 279 364 tas
560 316 601 363 on
623 317 724 366 nunus
747 315 970 365 rrurumnmos

222 458 367 528 moriam
394 457 444 529 sic
469 458 639 540 retrahor,
674 468 713 530 ut
738 457 832 551 quod
862 461 1001 553 penitus
1035 459 1155 543 nolim,
1184 483 1307 554 repue-

222 604 361 653 rascere
388 582 473 653 mihi
498 580 622 651 videar
647 581 837 666 interdum,
860 593 895 654 et
920 583 1012 655 idem
1040 605 1120 655 esse
1147 585 1208 678 qui
1234 587 1307 656 lue·

221 729 305 790 ram,
325 728 402 776 cum
424 704 460 774 id
481 685 589 775 unum
610 704 811 776 iamdudum
831 706 953 777 moliar
975 716 1013 777 ut
1033 708 1122 778 alius
1143 707 1221 778 sim.
1241 708 1307 779 Sed

219 827 526 901 vehementissima
543 848 625 921 pars
643 829 747 899 animi
761 829 870 899 nostri
888 829 1082 900 recordatio
1096 841 1161 914 est,
1176 840 1212 902 et
1228 851 1309 923 quae

221 951 359 1022 levibus
380 975 426 1023 ex
449 951 565 1022 causis
587 959 697 1021 totum
715 971 810 1043 saepe
830 951 947 1022 virum
968 955 1124 1036 assumit,
1145 962 1183 1025 ut
1204 976 1309 1024 manu

220 1075 346 1146 iniecta
368 1097 410 1146 eo
432 1097 496 1145 nos
517 1085 619 1165 cogat
639 1095 709 1166 quo
730 1074 917 1158 nollemus,
939 1074 1057 1167 ibique
1081 1075 1236 1148 detineat
1256 1100 1310 1148 re-

219 1203 403 1271 luctantes.
420 1201 565 1269 Demum
577 1196 740 1268 omnihus
753 1197 918 1267 excussis
931 1198 1033 1268 lamae
1044 1198 1309 1292 propriaequam

219 1325 276 1394 vel
299 1323 348 1394 tui
376 1323 506 1415 (parce,
535 1319 608 1413 orol
636 1321 692 1392 vel
715 1320 783 1390 mei
805 1321 916 1413 ipsius
938 1322 1108 1391 amantior
1133 1323 1309 1392 occultare

220 1446 287 1515 ista
309 1443 553 1525 firmaveram;
576 1443 805 1526 olfecissem,
833 1443 901 1513 nisi
922 1462 1003 1535 quae
1024 1444 1059 1512 in
1086 1444 1198 1535 prima
1224 1465 1309 1537 ope-

219 1569 268 1637 ris
285 1552 391 1658 parte
400 1566 589 1658 perstrinxi
603 1568 714 1635 terme
727 1566 842 1636 omnia
856 1568 892 1635 in
907 1565 1084 1660 publicum
1098 1565 1307 1652 exivissem,

219 1690 358 1780 iamque
379 1689 424 1759 ad
445 1689 556 1782 ipsius
574 1710 677 1779 quam
700 1687 775 1757 dixi
796 1690 899 1759 famae
921 1687 1114 1759 custodiam
1136 1688 1309 1781 pertineat

219 1833 260 1882 ea
278 1811 370 1883 domi
389 1812 538 1902 amplius
556 1820 625 1881 non
642 1832 732 1895 esse,
753 1820 790 1882 ut
807 1831 889 1903 quae
906 1833 1016 1905 penes
1034 1812 1164 1882 amicos
1184 1834 1309 1904 sparsa

219 1935 358 2030 quidem
390 1944 424 2007 et
458 1944 495 2006 ut
528 1957 682 2028 auguror
707 1934 900 2008 incorrecta
924 1947 1018 2022 sunt,
1053 1957 1211 2007 normam
1238 1960 1309 2030 qua

219 2059 385 2152 possibile
405 2059 508 2130 luerit
525 2059 650 2130 horum
668 2059 805 2151 capiant
823 2058 867 2128 ab
884 2061 1059 2152 exemplo.
1078 2059 1169 2143 Quid
1185 2063 1309 2153 plura?

218 2183 269 2252 Do
286 2182 348 2252 tibi
364 2181 458 2275 quod
474 2181 637 2252 libentius
656 2203 831 2272 negarem,
850 2203 920 2252 nou
936 2180 1020 2274 quia
1038 2203 1153 2252 meum
1176 2185 1308 2277 aliquid

219 2315 316 2378 tuum
343 2327 424 2376 esse
456 2305 574 2387 nolim,
604 2305 667 2376 sed
696 2307 779 2398 quia
805 2327 865 2398 per
891 2320 969 2376 tuas
995 2326 1120 2377 manus
1150 2307 1195 2377 ad
1220 2309 1307 2379 alios

219 2436 432 2521 perventura
459 2427 536 2498 haec
561 2450 657 2520 aegre
677 2431 758 2511 fero,
780 2450 861 2522 quae
888 2438 1095 2500 tamennon
1120 2432 1306 2522 pervenire

218 2572 289 2621 non
313 2559 470 2644 possunt.
492 2550 563 2620 Nec
587 2573 674 2622 vero
694 2551 777 2643 quia
802 2551 1022 2646 promiserim
1049 2552 1106 2638 do,
1136 2552 1199 2625 sed
1225 2556 1307 2646 quia

221 2675 270 2745 sio
291 2680 438 2769 oportet.
460 2672 537 2743 Non
564 2673 619 2744 hic
640 2673 742 2745 honae
764 2673 845 2745 fidei
871 2674 934 2746 sed
955 2677 1156 2748 necessitati
1182 2699 1304 2771 pareo,

218 2799 390 2889 famaeque
410 2796 608 2882 discrimen,
631 2799 727 2890 quod
747 2799 814 2869 iam
836 2820 901 2871 nec
918 2798 1060 2870 latebris
1081 2822 1147 2871 nec
1166 2801 1306 2872 silentio

217 2919 322 2989 vitari
354 2928 485 3014 potest,
518 2919 649 3012 nequid
681 2932 822 2994 coactus
854 2921 997 3012 egerim,
1029 2931 1152 3015 sponte
1180 2922 1303 2996 subeo.

219 3043 332 3112 Unum
358 3052 413 3114 est
445 3043 480 3113 in
505 3042 598 3113 omni
619 3046 829 3118 necessitate
853 3044 1063 3117 remedium:
1092 3067 1303 3119 consensus

219 3165 314 3234 Vale.

640 3526 817 3591 EPISTOLA
838 3528 883 3591 lV.

298 3628 494 3720 rnnncrscus
515 3670 684 3720 narniam
705 3672 854 3721 nnnnnro
876 3672 1075 3722 suuuonnusr
1096 3673 1122 3721 s,
1141 3675 1170 3722 r.
1190 3676 1220 3722 n.

270 3816 349 3872 Dolet
362 3817 515 3873 absentiam
531 3818 611 3874 amici
626 3837 711 3891 quem
725 3826 819 3875 tamen
832 3821 911 3876 brevi
926 3840 955 3878 se
970 3823 1127 3878 reuisurum
1143 3828 1249 3894 sperat.

315 4027 543 4123 Aliquotiens,
571 4031 734 4120 Barbate,
761 4037 861 4128 queri
883 4039 978 4107 soleo
1004 4058 1083 4107 cum
1109 4034 1154 4105 de
1181 4035 1301 4106 multis

218 4147 301 4219 vitae
320 4156 474 4226 mortalis
493 4154 720 4231 incommodis
738 4167 809 4229 tum
829 4162 884 4233 vel
902 4159 1056 4230 maxime
1073 4157 1118 4231 de
1135 4157 1202 4230 hoc
1220 4182 1299 4244 uuo,
