2730 4680
274 334 367 382 trualt
388 334 893 411 ulcuslllusuultltts-uelsuota
915 337 965 384 Vll.
1119 325 1155 385 67

85 473 174 542 nima
195 468 318 542 metuit
337 491 445 542 verus
466 492 574 542 amor.
597 470 666 543 Sed
686 481 725 542 ut
745 479 840 543 metu
862 472 1050 544 amantium
1070 473 1158 543 dila-

85 605 129 679 to,
151 594 198 666 de
224 592 369 665 audacia
394 605 526 666 tantum
553 596 687 687 loquar,
727 594 869 666 omissis
906 595 942 666 iu
973 617 1054 689 quae
1094 597 1158 668 bu-

84 738 203 790 mauos
229 717 364 789 animos
391 718 500 809 trabit
521 739 618 789 amor
648 719 804 801 insanus,
833 718 968 790 honesti
999 721 1157 792 stimulos

83 840 222 924 amoris,
235 852 403 933 quantum
418 840 597 913 hodiernae
616 841 771 912 materiae
791 851 847 912 est
862 863 967 934 opus,
989 843 1157 936 attingam

83 966 243 1058 exemplo
261 964 362 1034 unico
379 965 624 1058 praesentique.
638 963 786 1048 Quando
794 987 870 1056 ego,
886 965 952 1036 uisi
970 967 1159 1038 vehemen-

84 1099 131 1158 ter
156 1109 324 1174 amarem,
345 1087 500 1159 Romano
518 1088 719 1179 Imperatori
747 1088 913 1159 auderem
941 1089 987 1159 ita
1012 1089 1158 1160 dicere?

84 1212 140 1281 Vir
154 1211 212 1284 hio
231 1212 293 1304 qui
314 1211 378 1283 bas
400 1211 533 1282 litteras
554 1211 724 1283 Maiestati
748 1221 817 1282 tuae
837 1210 933 1283 dabit
954 1212 1043 1283 bene
1063 1213 1108 1284 de
1125 1223 1158 1284 te

85 1333 227 1406 meritus
251 1345 287 1405 et
306 1344 365 1406 tua
390 1335 502 1426 gratia
529 1334 649 1426 tuique
674 1331 915 1406 benevolentia
937 1335 1066 1427 dignus
1091 1348 1156 1406 est.

85 1457 229 1529 llultum
251 1458 298 1526 illi
319 1478 387 1526 uon
409 1469 446 1529 tu
467 1457 579 1539 modo,
600 1457 663 1528 sed
683 1466 743 1528 tuo
760 1457 898 1529 nomine
919 1469 1027 1529 totum
1054 1458 1159 1530 debet

86 1579 278 1673 Imperium.
296 1579 469 1662 Quantum
483 1601 570 1650 vero
587 1588 622 1649 te
638 1590 732 1650 amet
748 1601 1003 1672 supervacuum
1018 1579 1158 1652 videtur

86 1702 193 1773 metiri
226 1703 332 1787 velle,
358 1700 442 1772 dum
472 1712 508 1774 te
532 1704 704 1794 alloquor,
736 1726 841 1796 quem
867 1704 988 1777 deceat
1013 1704 1157 1777 affectus

86 1825 276 1896 animorum
301 1826 388 1918 ipsis
413 1826 447 1895 iu
472 1825 643 1898 frontibus
670 1827 797 1918 legere.
824 1825 901 1898 Soio
925 1828 1087 1920 quotiens
1112 1826 1158 1898 ad

87 1955 114 2016 te
127 1945 185 2018 ille
198 1948 256 2018 vel
270 1945 440 2020 imbribus
460 1951 518 2019 vel
534 1948 679 2020 aestibus
704 1947 915 2040 importunis,
930 1971 1034 2042 quam
1057 1972 1159 2042 saga-

87 2071 182 2153 citer,
211 2094 386 2164 quamque
400 2071 545 2166 impigre
558 2072 693 2144 venerit
708 2071 880 2165 superatis
896 2071 987 2163 iugis
1009 2048 1156 2165 Alpium,

87 2204 116 2264 et
136 2195 237 2265 omui
270 2206 462 2288 temporum
495 2218 535 2268 ac
559 2195 695 2267 viarum
720 2193 921 2266 difficultate
947 2194 1156 2289 perdomita,

87 2316 166 2389 dum
193 2319 255 2390 tibi
281 2317 487 2411 obsequitur
512 2318 640 2391 oblitus
666 2318 731 2390 sui.
763 2319 836 2390 Tuo
869 2319 925 2389 ille
949 2318 1091 2412 quidem
1123 2319 1157 2390 in

89 2441 214 2512 ltaliam
234 2440 396 2525 adventu,
414 2442 475 2535 qui
497 2454 534 2513 ut
551 2440 612 2513 tibi
632 2451 714 2512 tunc
730 2461 888 2535 praesens
905 2441 989 2527 dixi,
1012 2465 1055 2514 ne
1071 2445 1158 2514 forte

88 2562 276 2636 Germanus
313 2565 414 2635 miles
450 2564 572 2636 mutati
611 2565 689 2637 coeli
719 2537 918 2657 temperiem
952 2550 1159 2636 exhorreret

88 2685 247 2760 Arctoum
275 2689 354 2779 gelu
378 2699 494 2759 tecum
520 2688 623 2758 simul
650 2686 778 2758 linibus
803 2686 932 2759 nostris
960 2687 1156 2771 invexerat,

89 2832 206 2884 omnes
227 2811 381 2884 vidimus
402 2833 505 2904 quam
532 2832 628 2905 saepe
649 2824 748 2883 noete
769 2811 892 2891 media,
919 2811 1034 2883 bieme
1054 2809 1158 2906 impia

90 2935 145 3006 tibi
166 2947 307 3029 tuaeque
320 2936 440 3027 gloriae
454 2933 651 3027 invigilans,
670 2935 734 3004 ivit
750 2956 790 3005 ae
811 2935 920 3015 rediit,
938 2945 975 3007 ut
991 2933 1158 3028 quodam-

91 3056 188 3127 modo
213 3056 306 3127 illam
329 3066 459 3128 tantam
479 3057 557 3128 coeli
578 3067 750 3149 terraeque
774 3057 934 3128 duritiem
957 3056 1012 3128 sui
1031 3058 1158 3130 amoris

90 3202 124 3251 ao
137 3180 219 3252 fidei
237 3182 371 3251 fervore
388 3191 634 3274 compesceret,
655 3192 690 3251 et
707 3181 843 3253 ardenti
861 3179 976 3253 animo
993 3204 1062 3252 nou
1080 3204 1158 3254 sen-

91 3305 175 3376 tiens
201 3303 287 3398 quid
308 3304 464 3375 exterius
484 3315 657 3395 ageretur,
675 3305 816 3395 egregie
836 3327 938 3375 suum
959 3327 1084 3376 nomeu
1106 3327 1158 3376 re-

91 3425 152 3504 bus
176 3427 347 3521 impleret.
368 3426 487 3519 Neque
512 3426 603 3497 euim
623 3448 707 3498 casu
734 3425 872 3498 fortuito
897 3427 942 3499 ab
967 3427 1042 3521 ipso
1067 3429 1158 3498 toute

93 3549 306 3648 baptismatis
332 3550 366 3622 id
387 3550 453 3622 sibi
473 3571 600 3622 nomen
626 3552 826 3644 impositum
848 3573 941 3636 reor,
970 3561 1007 3621 ut
1028 3548 1159 3622 scilicet

93 3674 291 3748 Saceramor
309 3674 490 3757 diceretur,
510 3675 570 3746 sed
591 3683 685 3746 certo
701 3674 853 3767 quodam
874 3672 1047 3767 praesagio
1065 3674 1158 3742 futu-

94 3820 215 3871 rorum.
238 3799 323 3870 Nam
351 3798 380 3870 si
400 3798 512 3869 omnis
540 3798 650 3869 iustus
671 3819 766 3869 amor
792 3795 941 3892 proximi
967 3815 1065 3865 sacer
1089 3805 1155 3878 est,

94 3917 142 3994 ille
161 3926 313 4018 prolecto
333 3924 443 3995 multo
463 3921 602 4014 dignius
624 3920 729 3993 habet
749 3921 814 3993 hoe
838 3941 979 4003 nomen,
1000 3940 1071 4010 quo
1092 3919 1159 3989 llo-

95 4066 211 4119 mauus
237 4048 399 4140 princeps
426 4055 571 4130 amatur,
602 4067 686 4116 vere
716 4044 874 4115 Christus
901 4041 1046 4127 Domini,
1074 4064 1159 4115 vere

98 4186 197 4245 saner.
209 4169 686 4262 Qniaergotecumillesuum
698 4190 851 4240 amorem
865 4177 1044 4260 totumque
1056 4189 1156 4240 suum
