2730 4680
214 321 253 381 tl
554 335 594 380 ue
617 335 717 382 uanus
739 336 962 384 raumrnruuus

213 469 372 562 prooemii
386 471 499 539 locum
516 476 619 540 tenet.
633 472 684 540 De
700 471 842 563 reliquis
863 472 968 543 modo
984 474 1033 542 nil
1050 473 1199 557 mittam,
1218 473 1298 565 quia

214 589 400 682 sperabam
421 593 511 684 ipse,
527 590 686 663 trahente
700 580 781 663 binc
798 592 999 686 inexplebili
1021 597 1200 685 oculorum
1219 595 1300 665 hinc

212 712 317 783 animi
338 715 530 806 voluptate,
551 717 696 786 Romam
717 727 851 809 petere,
871 718 1050 808 positurus
1072 719 1141 787 iam
1159 717 1298 790 tandem

212 836 565 928 peregrinationibus,
599 863 644 911 ne
669 838 780 910 dicam
806 839 987 910 erroribus
1018 841 1106 911 meis
1139 841 1299 914 modum:

213 961 318 1054 idque
339 964 406 1032 iam
426 973 506 1032 ante
528 964 593 1034 boc
610 962 786 1034 biennium
809 965 937 1033 lactum
955 974 1071 1047 esset,
1087 965 1223 1034 nisime
1244 965 1300 1034 Liu
1342 1057 1345 1062 Ι

213 1107 340 1176 gurum
358 1094 474 1157 motus
493 1085 750 1179 Transpadanis
765 1080 995 1178 compedibus
1014 1087 1221 1158 tenuissent.
1240 1086 1300 1157 lbo

214 1221 329 1282 tamen
351 1223 389 1281 ut
410 1231 527 1301 spero,
551 1209 682 1301 aliquid
707 1232 879 1301 nugarum
907 1218 1121 1295 nostrarum,
1148 1232 1297 1302 quarum

213 1352 351 1423 semper
384 1331 710 1424 appetentissimum
745 1343 778 1401 te
811 1332 968 1415 memini,
1001 1353 1136 1402 mecum
1170 1334 1298 1402 ferens.

213 1454 311 1524 Tunc
337 1465 370 1524 te
396 1474 475 1524 meo
501 1452 577 1524 iure
607 1455 751 1525 Romam
783 1454 956 1539 evocabo,
992 1457 1048 1525 vel
1080 1456 1171 1548 ipse,
1206 1453 1301 1546 quod

213 1576 347 1668 pridem
373 1577 489 1669 cupio,
512 1577 546 1645 in
567 1577 743 1668 PelignoS,
767 1577 796 1648 si
822 1600 893 1670 qna
920 1576 1073 1661 dabitur,
1096 1576 1298 1671 penetrabo.

214 1701 350 1771 lnterea
370 1700 595 1793 conspicuum
617 1702 712 1772 illum
735 1702 849 1773 virum
874 1702 957 1772 mibi
975 1700 1218 1792 cognominem
1236 1722 1301 1770 nec

215 1821 329 1894 minus
353 1825 549 1895 unanimem
570 1825 708 1895 salvere
725 1823 857 1895 iubeat
874 1827 964 1896 vale.

357 1970 402 2022 Vl.
417 1969 557 2024 Kalendas
573 1970 754 2041 Septembris.

637 2456 815 2544 nrrsrom'
838 2481 881 2542 u.

295 2665 487 2714 lnanclsdus
509 2640 678 2716 Puuulncn
700 2668 878 2717 annclsco
900 2669 1007 2717 PRIORl
1028 2668 1219 2730 SANCTORUll

570 2772 802 2821 APOSTOLORUM
824 2773 849 2820 S.
873 2775 900 2821 P.
918 2775 948 2821 D.

291 2956 421 3011 Diuturni
435 2957 538 3012 silentii
554 2972 651 3011 causas
667 2958 783 3028 promit,
799 2973 869 3028 quas
881 2957 954 3012 inter
969 2958 1121 3013 adventum
1136 2960 1226 3014 amici.

474 3047 592 3103 Litteras
607 3050 735 3118 queritur
750 3049 778 3102 in
793 3048 891 3103 itinere
907 3048 1043 3119 intercipi.

312 3311 481 3403 Longaevi
495 3311 620 3383 silentii
637 3311 718 3395 mei,
733 3334 796 3406 pro
810 3334 880 3406 quo
894 3314 1020 3384 litteris
1039 3315 1107 3384 tuis
1120 3313 1240 3383 nescio
1253 3335 1297 3383 an

213 3433 328 3506 acrius
349 3455 394 3504 an
414 3434 552 3505 dulcius
573 3455 617 3503 an
640 3434 858 3507 reverentius
879 3457 924 3505 an
945 3434 1087 3506 liberius
1105 3435 1296 3528 increpitus

215 3579 306 3644 sum,
321 3579 463 3630 causam
476 3557 645 3629 brevibus
658 3557 786 3650 accipe.
802 3557 918 3630 lllultis
932 3560 1081 3651 primum
1096 3579 1152 3628 me
1169 3556 1296 3629 diebus

213 3681 322 3752 tenuit
346 3702 501 3752 meorum
536 3681 686 3775 impetus
714 3679 923 3766 studiorum,
951 3682 1007 3754 cui
1032 3683 1116 3753 nibil
1145 3681 1295 3772 interpo

214 3802 318 3875 situm
344 3807 485 3888 vellem,
512 3816 548 3875 et
574 3804 746 3876 scribendi
774 3806 879 3889 calor,
912 3807 971 3899 qui
997 3816 1035 3878 ut
1060 3806 1296 3877 vehementis-

123 4003 125 4007 ,
214 3925 324 3996 simus
358 3927 408 4000 sic
436 3928 707 4000 delicatissimus
733 3950 814 3999 esse
840 3933 929 4001 solet
953 3930 1175 4022 minimisque
1201 3936 1296 4020 tepe-

214 4067 322 4116 scere.
347 4049 506 4123 Accessit
524 4060 560 4123 et
580 4052 812 4143 peregrinatio
839 4061 914 4137 tua,
942 4073 1022 4145 quae
1048 4053 1109 4122 diu
1136 4073 1191 4120 me
1216 4050 1296 4120 lecit

213 4169 396 4256 incertum,
421 4199 483 4245 nee
503 4176 586 4247 dmn
609 4178 761 4247 incertus
793 4198 872 4246 esse
899 4175 1001 4258 desii,
1039 4174 1180 4245 ubinam
1207 4193 1295 4243 mem
