2940 4650
208 303 267 364 leo
552 317 709 366 lerunmx
730 315 942 365 erreeneuu.

208 481 278 551 que
298 467 334 530 et
352 458 531 530 Medorum
552 480 661 550 regna
683 458 1088 542 consistent,Romanum
1104 457 1305 550 imperium

210 603 339 673 vagum
361 583 446 653 erit‘l
476 581 541 666 Qui
563 582 652 653 banc
681 580 920 672 indignitatem
941 580 1153 652 stomachus
1186 582 1304 650 ferat?

208 707 287 799 quis
303 728 371 778 non
386 707 500 799 potius
518 717 658 777 evomat
675 703 1083 801 penitusquereiiciatisi
1103 703 1298 796 imperium

208 829 399 901 Romanum
414 831 534 900 Romae
547 839 693 913 nonest,
709 827 1001 921 ubi,quees0,est‘l
1013 827 1152 920 Nempe
1167 826 1199 897 si
1214 825 1297 896 alibi

208 965 274 1035 est,
309 954 377 1022 iam
411 973 633 1024 romanorum
660 951 841 1046 imperium
868 959 1034 1033 nonest,
1072 949 1140 1020 sed
1167 970 1293 1020 eorum

207 1095 315 1170 penes
336 1095 422 1168 quos
443 1075 528 1145 illud
548 1076 709 1147 volubilis
732 1076 882 1145 Fortuna
900 1071 1070 1164 deposuit.
1093 1071 1174 1143 Etsi
1196 1072 1291 1143 enim

207 1217 305 1290 saepe
325 1197 458 1269 romani
479 1197 705 1291 imperatores
722 1219 785 1290 pro
807 1196 1013 1266 necessitate
1033 1194 1242 1286 reipublicae
1256 1197 1290 1264 in

206 1319 347 1391 orientis
368 1330 429 1391 aut
457 1319 647 1400 occidentis
677 1329 864 1413 extremo,
888 1339 981 1410 saepe
1007 1316 1074 1387 sub
1093 1319 1211 1389 Borea
1232 1319 1289 1389 vel

205 1439 336 1513 Austro
353 1464 432 1513 oum
453 1441 665 1514 exercitibus
687 1452 848 1534 agerent,
880 1462 1061 1513 romanum
1089 1452 1211 1511 tamen
1237 1440 1297 1513 ins

206 1566 306 1635 terim
324 1564 507 1656 imperium
529 1567 647 1635 Romae
664 1576 750 1647 erat,
782 1544 887 1636 etde
918 1564 1069 1635 romanis
1096 1562 1289 1654 imperato·

206 1686 303 1758 ribus
322 1711 392 1781 quo
411 1689 469 1758 vel
490 1688 634 1782 praemio
647 1691 705 1759 vel
727 1688 896 1782 supplicio
913 1687 1009 1778 digni
1026 1697 1160 1771 essent,
1176 1687 1288 1757 Roma

207 1810 380 1883 censebat.
415 1812 464 1883 lle
498 1811 664 1904 Capitolio
696 1811 877 1906 petebatur
912 1810 991 1903 quis
1031 1808 1286 1894 honorandus,

205 1936 286 2027 quis
300 1910 516 2029 plectendus
538 1935 617 2027 quis
637 1934 757 2006 urbem
775 1936 946 2026 privatus,
965 1917 1044 2025 quis
1058 1953 1188 2014 ovans,
1207 1933 1288 2024 quis

208 2058 424 2149 triumphans
446 2056 610 2128 introiret.
633 2057 840 2139 Quinetiam
856 2066 933 2149 post
956 2055 1029 2126 lulii
1051 2054 1205 2126 Caesaris
1222 2077 1287 2126 seu

207 2181 436 2274 tyrannidem,
459 2202 522 2251 seu
541 2178 657 2252 dicere
683 2184 855 2251 malumus
881 2180 1131 2261 monarchiam,
1149 2182 1288 2252 romani
1402 2214 1403 2217 ¹

206 2301 387 2394 principes
414 2324 626 2395 quamquam
659 2303 726 2373 iam
759 2305 911 2374 Deorum
935 2303 1078 2374 concilio
1100 2303 1285 2398 adscripti,

206 2423 321 2494 adhue
341 2434 456 2495 tamen
477 2447 498 2494 a
518 2425 647 2495 Senatu
668 2427 762 2495 vela
791 2428 918 2520 populo
944 2447 1086 2498 romano
1109 2426 1288 2516 gerenda-

207 2567 283 2614 rum
305 2569 420 2616 rerum
438 2546 609 2617 licentiam
619 2549 817 2639 postulasse
837 2559 1051 2641 compertum
1066 2556 1129 2629 est,
1152 2559 1192 2621 et
1205 2548 1289 2621 data

206 2668 263 2736 vel
280 2666 451 2759 denegata
468 2668 604 2740 licentia
621 2672 678 2739 vel
695 2670 809 2760 egisse
826 2694 916 2763 quae
934 2670 1211 2758 destinaverant,
1232 2675 1290 2744 vel

206 2810 377 2862 cessasse.
396 2792 627 2885 Imperatores
645 2793 750 2884 igitur
767 2795 848 2886 vagi
870 2817 950 2866 esse
973 2805 1133 2888 possunt:
1158 2795 1289 2869 stabile

206 2909 386 3007 fixumque
403 2937 540 3010 semper
557 2916 739 3009 imperium
762 2928 826 2988 est.
861 2919 931 2988 Nec
951 2918 994 2989 de
1016 2920 1197 3009 temporali
1217 2931 1291 2991 sta-

206 3044 256 3120 tu,
277 3038 340 3108 sed
359 3039 403 3110 de
425 3041 651 3133 perpetuitate
683 3039 816 3135 imperii
849 3040 984 3112 dixisse
1009 3039 1211 3114 credendus
1232 3054 1291 3115 est

205 3158 302 3230 Maro
322 3159 381 3230 ubi
403 3162 464 3232 ait:

366 3353 445 3414 llum
462 3354 572 3437 domus
589 3355 690 3416 AEneae
708 3354 842 3434 Capitolii
860 3355 1017 3416 immobile
1034 3370 1145 3417 saxum

363 3452 493 3527 Accolet,
513 3452 741 3549 imperiumque
757 3461 841 3533 pater
858 3471 1003 3517 romanus
1020 3453 1150 3516 babebit.

204 3636 325 3730 Neque
350 3637 440 3707 enim
468 3638 544 3709 haee
569 3637 688 3710 dicens
715 3650 851 3711 centum
879 3651 939 3712 aut
965 3640 1057 3710 mille
1089 3661 1288 3734 annorum,

205 3760 269 3831 sed
288 3761 514 3831 immortalem
536 3761 602 3832 illis
625 3762 764 3834 duobus
786 3764 930 3856 gloriam
958 3763 1159 3857 spondebat.
1184 3764 1291 3840 Neve

204 3883 387 3976 quisquam
418 3884 526 3955 verba
548 3885 624 3956 baec
648 3883 835 3959 blanditias
867 3896 982 3968 vocet,
1014 3908 1094 3978 quae
1123 3889 1289 3978 profecto

205 4026 269 4074 nec
286 4005 404 4096 lingua
437 4029 529 4092 mea,
556 4031 620 4080 nec
640 4010 769 4085 vestris
792 4010 934 4082 auribus
955 4010 1071 4101 dignae
1093 4019 1198 4095 sunt,
1232 4015 1290 4086 di-

205 4127 383 4215 gressione
399 4151 488 4222 opus
509 4144 573 4202 est.
598 4132 676 4203 Scio
696 4154 762 4224 ego
783 4132 826 4204 de
844 4134 908 4204 hac
926 4155 964 4203 re
984 4130 1167 4223 Virgilium
1190 4157 1290 4227 quo-
