2738 4680
186 324 244 387 llo
524 341 565 390 na
586 340 686 390 araus
707 339 928 389 rturtmmaus

183 502 263 552 rare
295 491 334 554 ut
358 482 494 555 admitti
518 502 640 576 queas.
669 482 768 553 Alius
799 481 886 566 redi,
918 481 985 552 alio
1015 478 1151 567 habitu,
1187 483 1263 555 aliis

184 604 311 675 mentis
342 605 537 689 affectibus,
565 607 632 676 alio
665 604 792 698 pedum
825 605 978 688 incessu,
1001 604 1068 676 alia
1098 628 1264 678 manuum

182 727 375 811 iactatione,
406 728 473 798 alio
503 727 655 821 pectoris
683 749 724 799 ac
751 726 901 799 cervicis
928 736 1037 813 motu,
1066 729 1135 799 alio
1164 728 1263 801 vocis

184 869 285 934 sonu,
309 849 376 920 alio
396 849 493 921 llexu
517 850 710 945 supercilii,
732 850 800 922 alio
825 851 949 922 frontis
974 860 1072 922 nutu.
1098 852 1193 923 Cave
1218 850 1265 924 nil

183 973 334 1045 revehes
349 957 445 1044 illius
461 974 557 1066 quod
576 982 609 1044 te
629 972 672 1043 iis
687 970 790 1044 etiam
809 971 1069 1044 odiosissimum
1090 973 1172 1044 lecit
1188 975 1265 1066 qui-

183 1093 250 1166 hus
270 1097 400 1168 lecerat
417 1105 540 1168 natura
556 1097 794 1168 carissimum:
811 1096 874 1168 sed
891 1094 925 1165 in
939 1095 1060 1189 primis
1074 1096 1179 1180 illum,
1195 1120 1266 1190 quo

182 1218 383 1312 turpissime
400 1231 528 1304 tumes,
549 1221 678 1292 fastum
699 1230 805 1311 atquc
822 1227 1072 1313 contemptum,
1090 1240 1161 1312 quo
1179 1220 1266 1290 nihil

181 1340 374 1433 indignius,
396 1341 480 1413 nihil
495 1341 688 1415 difformius
704 1342 809 1414 statui
826 1352 886 1414 tuo
903 1351 969 1425 est,
988 1364 1069 1435 quo,
1088 1341 1172 1413 dum
1190 1344 1267 1414 iue-

182 1462 227 1534 rit
246 1464 358 1555 qualis
381 1462 548 1535 hacteuus
569 1466 641 1549 fuit,
660 1465 745 1535 nihil
766 1464 933 1536 humilius
949 1463 1063 1548 habet,
1079 1465 1165 1536 nihil
1181 1487 1265 1537 con-

182 1582 408 1678 temptibilius
435 1586 530 1657 orbis
557 1596 670 1658 terrae.
692 1586 743 1658 Tu
764 1608 809 1657 ne
836 1586 920 1657 mihi
946 1597 1138 1659 creatorem
1163 1599 1265 1661 tuum

184 1717 389 1802 patremque
410 1710 563 1781 omnium
584 1712 708 1794 Deum,
732 1722 769 1782 tu
789 1733 834 1781 ne
854 1710 1011 1781 homiues
1029 1711 1154 1783 fratres
1172 1720 1262 1798 tuos,

183 1851 245 1903 eos
261 1833 412 1904 maxime
425 1833 485 1927 qui
498 1855 562 1905 nos
576 1843 706 1918 amant,
722 1842 759 1902 tu
772 1833 923 1903 animam
938 1835 1155 1926 salutemque
1170 1843 1264 1905 tuam

183 1973 369 2046 spernens,
388 1956 454 2028 hoc
475 1957 598 2040 maior,
620 1954 687 2028 hoc
704 1955 829 2028 clarior
848 1953 922 2028 fieri
944 1959 1067 2049 putas?
1087 1957 1266 2029 Tumidior

154 2092 158 2102 ·
184 2073 241 2160 fis;
263 2099 283 2148 e
308 2088 444 2149 tumore
465 2088 580 2150 autem
603 2091 672 2162 tue,
694 2098 788 2168 rogo,
811 2076 896 2170 quid
918 2098 1070 2170 unquam
1091 2075 1158 2147 nisi
1181 2077 1264 2148 ridi-

182 2202 282 2272 culus
300 2224 380 2273 mus
402 2206 585 2273 nascetur?
605 2202 720 2272 Minus
739 2201 835 2272 dico:
857 2199 1002 2271 ridicula
1020 2199 1110 2270 euim
1132 2201 1265 2273 frontes

182 2328 347 2408 atterunt,
368 2324 426 2395 ilia
445 2324 619 2416 quatiunt,
638 2322 734 2394 iocos
760 2331 914 2394 movent.
936 2323 1064 2392 Tumor
1085 2331 1166 2392 tuus
1188 2320 1264 2392 aliis

182 2445 366 2518 ridiculum
387 2446 491 2531 forte,
512 2444 573 2516 tibi
593 2453 709 2517 autem
729 2465 833 2516 veros
853 2447 967 2516 luctus
980 2455 1015 2517 et
1031 2456 1176 2517 aeternae
1193 2467 1267 2516 ma-

183 2568 304 2638 teriam
330 2567 452 2638 mortis
474 2567 632 2661 spondet.
652 2564 801 2638 Colubro
821 2569 914 2638 euim
936 2577 1049 2640 tumes
1063 2567 1179 2652 flebili,
1196 2591 1265 2670 non

184 2710 282 2789 mure
302 2688 460 2773 ridiculo,
480 2700 585 2784 atque
603 2690 651 2761 ita
669 2712 750 2761 cum
769 2690 819 2761 sis
836 2698 870 2761 te
891 2689 1024 2762 felicem
1043 2691 1141 2762 reris.
1161 2691 1265 2763 Coece

182 2811 326 2896 falleris,
340 2834 434 2884 coeoe
455 2822 527 2886 tota
545 2833 644 2885 erras
661 2813 852 2899 viacense,
867 2812 1018 2907 inquam,
1033 2834 1130 2885 verae
1141 2816 1264 2886 callem

183 2933 305 3026 gloriae
337 2956 406 3008 uon
439 2937 550 3022 vides,
578 2936 743 3031 quodque
766 2947 822 3009 est
850 2938 1059 3031 pessimum,
1088 2940 1179 3008 malo
1206 2949 1265 3010 tuo

166 3054 317 3146 vgaudes
338 3059 459 3141 miser,
482 3069 610 3152 tuoque
630 3060 802 3132 dedecore
822 3057 997 3150 gloriaris,
1017 3079 1081 3128 nec
1100 3057 1264 3149 intelligis

182 3199 253 3271 quo
273 3189 308 3251 te
327 3200 425 3252 error
450 3180 506 3253 hic
530 3179 652 3268 ducat,
670 3192 706 3253 et
725 3164 780 3252 his
802 3178 958 3252 moribus
985 3182 1042 3251 vel
1068 3182 1175 3251 latere
1196 3182 1266 3252 for-

183 3322 259 3384 san,
281 3303 338 3373 vel
364 3304 500 3396 placere
521 3305 668 3396 insuper
693 3303 885 3388 credidisti,
907 3298 943 3375 et
967 3303 1057 3374 hauc
1082 3325 1182 3396 spem
1203 3325 1266 3374 va·

182 3425 362 3497 nissimam
382 3447 429 3497 ex
445 3448 502 3498 me
517 3429 627 3498 fateor
644 3427 850 3521 concepisti:
867 3447 910 3499 eo
927 3425 1059 3498 scilicet
1075 3424 1169 3519 quod
1183 3446 1264 3498 suo
1329 3418 1333 3424 ’
1356 3523 1358 3528 .

182 3571 259 3620 rum
281 3568 385 3623 nemo
404 3559 500 3622 esset
523 3558 707 3633 amantior,
734 3549 837 3642 quasi
862 3570 950 3622 vero
976 3570 1114 3644 semper
1137 3570 1264 3621 verum

184 3670 230 3743 sit
246 3680 422 3745 amantum
442 3693 538 3744 coeca
563 3692 643 3744 esse
662 3673 803 3759 iudicia,
825 3682 860 3745 et
885 3694 954 3745 non
979 3673 1064 3745 illud
1090 3671 1263 3744 interdum

182 3794 318 3880 verius,
352 3793 481 3867 nullius
514 3793 629 3866 animo
662 3797 824 3867 severius
856 3816 936 3868 esse
966 3794 1131 3869 iudicium
1158 3816 1264 3888 quam

183 3916 346 3988 amantis:
361 3917 412 3988 sic
423 3916 514 3988 euim
528 3926 654 3988 exacta
666 3917 781 3988 omnia
794 3940 815 3990 a
829 3918 902 3990 suis
915 3918 1062 4009 exigunt
1074 3916 1131 4008 qui
1146 3924 1265 4018 amant

185 4048 222 4108 ut
242 4059 336 4134 saepe
361 4039 599 4113 delicatissimi
625 4058 752 4111 seusus
778 4038 930 4112 minimis
955 4041 1059 4112 etiam
1086 4036 1264 4110 offendan-

185 4167 251 4233 tur.
280 4164 333 4236 Tu
356 4163 500 4250 utinam,
525 4184 595 4238 non
619 4162 734 4237 dicam
754 4172 888 4249 exacta,
912 4162 974 4236 sed
993 4163 1050 4235 vel
1066 4159 1264 4236 communia
