2730 4680
227 312 265 371 54
559 320 600 366 llll
621 319 721 368 REBUS
742 321 963 370 FblllLlARIBUS

226 461 321 555 quod
336 459 569 531 Mediolanum
590 456 728 530 turbida
753 459 875 531 civitas
900 471 997 531 esset
1023 463 1163 534 Helicon
1189 486 1299 537 meus.

225 592 270 661 Et
287 589 353 660 boc
372 588 607 658 amantissime
628 585 783 679 quidem,
807 588 880 671 scd,
905 599 941 659 ut
958 583 1049 674 reor,
1069 588 1154 683 quid
1169 593 1301 664 Medio-

227 715 343 785 lanum
364 719 460 782 esset
476 712 650 796 nesciens,
672 720 707 782 et
726 710 821 781 baud
840 710 945 781 dubie
966 713 1122 803 ignarae,
1137 715 1298 805 qualiter,

225 838 330 930 quam
350 836 476 919 otiose,
496 857 601 928 quam
623 834 744 917 libere,
767 856 871 926 quam
894 813 1060 919 solitarie,
1078 856 1183 928 quam
1206 848 1301 910 tran-

226 962 330 1052 quille
364 959 418 1031 hic
449 981 576 1040 essem,
604 955 821 1051 loquebatur.
848 958 920 1029 lam
946 968 1026 1030 ante
1053 961 1299 1054 transalpinam

226 1106 359 1155 moram
379 1105 491 1153 meam
514 1081 636 1154 solitus
657 1102 726 1152 non
746 1079 904 1165 laudare,
918 1081 1001 1152 dum
1014 1083 1059 1153 ad
1076 1085 1205 1153 fontem
1219 1085 1301 1154 Sor-

226 1205 293 1296 glae
318 1204 467 1296 peccatis
494 1201 611 1283 bomo,
640 1202 703 1272 sed
727 1203 845 1294 quiete
870 1203 975 1274 animi
1007 1225 1116 1298 prope
1150 1207 1299 1296 angelus

160 1394 163 1404 ,
226 1325 411 1418 degebam,
443 1324 620 1394 admirans
636 1346 799 1417 quaenam
816 1327 894 1396 haeo
911 1326 996 1395 ltolo
1009 1329 1128 1418 procul
1144 1329 1221 1396 orbe
1241 1351 1301 1398 oo-

227 1453 344 1544 luptus.
366 1447 483 1519 Verba
500 1449 575 1540 ipsa
589 1456 691 1519 teneo
706 1475 713 1532 3
728 1450 827 1543 liquit
840 1453 997 1521 aculeum
1011 1477 1018 1518 :
1033 1448 1170 1521 dicebat
1183 1462 1299 1522 autem

228 1572 304 1642 baec
322 1594 407 1654 non,
430 1581 468 1641 ut
484 1581 581 1664 puto,
600 1574 818 1666 praesagiens
838 1581 961 1666 sponte
976 1594 1038 1643 sua
1052 1595 1090 1644 se
1103 1593 1186 1644 mox
1199 1583 1301 1646 extra

226 1693 357 1766 ltaliam
396 1693 643 1786 relegandum,
683 1695 821 1787 sibique
856 1705 925 1767 tam
963 1718 1072 1791 prope
1112 1697 1301 1790 repositum

225 1818 472 1914 Babylonicum
499 1819 678 1905 Helicona,
706 1818 845 1911 dequo
871 1840 940 1889 non
966 1821 1174 1891 coniecturis
1191 1821 1301 1891 inani-

226 1943 307 2029 buS,
327 1943 389 2014 sed
410 1944 627 2039 experientia
651 1944 790 2027 doctus,
819 1944 849 2014 si
874 1945 1044 2039 quidquid
1070 1946 1181 2016 sentio
1207 1944 1303 2038 loqui

226 2089 364 2161 coepero
390 2069 506 2139 nullus
533 2068 599 2140 crit
623 2066 713 2140 finis.
739 2067 822 2138 Mihi
855 2080 970 2140 autem
1005 2071 1091 2140 satis
1123 2090 1303 2162 superque

225 2192 294 2264 odii
312 2195 347 2263 in
368 2192 424 2263 illo
444 2193 578 2264 inferno
598 2191 768 2264 conflasse
788 2193 856 2262 iam
877 2193 1008 2263 veritas
1025 2191 1172 2262 videtur.
1188 2192 1302 2263 Coete-

227 2339 305 2386 rum
329 2315 454 2407 ipsein
468 2314 545 2385 dies
559 2314 773 2405 experiendo
786 2325 823 2384 et
835 2314 987 2386 videndo
999 2312 1084 2408 quid
1098 2338 1166 2407 ego
1179 2315 1223 2386 de
1238 2338 1304 2388 suo

224 2459 316 2508 nuuc
333 2438 498 2507 Helicone
521 2436 685 2506 tacuerim
704 2437 879 2528 intelliget.
895 2439 983 2509 Etsi
1002 2437 1092 2509 bene
1105 2461 1185 2509 eum
1200 2439 1299 2524 novi,

225 2581 320 2654 saepe
339 2569 374 2630 et
393 2557 519 2631 borum
540 2560 736 2630 meminerit
755 2559 959 2645 verborum,
980 2570 1016 2631 et
1035 2561 1300 2653 Neapolitanum

224 2682 332 2754 otium
352 2691 457 2775 atque
478 2683 609 2754 ltaliam
633 2682 821 2776 suspirabit
837 2684 940 2754 ditior
953 2684 1052 2768 forte,
1073 2682 1137 2754 sed
1153 2707 1301 2778 occupa·

208 2794 289 2875 ¹tior
309 2817 416 2891 certe,
440 2806 504 2876 sed
522 2806 687 2879 moestior.
707 2805 760 2877 Ob
780 2815 945 2898 quantum
964 2806 1048 2876 mibi
1061 2829 1154 2876 nunc
1167 2805 1303 2877 invisu-

225 2949 296 3013 rus
317 2928 346 2999 si
364 2939 403 3000 ut
419 2951 485 3022 ego
502 2932 672 3022 procellas
691 2951 774 3001 suas
795 2929 878 3000 binc
896 2929 1013 3013 video,
1030 2930 1079 3001 sic
1093 2929 1166 3022 ipse
1180 2950 1298 2999 meum

224 3051 331 3121 otium
351 3037 498 3135 videret,
518 3061 555 3122 et
572 3074 678 3145 quam
699 3052 784 3122 nihil
809 3060 937 3145 praeter
961 3051 1097 3122 animos
1124 3051 1227 3124 nobis
1255 3052 1304 3122 si-

224 3174 314 3246 mile.
336 3175 479 3245 Salvere
500 3176 594 3245 illum
618 3174 698 3246 iube
719 3187 755 3247 et
770 3177 860 3247 vale.
946 3170 948 3173 ’

365 3324 521 3395 Mediolani,
538 3325 571 3380 V.
589 3324 655 3380 ldus
670 3324 812 3381 Februarii
827 3325 861 3381 ad
876 3343 1030 3398 vesperam.
