2992 4664
189 304 248 366 ⁶298
532 317 573 364 nu
594 314 695 362 nunus
716 285 957 361 ruurtmnmus‘

189 446 749 559 optimeduxnostersexcusem.
773 464 928 533 Profecto
944 459 1107 553 equidem
1128 483 1210 554 quae
1231 465 1276 535 de

190 589 281 658 illins
302 587 492 657 imitatione
512 585 648 670 dixisti,
665 607 734 655 non
750 607 834 656 vera
849 581 953 653 modo
971 581 1033 654 sed
1046 586 1156 674 vulgo
1169 586 1275 656 etiam

190 720 270 781 nota
291 724 385 793 sunt,
404 720 439 778 et
458 711 564 779 multa
585 709 652 778 alia
672 727 765 799 quae,
781 705 994 777 verecundia
1012 705 1124 777 dicam
1139 730 1184 777 an
1200 729 1276 779 mo·

188 833 322 913 destia,
338 828 480 916 siluisti,
502 851 583 921 quae
602 839 716 899 tamen
738 851 785 899 ex
806 827 928 898 ordine
948 829 1035 920 ipsis
1057 829 1092 899 in
1106 831 1275 900 Saturna-

187 953 279 1026 libus
302 955 428 1045 scripta
452 961 544 1035 sunt,
568 950 731 1044 quamvis
759 951 825 1021 hoc
858 953 933 1021 loco
967 951 1025 1022 ille
1048 972 1149 1022 -suus
1174 952 1274 1023 iocus

188 1076 387 1160 innotuerit,
410 1076 466 1147 cui
487 1097 566 1146 cum
589 1073 798 1145 obiiceretur
818 1071 862 1144 ab
880 1075 1018 1144 aemulis
1033 1075 1127 1166 quod
1145 1095 1273 1147 versus

189 1199 250 1269 tibi
282 1208 361 1268 tuos
391 1197 556 1292 eriperet,
592 1217 798 1287 magnarum
834 1194 961 1264 virium
987 1216 1068 1266 esse
1094 1196 1275 1288 respondit

189 1322 327 1392 auferre
347 1322 483 1390 clavam
505 1317 663 1387 Herculi:
686 1317 835 1387 necsim
855 1315 985 1386 dubins
1005 1317 1088 1407 quin
1108 1320 1273 1388 latentem

190 1444 298 1513 salem
319 1439 383 1509 ioci
407 1439 510 1508 huius
533 1437 716 1527 intelligas.
731 1436 783 1507 Ne
797 1458 892 1520 vero,
906 1436 1002 1528 quod
1021 1436 1270 1520 multifaciant,

189 1584 292 1655 quem
309 1538 565 1631 'excusatorum
587 1582 644 1629 me
664 1557 829 1652 profiteor
849 1581 1025 1641 accusem,
1041 1561 1150 1630 fateor
1170 1561 1275 1652 plane
1360 1595 1364 1608 ·

188 1703 268 1776 qnae
284 1682 371 1753 diois
393 1681 525 1767 omnia,
548 1704 662 1774 neque
683 1681 761 1752 ideo
783 1684 960 1773 querelam
983 1691 1076 1752 tuam
1104 1683 1184 1754 totis
1211 1704 1275 1752 au-

77 1850 79 1856 ·
188 1806 285 1876 ribus
305 1805 458 1898 accipio:
486 1804 579 1897 quod
599 1803 730 1875 scilicet
749 1806 844 1875 nulla
871 1825 1018 1897 usquam
1047 1804 1095 1875 tui
1122 1805 1274 1877 nominis

190 1929 317 2001 mentio
337 1929 428 2020 apud
452 1928 548 1999 illum
571 1927 615 1998 sit
632 1927 774 1999 exuviis
788 1937 953 1999 onustum
968 1938 1004 1998 et
1017 1931 1271 2012 ornatum'tois,

188 2073 264 2121 oum
284 2052 463 2135 Lucanus,
488 2059 524 2119 ut
547 2072 630 2120 vere
652 2071 844 2130 memoras,
864 2050 1037 2144 Smyrnaei
1057 2051 1149 2121 vatis
1165 2051 1275 2121 hono-

187 2174 235 2245 ris
264 2183 365 2266 grata
382 2174 580 2243 narratione
597 2174 802 2245 meminerit.
818 2173 998 2256 Adiuvare
1023 2173 1273 2264 querimoniam

186 2295 409 2367 tuam‘libet:
436 2304 473 2366 et
490 2295 634 2367 Flaccus
664 2317 760 2388 saepe
793 2297 844 2366 tui
875 2296 1032 2365 meminit
1065 2316 1274 2388 semperque

185 2415 394 2506 magnifice;
420 2437 500 2486 nam
531 2427 565 2486 et
594 2418 746 2507 quodam
773 2419 849 2488 loco
881 2427 915 2488 te
941 2417 1157 2511 philosophis
1186 2418 1273 2509 ipsis

126 2546 129 2552 '
185 2541 340 2630 praefert,
363 2547 398 2607 et
418 2538 485 2608 alio
502 2537 649 2631 primam
673 2536 733 2608 tibi
754 2539 845 2610 inter
863 2551 984 2631 poetas
1002 2540 1124 2610 sedem
1138 2539 1270 2611 tribuit.

184 2660 341 2730 Meminit
364 2663 411 2731 tui
432 2661 525 2730 Naso
545 2669 581 2730 et
601 2660 778 2732 luvenalis
800 2672 835 2732 et
852 2663 994 2733 Statius
1018 2662 1086 2732 Sed
1099 2661 1184 2753 quid
1198 2685 1273 2734 mc-

185 2802 302 2850 mores
328 2787 544 2854 memorem?
569 2783 678 2855 Nemo
712 2787 784 2854 fere
817 2795 976 2855 nostrum
1009 2785 1058 2855 tui
1087 2784 1271 2855 immemor

184 2903 257 2974 fuit.
279 2904 371 2988 Quid
397 2928 495 2996 ergo,
528 2904 681 2998 inquies,
718 2928 823 2976 unum
859 2907 955 2976 illum
989 2918 1059 2977 tam
1093 2905 1268 2997 ingratum

184 3023 295 3114 patior
314 3049 419 3118 quem
441 3026 603 3098 omnibus
622 3020 809 3119 gratiorem
832 3029 967 3100 merui‘l
981 3032 1070 3100 Ante
1086 3050 1191 3119 quam
1207 3028 1268 3099 tibi

185 3146 433 3237 respondeam,
457 3148 582 3218 addam
603 3151 705 3220 etiam
726 3172 817 3221 nunc
838 3153 1002 3243 querelae.
1022 3151 1155 3242 Nequis
1174 3151 1267 3220 enim

184 3267 360 3358 ingratum
381 3290 484 3361 aeque
505 3271 647 3341 forsitan
677 3273 711 3353 in
738 3293 860 3343 omnes
885 3283 997 3364 putet,
1024 3282 1061 3343 et
1082 3274 1206 3343 Musaei
1232 3282 1267 3342 et

183 3391 259 3460 Lini
279 3402 314 3463 et
333 3393 461 3485 Orphei
488 3414 556 3463 non
584 3396 693 3464 semel
713 3374 770 3465 ille
796 3397 890 3488 qnod
917 3395 1125 3477 meminerit,
1155 3393 1267 3487 quod-

182 3535 252 3605 que
272 3513 437 3584 humilius
460 3515 532 3598 luit,
555 3524 590 3585 et
607 3500 748 3587 Hesiodi
770 3516 905 3587 Ascraei
918 3527 954 3587 et
971 3518 1142 3587 Theocriti
1162 3519 1265 3610 Syra-

183 3635 271 3705 cusii
286 3646 420 3727 poetae:
442 3646 635 3730 postremo,
658 3639 752 3730 quod
774 3661 952 3730 nunquam
980 3641 1009 3708 si
1034 3641 1115 3731 quis
1142 3641 1177 3708 in
1204 3638 1264 3708 illo

182 3768 276 3828 esset
292 3759 382 3831 livor
403 3761 542 3841 sineret,
562 3780 626 3828 nec
645 3759 793 3846 Varum,
816 3762 1035 3854 Gallumque,
1048 3784 1163 3855 neque
1177 3762 1265 3832 alios
1341 3752 1343 3757 ’

182 3889 377 3951 coaetaneos
395 3903 478 3953 suos
493 3888 594 3952 tacet.
610 3881 700 3964 Quid
715 3885 920 3953 vero‘lNum
936 3886 1021 3954 satis
1035 3885 1180 3955 auxisse
1194 3883 1263 3952 iam

183 3998 306 4071 videor
326 4006 503 4094 querelam
525 4026 629 4096 quam
651 4007 708 4074 vel
730 4007 886 4078 minuere
903 4009 963 4078 vel
985 4011 1124 4078 auferre
1141 4006 1263 4077 decre·

182 4125 326 4189 veram‘?
346 4125 471 4219 Utique
491 4126 519 4195 si
542 4127 588 4196 nil
615 4128 763 4219 amplius
790 4128 925 4199 dixero.
954 4128 1023 4200 Sed
1050 4125 1260 4199 attendenda
