2940 4650
193 296 252 356 .llo
651 311 814 360 vrnrrnun

193 455 276 525 dnm
310 452 412 524 vobis
445 453 525 524 huic
555 452 673 524 arbori
707 474 819 546 usque
849 452 894 524 ad
915 473 1128 548 vesperam,
1155 452 1227 524 boc
1247 465 1302 524 est
1404 544 1406 555 .

194 597 305 668 usque
318 577 363 647 ad
376 576 479 647 buius
500 575 584 647 vitae
598 575 785 646 terminum
802 573 983 646 admonui:
998 576 1148 647 addens
1165 575 1299 669 dequo
1403 580 1407 648 ἶ

192 697 637 789 nemodnbitatnnnquam
655 698 781 768 melius
794 718 875 770 esse
893 704 1100 768 mansuros:
1122 697 1297 769 maletida
1403 774 1408 788 J

192 819 284 888 enim
306 819 494 912 voluptatis
512 820 631 901 statio,
651 817 817 912 adquam
836 813 932 890 velut
948 821 994 891 ad
1014 832 1167 913 portum
1189 828 1294 890 mun‘-

192 939 260 1009 dus
280 941 375 1011 iners
394 939 552 1024 confluit,
573 951 611 1012 ut
623 940 770 1012 blandos
793 943 958 1027 introitus,
978 943 1028 1012 sic
1051 950 1209 1023 moestos
1231 944 1292 1011 ba-

192 1062 252 1133 bet
268 1083 309 1148 ac
331 1063 527 1156 praecipites
545 1084 732 1153 egressus;
751 1063 888 1154 quodsi
905 1087 1058 1156 unquam
1082 1064 1290 1138 dubitatum
1400 1100 1402 1130 2

192 1195 297 1269 esset,
332 1187 418 1257 hen!
455 1188 548 1256 clare
581 1185 685 1256 nimis
706 1207 748 1255 ac
767 1185 918 1256 terrifice
944 1207 1013 1256 non
1036 1188 1114 1256 sine
1135 1189 1229 1258 meis
1252 1198 1287 1258 et
1399 1190 1403 1242 l

192 1311 378 1380 multorum
392 1307 544 1378 lacrimis
559 1329 671 1399 nuper
684 1309 854 1401 apparuit.
870 1309 932 1391 En,
943 1308 1061 1390 amice,
1074 1310 1285 1402 parabolam
1402 1299 1404 1340 ⁵

192 1430 255 1500 tibi
276 1452 387 1500 meam
409 1430 485 1520 ipse
504 1430 669 1500 reseravi.
686 1430 856 1522 Superest
874 1439 912 1500 nt
932 1439 967 1500 et
987 1432 1101 1501 amico
1122 1431 1175 1501 illi
1197 1433 1287 1524 opti-

192 1572 250 1621 mo
270 1561 305 1621 et
323 1548 382 1619 tibi
396 1550 528 1641 gratias
547 1572 662 1641 agam,
682 1553 741 1642 qui
760 1573 823 1644 pro
842 1553 943 1622 brevi
965 1563 1097 1646 papyro
1118 1574 1193 1622 non
1206 1575 1284 1624 eam

192 1673 297 1744 modo
322 1672 366 1744 de
391 1694 461 1765 qua
488 1673 657 1764 loquebar
682 1672 862 1759 arborem,
885 1673 949 1743 sed
971 1682 1081 1744 totum
1101 1675 1192 1744 mibi
1216 1688 1285 1747 ter-

192 1816 309 1866 rarum
331 1794 453 1867 orbem
474 1796 508 1865 in
528 1795 739 1866 membranis
752 1796 965 1890 descriptum
984 1796 1113 1887 insigni
1133 1799 1283 1889 quidem

193 1918 338 1989 artificio
358 1919 558 1990 remisistis:
586 1931 694 2012 utque
711 1918 884 1989 ambobus
906 1928 941 1988 et
962 1918 1098 1988 arboris
1125 1931 1284 1991 ostensae

193 2041 424 2131 refrigerium,
444 2053 480 2112 et
498 2043 664 2113 mentium
683 2063 940 2134 corporumque
966 2041 1208 2112 valetudinem
1231 2045 1284 2113 iu-

192 2139 400 2233 concnssam
427 2184 467 2234 ac
500 2173 704 2256 perpetuam
726 2185 858 2257 precer.
880 2165 976 2235 Vale.
999 2163 1206 2236 Mediolani:
1227 2165 1283 2236 ille

192 2294 284 2355 tuus.

473 2546 482 2558 ’
587 2556 765 2620 EPISTULA
787 2557 866 2622 LXll.

421 2701 614 2750 rnrucrscus
636 2701 805 2750 rnrnrncr
828 2703 870 2751 ln
891 2703 1041 2753 rnnorurr.

566 2835 729 2890 Gratulatur
743 2837 896 2891 victoriam.

287 3026 412 3095 Virtuti
430 3027 754 3117 tuaeoongratulor,
776 3027 993 3111 adolescens
1014 3025 1156 3118 quando
1172 3039 1210 3100 tu
1227 3033 1281 3106 sic

189 3168 281 3218 uuus
302 3146 491 3217 adversum
513 3149 636 3231 millia,
652 3149 702 3219 sic
716 3150 811 3219 solus
833 3147 1023 3220 adversum
1045 3151 1188 3240 agmina
1205 3157 1280 3227 cla-

188 3267 336 3340 vam‘de
361 3268 524 3340 manibus
555 3269 713 3340 Herculis
731 3269 924 3340 extorsisti.
948 3270 1152 3355 Redemisti,
1184 3274 1281 3347 sicut

188 3390 301 3472 audio,
317 3391 437 3482 iugera
450 3401 508 3462 tna
522 3392 710 3462 certamine
725 3413 864 3481 magno:
880 3393 974 3486 quod
987 3414 1030 3462 eo
1043 3392 1156 3463 laetius
1172 3394 1280 3466 intel-

188 3515 259 3584 lexi
273 3536 343 3606 quo
356 3516 485 3586 certius
501 3535 579 3585 reor
597 3513 642 3584 ob
660 3514 726 3583 boc
748 3515 816 3583 ulla
837 3525 871 3584 te
892 3515 1054 3585 iactantia
1070 3537 1139 3585 nou
1157 3508 1280 3590 extol-

187 3636 221 3705 li.
244 3637 314 3706 lam
328 3637 448 3709 verbis
463 3659 532 3707 non
549 3648 630 3726 eget
649 3646 799 3727 tempus:
819 3645 956 3729 tempus
969 3647 1037 3718 est,
1061 3637 1187 3722 lateor,
1203 3640 1279 3711 iam

189 3759 294 3829 sulcis
309 3761 423 3830 telluri
439 3759 571 3830 semina
588 3758 745 3828 credere:
762 3779 842 3850 quae
857 3779 960 3828 suum
981 3761 1122 3850 sperato
1136 3761 1278 3840 luenore

187 3904 257 3952 nou
273 3882 462 3977 deceptura
479 3884 670 3965 cultorem,
689 3881 868 3951 stridentia
881 3881 1037 3972 plaustra
1051 3892 1194 3968 vocent,
1212 3908 1278 3956 cu-

188 4005 389 4096 mulenlque
402 4006 517 4076 felices
537 4024 638 4076 areas
654 4002 700 4074 ad
721 4003 893 4074 trituram.
916 4003 1012 4073 Vale.

690 4174 763 4184 ...a-.-
