<?xml version="1.0" encoding="UTF-8"?>
<!DOCTYPE html PUBLIC "-//W3C//DTD XHTML 1.0 Transitional//EN"
    "http://www.w3.org/TR/xhtml1/DTD/xhtml1-transitional.dtd">
<html xmlns="http://www.w3.org/1999/xhtml" xml:lang="en" lang="en">
 <head>
  <title>
</title>
<meta http-equiv="Content-Type" content="text/html;charset=utf-8" />
  <meta name='ocr-system' content='tesseract 3.04.00' />
  <meta name='ocr-capabilities' content='ocr_page ocr_carea ocr_par ocr_line ocrx_word'/>
</head>
<body>
  <div class='ocr_page' id='page_1' title='image "./franciscipetrar00fracgoog_0190.png"; bbox 0 0 2738 4680; ppageno 0'>
   <div class='ocr_carea' id='block_1_1' title="bbox 241 328 1167 391">
    <p class='ocr_par' dir='ltr' id='par_1_1' title="bbox 241 328 1167 391">
     <span class='ocr_line' id='line_1_1' title="bbox 241 328 1167 391; baseline 0.003 -5"><span class='ocrx_word' id='word_1_1' title='bbox 241 340 334 388; x_wconf 82' lang='lat' dir='ltr'>LluEll</span> <span class='ocrx_word' id='word_1_2' title='bbox 357 339 520 389; x_wconf 75' lang='lat' dir='ltr'>Vicesimus</span> <span class='ocrx_word' id='word_1_3' title='bbox 544 341 931 390; x_wconf 69' lang='lat' dir='ltr'>secundus-nemroth</span> <span class='ocrx_word' id='word_1_4' title='bbox 953 343 1014 391; x_wconf 80' lang='lat' dir='ltr'>xlv.</span> <span class='ocrx_word' id='word_1_5' title='bbox 1110 328 1167 390; x_wconf 72' lang='grc'>173</span> 
     </span>
    </p>
   </div>
   <div class='ocr_carea' id='block_1_2' title="bbox 31 481 1270 4279">
    <p class='ocr_par' dir='ltr' id='par_1_2' title="bbox 31 481 1270 4279">
     <span class='ocr_line' id='line_1_2' title="bbox 86 481 1170 579; baseline 0.008 -29"><span class='ocrx_word' id='word_1_6' title='bbox 86 483 170 553; x_wconf 86' lang='lat' dir='ltr'>llrat</span> <span class='ocrx_word' id='word_1_7' title='bbox 197 481 380 553; x_wconf 83' lang='lat' dir='ltr'>Africanus</span> <span class='ocrx_word' id='word_1_8' title='bbox 408 483 532 568; x_wconf 89' lang='lat' dir='ltr'>maior,</span> <span class='ocrx_word' id='word_1_9' title='bbox 568 486 627 579; x_wconf 91' lang='lat' dir='ltr'>qui</span> <span class='ocrx_word' id='word_1_10' title='bbox 664 486 712 557; x_wconf 91' lang='lat' dir='ltr'>sic</span> <span class='ocrx_word' id='word_1_11' title='bbox 747 496 872 558; x_wconf 84' lang='lat' dir='ltr'>nat-nra</span> <span class='ocrx_word' id='word_1_12' title='bbox 905 486 1095 579; x_wconf 79' lang='lat' dir='ltr'>benignum</span> <span class='ocrx_word' id='word_1_13' title='bbox 1129 510 1170 559; x_wconf 88' lang='lat' dir='ltr'>ac</span> 
     </span>
     <span class='ocr_line' id='line_1_3' title="bbox 85 604 1170 681; baseline 0.008 -9"><span class='ocrx_word' id='word_1_14' title='bbox 85 604 204 674; x_wconf 91' lang='lat' dir='ltr'>mitem</span> <span class='ocrx_word' id='word_1_15' title='bbox 225 605 378 675; x_wconf 89' lang='lat' dir='ltr'>animum</span> <span class='ocrx_word' id='word_1_16' title='bbox 401 607 599 679; x_wconf 89' lang='lat' dir='ltr'>necessaria</span> <span class='ocrx_word' id='word_1_17' title='bbox 620 608 808 678; x_wconf 88' lang='lat' dir='ltr'>severitate</span> <span class='ocrx_word' id='word_1_18' title='bbox 828 610 885 680; x_wconf 90' lang='lat' dir='ltr'>vel</span> <span class='ocrx_word' id='word_1_19' title='bbox 904 609 1034 680; x_wconf 89' lang='lat' dir='ltr'>invitus</span> <span class='ocrx_word' id='word_1_20' title='bbox 1053 632 1170 681; x_wconf 89' lang='lat' dir='ltr'>arma·</span> 
     </span>
     <span class='ocr_line' id='line_1_4' title="bbox 85 728 1168 821; baseline 0.002 -23"><span class='ocrx_word' id='word_1_21' title='bbox 85 740 200 811; x_wconf 86' lang='lat' dir='ltr'>verat,</span> <span class='ocrx_word' id='word_1_22' title='bbox 219 739 255 798; x_wconf 92' lang='lat' dir='ltr'>ut</span> <span class='ocrx_word' id='word_1_23' title='bbox 273 728 445 820; x_wconf 89' lang='lat' dir='ltr'>pendente</span> <span class='ocrx_word' id='word_1_24' title='bbox 462 728 554 800; x_wconf 89' lang='lat' dir='ltr'>hello</span> <span class='ocrx_word' id='word_1_25' title='bbox 571 729 798 821; x_wconf 66' lang='lat' dir='ltr'>gravissimo</span> <span class='ocrx_word' id='word_1_26' title='bbox 818 730 917 802; x_wconf 87' lang='lat' dir='ltr'>cuius</span> <span class='ocrx_word' id='word_1_27' title='bbox 936 731 1001 802; x_wconf 91' lang='lat' dir='ltr'>sihi</span> <span class='ocrx_word' id='word_1_28' title='bbox 1021 733 1168 804; x_wconf 85' lang='lat' dir='ltr'>confecti</span> 
     </span>
     <span class='ocr_line' id='line_1_5' title="bbox 86 852 1167 946; baseline 0.003 -23"><span class='ocrx_word' id='word_1_29' title='bbox 86 853 196 945; x_wconf 82' lang='lat' dir='ltr'>gloria</span> <span class='ocrx_word' id='word_1_30' title='bbox 219 853 419 944; x_wconf 87' lang='lat' dir='ltr'>parabatur,</span> <span class='ocrx_word' id='word_1_31' title='bbox 446 852 651 924; x_wconf 84' lang='lat' dir='ltr'>defectionis</span> <span class='ocrx_word' id='word_1_32' title='bbox 677 863 838 924; x_wconf 78' lang='lat' dir='ltr'>auctores</span> <span class='ocrx_word' id='word_1_33' title='bbox 861 853 905 923; x_wconf 90' lang='lat' dir='ltr'>ad</span> <span class='ocrx_word' id='word_1_34' title='bbox 934 856 1051 946; x_wconf 91' lang='lat' dir='ltr'>palum</span> <span class='ocrx_word' id='word_1_35' title='bbox 1079 856 1167 926; x_wconf 88' lang='lat' dir='ltr'>deli-</span> 
     </span>
     <span class='ocr_line' id='line_1_6' title="bbox 31 976 1167 1070; baseline 0 -22"><span class='ocrx_word' id='word_1_36' title='bbox 31 1011 32 1016; x_wconf 41' lang='lat'><em>*</em></span> <span class='ocrx_word' id='word_1_37' title='bbox 86 988 185 1070; x_wconf 82' lang='lat' dir='ltr'>gatos</span> <span class='ocrx_word' id='word_1_38' title='bbox 209 998 250 1047; x_wconf 88' lang='lat' dir='ltr'>ac</span> <span class='ocrx_word' id='word_1_39' title='bbox 272 976 381 1068; x_wconf 78' lang='lat' dir='ltr'>virgis</span> <span class='ocrx_word' id='word_1_40' title='bbox 408 998 520 1048; x_wconf 86' lang='lat' dir='ltr'>caesos</span> <span class='ocrx_word' id='word_1_41' title='bbox 548 976 731 1048; x_wconf 82' lang='lat' dir='ltr'><strong>securibus</strong></span> <span class='ocrx_word' id='word_1_42' title='bbox 758 977 997 1064; x_wconf 75' lang='lat' dir='ltr'>obtruncaret,</span> <span class='ocrx_word' id='word_1_43' title='bbox 1024 988 1059 1049; x_wconf 89' lang='lat' dir='ltr'>et</span> <span class='ocrx_word' id='word_1_44' title='bbox 1085 979 1167 1050; x_wconf 91' lang='lat' dir='ltr'>Car·</span> 
     </span>
     <span class='ocr_line' id='line_1_7' title="bbox 87 1098 1169 1192; baseline -0.001 -21"><span class='ocrx_word' id='word_1_45' title='bbox 87 1101 227 1191; x_wconf 78' lang='lat' dir='ltr'>thagine</span> <span class='ocrx_word' id='word_1_46' title='bbox 248 1100 380 1172; x_wconf 90' lang='lat' dir='ltr'>domita</span> <span class='ocrx_word' id='word_1_47' title='bbox 405 1098 572 1192; x_wconf 88' lang='lat' dir='ltr'>finitoque</span> <span class='ocrx_word' id='word_1_48' title='bbox 599 1099 705 1183; x_wconf 86' lang='lat' dir='ltr'>hello,</span> <span class='ocrx_word' id='word_1_49' title='bbox 733 1101 950 1191; x_wconf 82' lang='lat' dir='ltr'>transfugae,</span> <span class='ocrx_word' id='word_1_50' title='bbox 976 1101 1039 1192; x_wconf 67' lang='lat' dir='ltr'>‘qui</span> <span class='ocrx_word' id='word_1_51' title='bbox 1073 1121 1169 1170; x_wconf 91' lang='lat' dir='ltr'>com-</span> 
     </span>
     <span class='ocr_line' id='line_1_8' title="bbox 86 1207 1270 1319; baseline 0 -24"><span class='ocrx_word' id='word_1_52' title='bbox 86 1225 247 1319; x_wconf 81' lang='lat' dir='ltr'>prehensi</span> <span class='ocrx_word' id='word_1_53' title='bbox 268 1235 389 1295; x_wconf 88' lang='lat' dir='ltr'>essent</span> <span class='ocrx_word' id='word_1_54' title='bbox 411 1225 506 1296; x_wconf 89' lang='lat' dir='ltr'>latini</span> <span class='ocrx_word' id='word_1_55' title='bbox 528 1225 693 1310; x_wconf 89' lang='lat' dir='ltr'>nominis,</span> <span class='ocrx_word' id='word_1_56' title='bbox 730 1225 845 1296; x_wconf 88' lang='lat' dir='ltr'>securi</span> <span class='ocrx_word' id='word_1_57' title='bbox 874 1248 1013 1318; x_wconf 87' lang='lat' dir='ltr'>quoque</span> <span class='ocrx_word' id='word_1_58' title='bbox 1037 1226 1166 1318; x_wconf 89' lang='lat' dir='ltr'>percuti</span> <span class='ocrx_word' id='word_1_59' title='bbox 1265 1207 1270 1216; x_wconf 49' lang='lat'><strong><em>¹</em></strong></span> 
     </span>
     <span class='ocr_line' id='line_1_9' title="bbox 86 1347 1164 1441; baseline 0 -25"><span class='ocrx_word' id='word_1_60' title='bbox 86 1347 242 1434; x_wconf 91' lang='lat' dir='ltr'>iuberet,</span> <span class='ocrx_word' id='word_1_61' title='bbox 284 1369 519 1441; x_wconf 88' lang='lat' dir='ltr'>romanosque</span> <span class='ocrx_word' id='word_1_62' title='bbox 553 1359 587 1421; x_wconf 90' lang='lat' dir='ltr'>et</span> <span class='ocrx_word' id='word_1_63' title='bbox 621 1350 765 1440; x_wconf 84' lang='lat' dir='ltr'>gravius</span> <span class='ocrx_word' id='word_1_64' title='bbox 799 1350 963 1421; x_wconf 87' lang='lat' dir='ltr'>iussisset</span> <span class='ocrx_word' id='word_1_65' title='bbox 996 1348 1164 1441; x_wconf 83' lang='lat' dir='ltr'>cruciligi.</span> 
     </span>
     <span class='ocr_line' id='line_1_10' title="bbox 85 1471 1168 1565; baseline 0.003 -25"><span class='ocrx_word' id='word_1_66' title='bbox 85 1473 165 1543; x_wconf 83' lang='lat' dir='ltr'>Erat</span> <span class='ocrx_word' id='word_1_67' title='bbox 192 1482 229 1543; x_wconf 90' lang='lat' dir='ltr'>et</span> <span class='ocrx_word' id='word_1_68' title='bbox 254 1473 366 1543; x_wconf 88' lang='lat' dir='ltr'>Minor</span> <span class='ocrx_word' id='word_1_69' title='bbox 391 1471 576 1544; x_wconf 80' lang='lat' dir='ltr'>Africanus</span> <span class='ocrx_word' id='word_1_70' title='bbox 603 1471 676 1565; x_wconf 87' lang='lat' dir='ltr'>qui,</span> <span class='ocrx_word' id='word_1_71' title='bbox 713 1493 783 1542; x_wconf 93' lang='lat' dir='ltr'>non</span> <span class='ocrx_word' id='word_1_72' title='bbox 815 1472 909 1544; x_wconf 84' lang='lat' dir='ltr'>victa</span> <span class='ocrx_word' id='word_1_73' title='bbox 937 1481 1069 1545; x_wconf 88' lang='lat' dir='ltr'>tantum</span> <span class='ocrx_word' id='word_1_74' title='bbox 1105 1471 1168 1545; x_wconf 90' lang='lat' dir='ltr'>sed</span> 
     </span>
     <span class='ocr_line' id='line_1_11' title="bbox 84 1595 1166 1688; baseline 0.001 -24"><span class='ocrx_word' id='word_1_75' title='bbox 84 1617 209 1666; x_wconf 91' lang='lat' dir='ltr'>eversa</span> <span class='ocrx_word' id='word_1_76' title='bbox 250 1595 473 1687; x_wconf 80' lang='lat' dir='ltr'>Carthagine,</span> <span class='ocrx_word' id='word_1_77' title='bbox 509 1599 709 1688; x_wconf 81' lang='lat' dir='ltr'>transfugas</span> <span class='ocrx_word' id='word_1_78' title='bbox 747 1595 838 1667; x_wconf 88' lang='lat' dir='ltr'>inter</span> <span class='ocrx_word' id='word_1_79' title='bbox 875 1596 1031 1669; x_wconf 90' lang='lat' dir='ltr'>victoriae</span> <span class='ocrx_word' id='word_1_80' title='bbox 1064 1595 1166 1668; x_wconf 92' lang='lat' dir='ltr'>ludos</span> 
     </span>
     <span class='ocr_line' id='line_1_12' title="bbox 84 1718 1167 1812; baseline 0.004 -24"><span class='ocrx_word' id='word_1_81' title='bbox 84 1721 210 1812; x_wconf 92' lang='lat' dir='ltr'>populo</span> <span class='ocrx_word' id='word_1_82' title='bbox 244 1728 423 1811; x_wconf 86' lang='lat' dir='ltr'>spectante</span> <span class='ocrx_word' id='word_1_83' title='bbox 450 1719 631 1790; x_wconf 88' lang='lat' dir='ltr'>laniandos</span> <span class='ocrx_word' id='word_1_84' title='bbox 657 1720 739 1790; x_wconf 84' lang='lat' dir='ltr'>feris</span> <span class='ocrx_word' id='word_1_85' title='bbox 767 1718 934 1791; x_wconf 85' lang='lat' dir='ltr'>edacibus</span> <span class='ocrx_word' id='word_1_86' title='bbox 961 1720 1104 1792; x_wconf 91' lang='lat' dir='ltr'>obtulit:</span> <span class='ocrx_word' id='word_1_87' title='bbox 1132 1732 1167 1792; x_wconf 91' lang='lat' dir='ltr'>et</span> 
     </span>
     <span class='ocr_line' id='line_1_13' title="bbox 84 1840 1166 1934; baseline 0.002 -22"><span class='ocrx_word' id='word_1_88' title='bbox 84 1842 242 1912; x_wconf 90' lang='lat' dir='ltr'>AEmilius</span> <span class='ocrx_word' id='word_1_89' title='bbox 270 1842 409 1925; x_wconf 76' lang='lat' dir='ltr'>Paulae,</span> <span class='ocrx_word' id='word_1_90' title='bbox 444 1840 504 1934; x_wconf 93' lang='lat' dir='ltr'>qui</span> <span class='ocrx_word' id='word_1_91' title='bbox 537 1842 749 1914; x_wconf 86' lang='lat' dir='ltr'>Macedonici</span> <span class='ocrx_word' id='word_1_92' title='bbox 783 1841 862 1913; x_wconf 91' lang='lat' dir='ltr'>helli</span> <span class='ocrx_word' id='word_1_93' title='bbox 894 1843 1021 1926; x_wconf 84' lang='lat' dir='ltr'>victor,</span> <span class='ocrx_word' id='word_1_94' title='bbox 1045 1843 1166 1914; x_wconf 89' lang='lat' dir='ltr'>similis</span> 
     </span>
     <span class='ocr_line' id='line_1_14' title="bbox 83 1964 1165 2058; baseline 0.001 -25"><span class='ocrx_word' id='word_1_95' title='bbox 83 1986 185 2035; x_wconf 86' lang='lat' dir='ltr'>noxae</span> <span class='ocrx_word' id='word_1_96' title='bbox 207 1986 289 2036; x_wconf 89' lang='lat' dir='ltr'>reos</span> <span class='ocrx_word' id='word_1_97' title='bbox 310 1964 555 2058; x_wconf 89' lang='lat' dir='ltr'>elephantibus</span> <span class='ocrx_word' id='word_1_98' title='bbox 575 1966 830 2058; x_wconf 85' lang='lat' dir='ltr'>proculcandos</span> <span class='ocrx_word' id='word_1_99' title='bbox 847 1965 1014 2057; x_wconf 87' lang='lat' dir='ltr'>praebuit,</span> <span class='ocrx_word' id='word_1_100' title='bbox 1034 1964 1165 2036; x_wconf 90' lang='lat' dir='ltr'>salubri</span> 
     </span>
     <span class='ocr_line' id='line_1_15' title="bbox 83 2087 1163 2170; baseline -0.001 -12"><span class='ocrx_word' id='word_1_101' title='bbox 83 2110 201 2159; x_wconf 91' lang='lat' dir='ltr'>omnes</span> <span class='ocrx_word' id='word_1_102' title='bbox 223 2099 259 2159; x_wconf 93' lang='lat' dir='ltr'>et</span> <span class='ocrx_word' id='word_1_103' title='bbox 278 2087 496 2159; x_wconf 87' lang='lat' dir='ltr'>memorabili</span> <span class='ocrx_word' id='word_1_104' title='bbox 516 2087 741 2170; x_wconf 91' lang='lat' dir='ltr'>document0,</span> <span class='ocrx_word' id='word_1_105' title='bbox 758 2088 786 2157; x_wconf 92' lang='lat' dir='ltr'>si</span> <span class='ocrx_word' id='word_1_106' title='bbox 806 2089 910 2158; x_wconf 93' lang='lat' dir='ltr'>modo</span> <span class='ocrx_word' id='word_1_107' title='bbox 924 2088 1052 2159; x_wconf 90' lang='lat' dir='ltr'>ducum</span> <span class='ocrx_word' id='word_1_108' title='bbox 1068 2089 1163 2158; x_wconf 94' lang='lat' dir='ltr'>viro-</span> 
     </span>
     <span class='ocr_line' id='line_1_16' title="bbox 47 2210 1161 2304; baseline 0.002 -24"><span class='ocrx_word' id='word_1_109' title='bbox 47 2294 49 2299; x_wconf 16' lang='lat'>,</span> <span class='ocrx_word' id='word_1_110' title='bbox 83 2233 230 2303; x_wconf 88' lang='lat' dir='ltr'>rumque</span> <span class='ocrx_word' id='word_1_111' title='bbox 256 2212 441 2281; x_wconf 87' lang='lat' dir='ltr'>illustrium</span> <span class='ocrx_word' id='word_1_112' title='bbox 468 2210 595 2283; x_wconf 87' lang='lat' dir='ltr'>iudicia</span> <span class='ocrx_word' id='word_1_113' title='bbox 627 2233 669 2282; x_wconf 90' lang='lat' dir='ltr'>eo</span> <span class='ocrx_word' id='word_1_114' title='bbox 702 2211 889 2297; x_wconf 87' lang='lat' dir='ltr'>trahimus,</span> <span class='ocrx_word' id='word_1_115' title='bbox 923 2234 994 2304; x_wconf 89' lang='lat' dir='ltr'>quo</span> <span class='ocrx_word' id='word_1_116' title='bbox 1026 2213 1161 2282; x_wconf 91' lang='lat' dir='ltr'>illorum</span> 
     </span>
     <span class='ocr_line' id='line_1_17' title="bbox 81 2333 1162 2430; baseline 0.001 -26"><span class='ocrx_word' id='word_1_117' title='bbox 81 2335 193 2406; x_wconf 84' lang='lat' dir='ltr'>uirtus</span> <span class='ocrx_word' id='word_1_118' title='bbox 215 2344 251 2407; x_wconf 93' lang='lat' dir='ltr'>et</span> <span class='ocrx_word' id='word_1_119' title='bbox 271 2335 381 2426; x_wconf 81' lang='lat' dir='ltr'>gloria</span> <span class='ocrx_word' id='word_1_120' title='bbox 407 2344 599 2420; x_wconf 90' lang='lat' dir='ltr'>merentur,</span> <span class='ocrx_word' id='word_1_121' title='bbox 627 2356 741 2428; x_wconf 93' lang='lat' dir='ltr'>neque</span> <span class='ocrx_word' id='word_1_122' title='bbox 769 2333 857 2406; x_wconf 91' lang='lat' dir='ltr'>livor</span> <span class='ocrx_word' id='word_1_123' title='bbox 883 2335 1056 2430; x_wconf 87' lang='lat' dir='ltr'>interpres</span> <span class='ocrx_word' id='word_1_124' title='bbox 1082 2356 1162 2427; x_wconf 89' lang='lat' dir='ltr'>pes-</span> 
     </span>
     <span class='ocr_line' id='line_1_18' title="bbox 83 2457 1163 2552; baseline 0 -24"><span class='ocrx_word' id='word_1_125' title='bbox 83 2459 190 2530; x_wconf 89' lang='lat' dir='ltr'>simus</span> <span class='ocrx_word' id='word_1_126' title='bbox 228 2460 333 2530; x_wconf 84' lang='lat' dir='ltr'>iustae</span> <span class='ocrx_word' id='word_1_127' title='bbox 371 2457 551 2529; x_wconf 88' lang='lat' dir='ltr'>severitati</span> <span class='ocrx_word' id='word_1_128' title='bbox 588 2457 750 2552; x_wconf 87' lang='lat' dir='ltr'>superbae</span> <span class='ocrx_word' id='word_1_129' title='bbox 785 2457 998 2528; x_wconf 89' lang='lat' dir='ltr'>crudelitatis</span> <span class='ocrx_word' id='word_1_130' title='bbox 1035 2479 1163 2530; x_wconf 88' lang='lat' dir='ltr'>nomen</span> 
     </span>
     <span class='ocr_line' id='line_1_19' title="bbox 81 2581 1161 2676; baseline 0.004 -26"><span class='ocrx_word' id='word_1_131' title='bbox 81 2583 259 2676; x_wconf 91' lang='lat' dir='ltr'>imponere</span> <span class='ocrx_word' id='word_1_132' title='bbox 291 2583 425 2666; x_wconf 89' lang='lat' dir='ltr'>nititur,</span> <span class='ocrx_word' id='word_1_133' title='bbox 459 2592 582 2653; x_wconf 90' lang='lat' dir='ltr'>cuncta</span> <span class='ocrx_word' id='word_1_134' title='bbox 615 2581 769 2674; x_wconf 90' lang='lat' dir='ltr'>peiorem</span> <span class='ocrx_word' id='word_1_135' title='bbox 804 2603 944 2673; x_wconf 88' lang='lat' dir='ltr'>semper</span> <span class='ocrx_word' id='word_1_136' title='bbox 968 2582 1003 2651; x_wconf 92' lang='lat' dir='ltr'>in</span> <span class='ocrx_word' id='word_1_137' title='bbox 1029 2591 1161 2674; x_wconf 90' lang='lat' dir='ltr'>partem</span> 
     </span>
     <span class='ocr_line' id='line_1_20' title="bbox 82 2703 1162 2776; baseline 0.001 -2"><span class='ocrx_word' id='word_1_138' title='bbox 82 2706 235 2776; x_wconf 85' lang='lat' dir='ltr'>trahens.</span> <span class='ocrx_word' id='word_1_139' title='bbox 259 2705 359 2776; x_wconf 88' lang='lat' dir='ltr'>Libet</span> <span class='ocrx_word' id='word_1_140' title='bbox 380 2707 471 2775; x_wconf 90' lang='lat' dir='ltr'>enim</span> <span class='ocrx_word' id='word_1_141' title='bbox 494 2705 575 2775; x_wconf 90' lang='lat' dir='ltr'>huic</span> <span class='ocrx_word' id='word_1_142' title='bbox 597 2706 672 2775; x_wconf 89' lang='lat' dir='ltr'>loco</span> <span class='ocrx_word' id='word_1_143' title='bbox 690 2703 891 2775; x_wconf 90' lang='lat' dir='ltr'>adscribere</span> <span class='ocrx_word' id='word_1_144' title='bbox 910 2727 1017 2776; x_wconf 92' lang='lat' dir='ltr'>unum</span> <span class='ocrx_word' id='word_1_145' title='bbox 1034 2704 1162 2776; x_wconf 86' lang='lat' dir='ltr'>Valerii</span> 
     </span>
     <span class='ocr_line' id='line_1_21' title="bbox 81 2826 1162 2921; baseline -0.001 -23"><span class='ocrx_word' id='word_1_146' title='bbox 81 2829 224 2899; x_wconf 83' lang='lat' dir='ltr'>Maximi</span> <span class='ocrx_word' id='word_1_147' title='bbox 247 2851 357 2921; x_wconf 80' lang='lat' dir='ltr'>grave</span> <span class='ocrx_word' id='word_1_148' title='bbox 377 2828 520 2911; x_wconf 89' lang='lat' dir='ltr'>dictum,</span> <span class='ocrx_word' id='word_1_149' title='bbox 544 2827 638 2920; x_wconf 93' lang='lat' dir='ltr'>quod</span> <span class='ocrx_word' id='word_1_150' title='bbox 659 2827 734 2921; x_wconf 93' lang='lat' dir='ltr'>ipse</span> <span class='ocrx_word' id='word_1_151' title='bbox 756 2827 799 2898; x_wconf 88' lang='lat' dir='ltr'>iis</span> <span class='ocrx_word' id='word_1_152' title='bbox 821 2850 862 2898; x_wconf 89' lang='lat' dir='ltr'>ac</span> <span class='ocrx_word' id='word_1_153' title='bbox 888 2826 1014 2898; x_wconf 90' lang='lat' dir='ltr'>talibus</span> <span class='ocrx_word' id='word_1_154' title='bbox 1040 2849 1162 2898; x_wconf 91' lang='lat' dir='ltr'>exem-</span> 
     </span>
     <span class='ocr_line' id='line_1_22' title="bbox 80 2949 1161 3043; baseline 0.002 -24"><span class='ocrx_word' id='word_1_155' title='bbox 80 2951 143 3043; x_wconf 92' lang='lat' dir='ltr'>plis</span> <span class='ocrx_word' id='word_1_156' title='bbox 162 2949 347 3022; x_wconf 85' lang='lat' dir='ltr'>adnexuit:</span> <span class='ocrx_word' id='word_1_157' title='bbox 363 2949 486 3043; x_wconf 86' lang='lat' dir='ltr'>Aspero</span> <span class='ocrx_word' id='word_1_158' title='bbox 504 2955 592 3020; x_wconf 83' lang='lat' dir='ltr'>enirn</span> <span class='ocrx_word' id='word_1_159' title='bbox 610 2952 722 3043; x_wconf 91' lang='lat' dir='ltr'>inquit</span> <span class='ocrx_word' id='word_1_160' title='bbox 736 2962 766 3021; x_wconf 88' lang='lat' dir='ltr'>et</span> <span class='ocrx_word' id='word_1_161' title='bbox 778 2953 917 3021; x_wconf 78' lang='lat' dir='ltr'>abscisso</span> <span class='ocrx_word' id='word_1_162' title='bbox 934 2952 1161 3043; x_wconf 78' lang='lat' dir='ltr'>custr&#39;potioais</span> 
     </span>
     <span class='ocr_line' id='line_1_23' title="bbox 78 3072 1161 3167; baseline 0.003 -26"><span class='ocrx_word' id='word_1_163' title='bbox 78 3096 196 3165; x_wconf 74' lang='lat' dir='ltr'>peracre</span> <span class='ocrx_word' id='word_1_164' title='bbox 217 3075 370 3144; x_wconf 84' lang='lat' dir='ltr'>militaris</span> <span class='ocrx_word' id='word_1_165' title='bbox 391 3072 567 3167; x_wconf 80' lang='lat' dir='ltr'>disciplina</span> <span class='ocrx_word' id='word_1_166' title='bbox 586 3073 723 3164; x_wconf 60' lang='lat' dir='ltr'>indipet</span> <span class='ocrx_word' id='word_1_167' title='bbox 745 3075 824 3165; x_wconf 83' lang='lat' dir='ltr'>quio</span> <span class='ocrx_word' id='word_1_168' title='bbox 846 3075 931 3144; x_wconf 83' lang='lat' dir='ltr'>uires</span> <span class='ocrx_word' id='word_1_169' title='bbox 953 3078 1053 3145; x_wconf 82' lang='lat' dir='ltr'>erutis</span> <span class='ocrx_word' id='word_1_170' title='bbox 1083 3095 1161 3146; x_wconf 83' lang='lat' dir='ltr'>coa-</span> 
     </span>
     <span class='ocr_line' id='line_1_24' title="bbox 78 3195 1160 3291; baseline 0.003 -25"><span class='ocrx_word' id='word_1_171' title='bbox 78 3209 184 3283; x_wconf 81' lang='lat' dir='ltr'>rtent,</span> <span class='ocrx_word' id='word_1_172' title='bbox 221 3220 294 3290; x_wconf 76' lang='lat' dir='ltr'>puta</span> <span class='ocrx_word' id='word_1_173' title='bbox 313 3197 371 3267; x_wconf 83' lang='lat' dir='ltr'>uhi</span> <span class='ocrx_word' id='word_1_174' title='bbox 397 3220 419 3266; x_wconf 86' lang='lat' dir='ltr'>u</span> <span class='ocrx_word' id='word_1_175' title='bbox 450 3211 538 3267; x_wconf 82' lang='lat' dir='ltr'>recto</span> <span class='ocrx_word' id='word_1_176' title='bbox 564 3209 675 3268; x_wconf 82' lang='lat' dir='ltr'>tenore</span> <span class='ocrx_word' id='word_1_177' title='bbox 712 3195 923 3279; x_wconf 80' lang='lat' dir='ltr'>desciverint,</span> <span class='ocrx_word' id='word_1_178' title='bbox 964 3220 1160 3291; x_wconf 81' lang='lat' dir='ltr'>oppressura</span> 
     </span>
     <span class='ocr_line' id='line_1_25' title="bbox 78 3320 1159 3414; baseline 0.002 -26"><span class='ocrx_word' id='word_1_179' title='bbox 78 3331 155 3388; x_wconf 82' lang='lat' dir='ltr'>sunt</span> <span class='ocrx_word' id='word_1_180' title='bbox 196 3322 264 3389; x_wconf 78' lang='lat' dir='ltr'>nt&#39;si</span> <span class='ocrx_word' id='word_1_181' title='bbox 306 3323 546 3413; x_wconf 74' lang='lat' dir='ltr'>opprimentur.</span> <span class='ocrx_word' id='word_1_182' title='bbox 579 3320 700 3414; x_wconf 92' lang='lat' dir='ltr'>Neque</span> <span class='ocrx_word' id='word_1_183' title='bbox 732 3343 818 3392; x_wconf 83' lang='lat' dir='ltr'>vero</span> <span class='ocrx_word' id='word_1_184' title='bbox 852 3321 1091 3393; x_wconf 89' lang='lat' dir='ltr'>tantummodo</span> <span class='ocrx_word' id='word_1_185' title='bbox 1124 3322 1159 3390; x_wconf 92' lang='lat' dir='ltr'>in</span> 
     </span>
     <span class='ocr_line' id='line_1_26' title="bbox 80 3443 1159 3536; baseline 0.002 -25"><span class='ocrx_word' id='word_1_186' title='bbox 80 3462 161 3515; x_wconf 89' lang='lat' dir='ltr'>suos</span> <span class='ocrx_word' id='word_1_187' title='bbox 189 3443 297 3515; x_wconf 89' lang='lat' dir='ltr'>duces</span> <span class='ocrx_word' id='word_1_188' title='bbox 324 3452 428 3536; x_wconf 83' lang='lat' dir='ltr'>atque</span> <span class='ocrx_word' id='word_1_189' title='bbox 454 3444 647 3529; x_wconf 89' lang='lat' dir='ltr'>exercitus,</span> <span class='ocrx_word' id='word_1_190' title='bbox 678 3444 799 3515; x_wconf 91' lang='lat' dir='ltr'>sedin</span> <span class='ocrx_word' id='word_1_191' title='bbox 828 3445 939 3516; x_wconf 91' lang='lat' dir='ltr'>socios</span> <span class='ocrx_word' id='word_1_192' title='bbox 960 3445 1159 3536; x_wconf 90' lang='lat' dir='ltr'>incorrupta</span> 
     </span>
     <span class='ocr_line' id='line_1_27' title="bbox 39 3566 1161 3662; baseline 0.001 -26"><span class='ocrx_word' id='word_1_193' title='bbox 39 3639 42 3646; x_wconf 72' lang='grc'>,</span> <span class='ocrx_word' id='word_1_194' title='bbox 77 3567 259 3638; x_wconf 91' lang='lat' dir='ltr'>constabat</span> <span class='ocrx_word' id='word_1_195' title='bbox 284 3566 383 3638; x_wconf 84' lang='lat' dir='ltr'>fides</span> <span class='ocrx_word' id='word_1_196' title='bbox 406 3568 492 3637; x_wconf 87' lang='lat' dir='ltr'>Nam</span> <span class='ocrx_word' id='word_1_197' title='bbox 522 3567 603 3661; x_wconf 91' lang='lat' dir='ltr'>quis</span> <span class='ocrx_word' id='word_1_198' title='bbox 629 3571 758 3657; x_wconf 81' lang='lat' dir='ltr'>fallere,</span> <span class='ocrx_word' id='word_1_199' title='bbox 787 3569 866 3661; x_wconf 87' lang='lat' dir='ltr'>quis</span> <span class='ocrx_word' id='word_1_200' title='bbox 891 3569 999 3639; x_wconf 89' lang='lat' dir='ltr'>furari</span> <span class='ocrx_word' id='word_1_201' title='bbox 1026 3567 1161 3662; x_wconf 88' lang='lat' dir='ltr'>praeda-</span> 
     </span>
     <span class='ocr_line' id='line_1_28' title="bbox 78 3689 1161 3784; baseline 0.001 -26"><span class='ocrx_word' id='word_1_202' title='bbox 78 3689 151 3761; x_wconf 83' lang='lat' dir='ltr'>rive</span> <span class='ocrx_word' id='word_1_203' title='bbox 185 3690 315 3784; x_wconf 91' lang='lat' dir='ltr'>aliquid</span> <span class='ocrx_word' id='word_1_204' title='bbox 346 3691 504 3777; x_wconf 89' lang='lat' dir='ltr'>auderet,</span> <span class='ocrx_word' id='word_1_205' title='bbox 531 3690 615 3763; x_wconf 94' lang='lat' dir='ltr'>dum</span> <span class='ocrx_word' id='word_1_206' title='bbox 643 3691 860 3762; x_wconf 89' lang='lat' dir='ltr'>meminisset</span> <span class='ocrx_word' id='word_1_207' title='bbox 884 3703 922 3762; x_wconf 91' lang='lat' dir='ltr'>ut</span> <span class='ocrx_word' id='word_1_208' title='bbox 946 3691 1074 3761; x_wconf 91' lang='lat' dir='ltr'>milites</span> <span class='ocrx_word' id='word_1_209' title='bbox 1100 3691 1161 3782; x_wconf 90' lang='lat' dir='ltr'>qui</span> 
     </span>
     <span class='ocr_line' id='line_1_29' title="bbox 77 3813 1160 3907; baseline 0.003 -27"><span class='ocrx_word' id='word_1_210' title='bbox 77 3813 213 3904; x_wconf 80' lang='lat' dir='ltr'>regium</span> <span class='ocrx_word' id='word_1_211' title='bbox 235 3814 270 3883; x_wconf 92' lang='lat' dir='ltr'>in</span> <span class='ocrx_word' id='word_1_212' title='bbox 293 3814 495 3907; x_wconf 89' lang='lat' dir='ltr'>praesidium</span> <span class='ocrx_word' id='word_1_213' title='bbox 517 3816 628 3901; x_wconf 92' lang='lat' dir='ltr'>missi,</span> <span class='ocrx_word' id='word_1_214' title='bbox 651 3815 809 3886; x_wconf 91' lang='lat' dir='ltr'>mactatis</span> <span class='ocrx_word' id='word_1_215' title='bbox 838 3815 968 3885; x_wconf 86' lang='lat' dir='ltr'>nelarie</span> <span class='ocrx_word' id='word_1_216' title='bbox 995 3813 1160 3907; x_wconf 91' lang='lat' dir='ltr'>principi-</span> 
     </span>
     <span class='ocr_line' id='line_1_30' title="bbox 77 3920 1160 4030; baseline 0.003 -27"><span class='ocrx_word' id='word_1_217' title='bbox 77 3933 142 4006; x_wconf 84' lang='lat' dir='ltr'>hu&#39;s</span> <span class='ocrx_word' id='word_1_218' title='bbox 164 3935 331 4022; x_wconf 67' lang='lat' dir='ltr'>civitatis</span> <span class='ocrx_word' id='word_1_219' title='bbox 353 3920 465 4030; x_wconf 88' lang='lat' dir='ltr'>ipsam</span> <span class='ocrx_word' id='word_1_220' title='bbox 488 3937 554 4008; x_wconf 91' lang='lat' dir='ltr'>sibi</span> <span class='ocrx_word' id='word_1_221' title='bbox 569 3938 754 4011; x_wconf 90' lang='lat' dir='ltr'>crudeliter</span> <span class='ocrx_word' id='word_1_222' title='bbox 768 3944 993 4029; x_wconf 89' lang='lat' dir='ltr'>usurparunt,</span> <span class='ocrx_word' id='word_1_223' title='bbox 1013 3945 1047 4006; x_wconf 93' lang='lat' dir='ltr'>et</span> <span class='ocrx_word' id='word_1_224' title='bbox 1060 3946 1160 4008; x_wconf 92' lang='lat' dir='ltr'>erant</span> 
     </span>
     <span class='ocr_line' id='line_1_31' title="bbox 77 4057 1160 4153; baseline 0.004 -27"><span class='ocrx_word' id='word_1_225' title='bbox 77 4057 182 4130; x_wconf 89' lang='lat' dir='ltr'>millia</span> <span class='ocrx_word' id='word_1_226' title='bbox 205 4058 384 4131; x_wconf 91' lang='lat' dir='ltr'>hominurn</span> <span class='ocrx_word' id='word_1_227' title='bbox 405 4069 570 4153; x_wconf 91' lang='lat' dir='ltr'>quatuor,</span> <span class='ocrx_word' id='word_1_228' title='bbox 585 4072 624 4134; x_wconf 92' lang='lat' dir='ltr'>ut</span> <span class='ocrx_word' id='word_1_229' title='bbox 637 4061 759 4134; x_wconf 87' lang='lat' dir='ltr'>Livius</span> <span class='ocrx_word' id='word_1_230' title='bbox 774 4061 837 4145; x_wconf 93' lang='lat' dir='ltr'>ait,</span> <span class='ocrx_word' id='word_1_231' title='bbox 854 4058 899 4131; x_wconf 91' lang='lat' dir='ltr'>ad</span> <span class='ocrx_word' id='word_1_232' title='bbox 917 4081 1023 4129; x_wconf 90' lang='lat' dir='ltr'>unum</span> <span class='ocrx_word' id='word_1_233' title='bbox 1038 4079 1160 4130; x_wconf 89' lang='lat' dir='ltr'>omues</span> 
     </span>
     <span class='ocr_line' id='line_1_32' title="bbox 78 4178 1157 4279; baseline 0.003 -30"><span class='ocrx_word' id='word_1_234' title='bbox 78 4178 186 4273; x_wconf 82' lang='lat' dir='ltr'>virgis</span> <span class='ocrx_word' id='word_1_235' title='bbox 208 4192 322 4256; x_wconf 82' lang='lat' dir='ltr'>caesos</span> <span class='ocrx_word' id='word_1_236' title='bbox 345 4183 599 4278; x_wconf 87' lang='lat' dir='ltr'>securibusque</span> <span class='ocrx_word' id='word_1_237' title='bbox 619 4205 807 4279; x_wconf 87' lang='lat' dir='ltr'>percussos</span> <span class='ocrx_word' id='word_1_238' title='bbox 829 4183 1029 4255; x_wconf 89' lang='lat' dir='ltr'>inhumatos</span> <span class='ocrx_word' id='word_1_239' title='bbox 1057 4183 1157 4253; x_wconf 90' lang='lat' dir='ltr'>abiici</span> 
     </span>
    </p>
   </div>
   <div class='ocr_carea' id='block_1_3' title="bbox 0 0 1374 4680">
    <p class='ocr_par' dir='ltr' id='par_1_3' title="bbox 0 0 1374 4680">
     <span class='ocr_line' id='line_1_33' title="bbox 0 0 1374 4680; baseline 0 2"><span class='ocrx_word' id='word_1_240' title='bbox 0 0 1374 4680; x_wconf 95' lang='lat' dir='ltr'> </span> 
     </span>
    </p>
   </div>
  </div>
 </body>
</html>
