2738 4680
236 335 328 383 cinna
350 334 514 385 vicesimus
535 334 922 386 sedunens-nmmum
943 340 1005 388 xiv.
1103 328 1158 389 llll

78 501 183 573 quam
203 479 356 552 hostiurn
377 478 599 562 domitorem,
619 489 656 550 nt
677 479 711 548 in
730 484 950 572 paccatum,
971 504 1038 553 uon
1057 483 1161 555 modo

79 601 234 697 plebeios
257 601 320 674 sed
347 624 410 674 nec
436 602 629 672 inamoenos
656 603 797 693 quidem
823 615 858 676 et
883 604 1036 678 insulsos
1062 605 1160 678 cibos

79 736 339 820 aspernaretur.
361 715 562 816 Augustum
582 723 649 796 cibi
670 725 803 797 minimi
825 749 865 798 ac
889 731 1047 820 vulgaris
1072 732 1159 815 lere,

80 849 187 941 etqui
203 847 396 919 secundum
416 870 540 940 panem
555 856 591 919 et
605 849 788 940 pisciculos
804 850 955 921 minutos
970 861 1006 922 et
1017 873 1160 923 caseum

80 970 250 1043 bubulum
272 993 376 1042 mann
400 993 561 1064 pressum
583 966 617 1042 e't
638 969 726 1042 licus
746 972 879 1045 virides
900 972 1028 1046 biferas
1049 976 1163 1047 maxi-

83 1118 137 1167 me
157 1093 353 1189 appetebat.
368 1094 582 1165 Hadrianum
597 1116 701 1186 parce
720 1116 761 1164 ao
779 1095 972 1168 militariter
985 1098 1161 1169 viventem

83 1218 240 1310 cibisque
257 1217 497 1289 castrensibus
520 1219 554 1287 in
574 1219 755 1309 propatulo
776 1216 923 1290 libenter
940 1220 988 1290 uti
1007 1221 1161 1305 solitum,

84 1341 218 1414 honest
232 1341 340 1426 lardo,
362 1336 468 1412 casco
488 1350 524 1411 et
544 1361 666 1432 posca,
689 1344 851 1434 exemplo
868 1341 1037 1434 Scipionis
1055 1344 1164 1415 AEmi-

85 1466 163 1536 liani
184 1477 220 1536 el
244 1464 371 1537 Metelli
396 1475 432 1536 et
457 1465 610 1534 auctoris
638 1463 692 1534 sui
720 1465 866 1535 Traiani.
894 1465 976 1537 Haec
1001 1468 1094 1565 epim
1119 1467 1165 1539 de

84 1590 139 1675 iis,
161 1599 199 1660 ut
221 1589 373 1660 minores
395 1588 530 1672 sileam,
559 1609 579 1658 a
605 1588 784 1680 praeclaris
804 1588 1008 1661 auctoribus
1036 1592 1163 1686 scripta

86 1726 176 1788 sunt.
198 1713 309 1795 Quem
330 1733 498 1782 veronen
513 1711 660 1804 puderet
673 1713 824 1805 turpium
838 1712 1060 1786 dominorum
1073 1717 1165 1806 gulae

86 1858 123 1907 ac
143 1836 278 1906 ventris
300 1856 381 1905 esse
402 1834 627 1927 mancipium,
651 1832 732 1905 dum
761 1835 898 1905 audiret
922 1846 984 1907 aut
1006 1848 1167 1909 cerneret

87 1968 199 2031 lautos
226 1959 455 2051 imperatores
481 1959 528 2029 ita
553 1959 700 2029 vivere‘l
725 1958 967 2029 Assueverant
996 1971 1167 2054 praeterea

87 2081 211 2153 milites
237 2101 300 2173 pro
327 2080 493 2173 qualitate
521 2079 685 2151 facinoris
720 2102 857 2173 poenam
891 2092 952 2152 aut
983 2084 1165 2174 praemium

87 2229 240 2302 sperare.
262 2207 383 2298 Neque
400 2205 490 2276 enim
512 2215 573 2276 aut
592 2206 765 2276 occultum
783 2204 928 2298 aliquid,
957 2215 1018 2276 aut
1049 2207 1169 2297 negle-

87 2342 178 2402 ctum
202 2329 356 2400 iudicum
388 2327 455 2398 sub
472 2328 705 2398 aestimatione
724 2338 898 2399 tantorum
919 2325 1003 2418 fingi
1024 2338 1167 2419 poterut.

88 2453 284 2524 Cernebant
305 2438 440 2523 statuas
462 2450 651 2542 insignium
673 2450 897 2534 bellatorum,
920 2448 1087 2522 videbant
1112 2472 1170 2522 co·

89 2598 190 2648 renas
210 2576 354 2656 civicas,
373 2576 539 2655 murales,
555 2574 801 2647 obsidionales.
818 2573 1016 2646 Audiebant
1029 2574 1168 2646 Cosium

89 2702 248 2772 Scaevam
263 2697 308 2770 ob
321 2696 512 2768 inauditam
526 2679 780 2791 etstupendam
797 2722 959 2792 pugnam,
976 2722 1046 2792 qua
1061 2709 1169 2770 totum

89 2821 276 2896 Britannici
292 2822 469 2893 exercilus
483 2822 649 2915 impetum
664 2843 734 2892 uno
747 2833 887 2915 pectore
902 2843 1040 2915 unoque
1057 2822 1170 2894 victor

89 2947 240 3020 umbone
265 2947 478 3040 propulerat,
508 2945 553 3015 ab
586 2947 644 3015 illo
678 2945 814 3016 martiae
845 2947 985 3016 virtutis
1016 2945 1171 3018 aestima-

91 3083 162 3143 tore
185 3068 380 3162 praecipuo‚
402 3068 502 3139 cuins
521 3080 621 3160 gesta
643 3068 840 3140 subuculis
862 3091 919 3141 ros
939 3079 1025 3154 erat,
1045 3069 1172 3140 Centu-

90 3195 246 3266 rionatus
274 3190 470 3283 insignibus
497 3203 717 3263 exornatum.
745 3193 892 3263 Lucium
920 3195 1105 3264 Dentatum
1126 3191 1171 3263 ob

90 3318 293 3389 innumeras
323 3314 617 3407 incredibilesque
648 3315 826 3401 victorias,
859 3338 927 3387 non
955 3317 1057 3389 unius
1084 3315 1172 3385 mili-

92 3443 149 3527 tis,
173 3440 238 3513 sed
258 3442 407 3531 integrm
428 3439 574 3531 legionis
595 3439 735 3510 exuviis
757 3451 932 3511 onustum.
954 3441 1009 3510 llx
1029 3439 1173 3509 diverso

91 3576 208 3636 autem
223 3574 362 3657 propter
376 3562 551 3653 ignaviam
566 3573 704 3634 notatas
719 3563 858 3635 infamia
873 3563 1038 3654 legiones
1053 3560 1173 3632 adem·
1232 3642 1235 3646 ,

92 3700 168 3780 ptos
195 3707 324 3780 equos,
347 3708 459 3771 arma,
480 3687 600 3779 patriae
618 3697 857 3780 conspectum,
878 3705 1005 3778 pugnae
1019 3681 1171 3774 copiam:

93 3813 266 3907 siquidem
289 3820 324 3882 et
345 3819 525 3903 promptus
547 3811 592 3882 ad
605 3809 748 3906 praemia
765 3808 892 3900 estqui
912 3807 1054 3901 praemio
1067 3805 1174 3896 digna

94 3938 294 4022 meditatur,
316 3944 352 4007 et
370 3934 481 4005 durus
503 3934 548 4007 ad
570 3934 707 4005 veniam
730 3933 859 4026 quivel
875 3932 921 4002 nil
936 3929 1174 4019 veniaeegens

94 4061 178 4151 agit,
201 4061 260 4131 vel
282 4060 310 4130 si
338 4055 422 4151 quid
447 4057 632 4142 erraverit,
655 4057 739 4128 nihil
761 4056 836 4151 ipse
863 4054 927 4125 sibi
952 4074 1097 4146 parcere
1119 4074 1176 4125 so-

96 4182 169 4255 leat.
193 4183 340 4275 Semper
361 4181 467 4273 igitur
487 4190 522 4252 et
544 4179 694 4252 hostium
718 4178 838 4274 spoliis
859 4190 894 4250 et
919 4176 1051 4250 meritis
1078 4188 1175 4268 terga
