2738 4680
255 322 347 370 urnnu
370 322 534 372 vrunsrnus
555 324 774 373 sisennus·
789 324 942 373 srrsronn
965 327 1026 373 xiv.
1126 315 1184 377 toa

102 462 251 556 regrinis
276 464 409 558 poculis
434 474 567 551 eestuet,
596 465 746 561 inopiam
770 489 810 540 ac
830 467 1004 540 delectum
1030 480 1066 542 et
1091 470 1182 542 sitiru

105 595 205 658 vocat
225 586 501 674 intollerabilem,
526 608 607 682 quae
637 591 754 682 sugam
785 614 937 686 quaeque
970 595 1184 669 deditionem

103 709 313 781 sufficienter
332 721 487 782 excuset.
516 712 578 783 Hic
603 717 777 806 profectus
805 717 855 788 rei
881 716 1036 790 bellicae:
1063 721 1114 793 sic
1139 721 1184 793 ab

103 833 210 904 armis
232 834 277 904 nd
297 847 417 930 cyatos
438 836 597 910 militaris
619 837 761 910 ambitio
784 842 977 933 processit:
1006 865 1073 916 non
1099 869 1185 938 qua-

105 956 181 1028 liter
202 967 375 1052 pugnent,
398 958 463 1031 sed
483 959 632 1052 qualiter
653 971 772 1055 potent
784 974 887 1056 atque
904 964 1119 1038 inebrientur
1130 984 1185 1041 est

105 1072 270 1172 quaestio,
293 1102 363 1172 qua
383 1103 463 1152 curn
485 1081 646 1155 hostibus
667 1085 827 1156 foederati
849 1096 937 1158 totos
957 1088 1033 1159 dies
1047 1101 1187 1163 noctes-

107 1225 176 1295 que
196 1224 275 1273 cum
296 1204 592 1278 commilitonibus
610 1206 792 1278 decertant
820 1211 909 1295 suis,
939 1221 973 1283 et
993 1214 1050 1284 ille
1075 1215 1187 1287 victor

106 1325 340 1418 lamosiorque
360 1327 418 1419 qui
441 1328 515 1398 vini
541 1329 701 1420 capacior
727 1332 970 1426 profusiorque
996 1345 1052 1406 est
1077 1338 1185 1410 miles.

107 1447 209 1519 Venit
229 1448 263 1519 in
286 1449 351 1520 hoc
372 1472 502 1541 genere
522 1450 700 1524 hominum
717 1453 807 1547 (solo
827 1455 975 1552 utinam)
989 1460 1085 1552 quod
1102 1483 1187 1533 ven-

108 1582 223 1645 tururn
245 1573 455 1645 vaticinatus
473 1585 527 1646 est
541 1576 686 1648 Seneca:
702 1579 873 1649 habebitur
886 1581 998 1674 iuquit
1010 1584 1189 1674 aliquando

108 1700 261 1769 ebrietati
288 1701 410 1781 honor,
442 1709 472 1768 et
494 1700 678 1791 plurimam
710 1703 796 1772 meri
827 1705 949 1796 cepisse
980 1707 1087 1778 virtus
1116 1711 1187 1778 crit.

108 1821 169 1892 His
193 1831 229 1892 ιιι
249 1821 418 1892 institutis
439 1821 548 1891 ethis
567 1821 693 1895 studiis
713 1846 878 1915 magnum
897 1827 1027 1919 aliquid
1046 1837 1191 1924 speres&l

108 1945 186 2017 lure
216 1947 304 2015 tales
330 1944 448 2016 exitus
476 1967 590 2016 rerum
618 1956 700 2016 snut
725 1948 848 2038 quales
874 1946 1052 2021 ebriorum
1077 1951 1189 2023 decet.

107 2070 327 2162 Quamquam
350 2069 444 2161 quod
463 2068 618 2140 infelices
640 2069 713 2139 ltali
733 2072 788 2140 vel
806 2070 1030 2144 dissimulant
1046 2077 1103 2145 vel
1122 2097 1190 2147 non
1214 2064 1216 2083 ³

108 2192 241 2276 vident,
272 2193 348 2263 haec
375 2194 547 2264 latronum
574 2192 668 2263 acies
694 2215 762 2262 uon
788 2193 833 2264 ad
860 2196 1019 2288 praelium
1053 2197 1114 2268 sed
1148 2201 1191 2271 acl

110 2317 266 2410 praedam
285 2327 390 2409 atque
407 2315 451 2387 ad
471 2328 589 2409 potum
608 2317 736 2386 nostris
756 2316 863 2408 degat
881 2315 1068 2390 infinibus.
1084 2322 1191 2392 Vetus

111 2443 251 2511 malum.
274 2441 441 2531 Legimus
459 2450 599 2530 gentem
619 2440 710 2510 illam
724 2442 864 2533 frugum
882 2453 917 2513 et
931 2443 1108 2537 praecipue
1120 2443 1192 2514 vini

40 2602 42 2604 ·
109 2560 295 2638 dulcedine
314 2561 464 2654 primum
483 2563 564 2632 olim
587 2563 622 2632 in
644 2562 776 2633 ltaliam
799 2561 1074 2649 transcendisse,
1098 2568 1193 2658 qnod

112 2686 242 2758 utinam
257 2685 432 2777 hodieque
448 2707 516 2754 non
534 2693 603 2755 tarn
613 2684 739 2779 cupide
754 2687 915 2771 lacerent,
926 2707 1062 2780 nosque
1077 2689 1195 2781 prehi-

111 2807 241 2881 bitores
260 2807 295 2877 in
316 2809 435 2879 limine
456 2818 492 2879 et
512 2829 580 2878 non
599 2807 712 2899 magis
727 2806 917 2879 imitatores
936 2808 1082 2882 insaniae
1095 2832 1195 2902 repe-

113 2932 238 3004 rirent:
257 2955 327 3024 quo
346 2931 383 3004 lit
406 2942 442 3004 ut
459 2931 625 3026 paulatim
646 2943 770 3003 cuncta
791 2933 1013 3023 degenerent,
1039 2956 1113 3005 mos
1134 2957 1195 3028 pa-

114 3058 215 3140 trius,
246 3076 375 3140 sermo,
407 3055 564 3140 habitus,
592 3056 675 3127 vitae
706 3056 833 3127 modus
859 3056 953 3127 domi
984 3057 1192 3150 militiaeque,

114 3180 278 3274 quodque
297 3179 532 3272 nequidquam
547 3179 645 3271 queri
660 3180 769 3262 soleo,
786 3180 984 3251 laventibus
999 3181 1114 3266 nobis,
1130 3182 1195 3253 lta-

114 3305 158 3377 lia
179 3305 272 3387 haec,
290 3325 394 3396 qnam
408 3302 474 3373 etsi
490 3323 559 3372 non
575 3301 706 3373 videris
721 3304 822 3396 plane
836 3306 943 3387 nosti,
959 3304 1053 3375 dictu
1069 3305 1192 3375 mirum

113 3440 148 3500 et
168 3430 226 3500 vel
245 3425 403 3498 hostibus
425 3423 679 3513 miserandum,
695 3425 729 3494 in
749 3428 978 3497 truculentam
997 3426 1194 3498 barbariem

115 3554 382 3624 transformetur
396 3576 403 3618 :
417 3550 517 3619 cuius
533 3548 693 3630 monstri,
710 3548 909 3642 prodigiosa
923 3549 1001 3620 licet
1013 3550 1196 3622 delectatio

117 3677 160 3747 sit
180 3674 328 3760 insanis,
359 3695 463 3765 quam
500 3682 614 3745 tamen
647 3672 806 3768 patribus
833 3675 1000 3745 rationem
1025 3673 1194 3745 reddituri

117 3800 227 3869 simus
248 3819 318 3868 non
345 3796 507 3888 intelligo.
531 3796 599 3867 Sed
621 3797 665 3866 de
691 3796 758 3868 hcc
784 3817 880 3890 saepe
906 3798 1015 3867 multa
1041 3819 1107 3867 nec
1133 3821 1198 3868 un·
1238 3839 1244 3849 ·

117 3944 222 4015 quam
243 3920 329 3992 satis
349 3921 455 3991 multa
474 3919 638 3991 disserui.
656 3919 756 3989 Nunc
774 3941 938 4012 peragam
953 3919 1048 4023 quod
1073 3921 1196 4014 incepi.

119 4045 207 4129 Quid
229 4054 286 4116 est
305 4064 391 4134 ergo
411 4042 506 4135 qnod
526 4042 691 4112 miremur
712 4042 741 4112 si
762 4042 855 4136 apud
873 4064 937 4113 nos
962 4052 998 4112 et
1024 4046 1197 4135 sepultum

121 4168 301 4262 imperium
323 4175 359 4238 et
379 4165 518 4237 libertas
540 4185 710 4257 oppressa
730 4175 799 4249 cst,
822 4174 881 4236 aut
907 4166 935 4235 si
964 4176 1083 4239 nostre
1109 4188 1200 4237 nunc
1278 4228 1283 4237 .
