2934 4650
220 295 277 353 tlt
682 305 845 354 vilamauri

218 449 299 530 latii,
337 448 383 517 iu⁴
404 470 474 540 quo
503 449 728 520 celeberrima
757 447 900 518 iusririae
926 445 1031 515 sedes
1060 455 1160 529 erat,
1193 444 1320 516 laniare

219 592 280 663 pro
298 570 391 640 libito
409 572 505 641 cives
529 581 674 640 vestros.
696 569 765 639 Obl
791 582 955 659 tempora,
974 567 1039 637 oh!
1064 569 1215 637 mores!
1237 565 1317 636 libet

217 693 310 762 enim
334 695 533 763 exclamare
558 715 637 762 cum
660 693 778 762 Tullio.
803 693 878 780 Ego
899 689 1039 780 quidem
1070 713 1166 782 puer
1194 685 1314 760 audie-

218 816 295 886 bam
320 816 468 884 mainres
486 823 569 884 natu
593 835 734 884 narrare
753 813 874 884 solitos
896 813 1013 906 populi
1036 813 1135 883 illius
1161 813 1310 883 virtutes

217 937 433 1007 omnimodas
455 937 691 1026 eximiamque
712 934 895 1017 iustitiam,
916 934 1035 1004 nonin
1054 934 1309 1005 contradictio·
1404 974 1409 985 =·

216 1059 319 1128 uibus
355 1058 458 1128 modo
493 1058 696 1150 placitisque
723 1056 917 1136 conventis,
942 1055 1062 1126 sedin
1087 1057 1143 1125 bis
1166 1055 1307 1127 duobus
1401 1036 1402 1040 Ἰ

218 1182 377 1296 maxime
404 1179 532 1269 quibus
572 1187 681 1247 solum
718 1175 999 1270 sapientissimus
1038 1176 1225 1266 legislator
1262 1178 1334 1248 ait-

217 1301 476 1392 Rempublioam
499 1300 682 1384 contineri,
704 1301 847 1390 praemio
866 1300 995 1369 scilicet
1016 1308 1051 1368 et
1073 1322 1201 1392 poena3
1219 1323 1307 1393 quo

219 1433 292 1494 rum
314 1427 469 1516 prolecto
491 1425 517 1491 si
540 1424 632 1492 desit
653 1425 813 1505 alterum,
837 1443 980 1492 necesse
998 1431 1053 1491 est
1073 1424 1173 1492 velut
1195 1425 1304 1493 altem

217 1545 307 1637 pede
344 1544 595 1614 claudicantem
628 1544 754 1614 efficiat
786 1545 982 1623 civitatem3
1017 1542 1071 1633 sin
1094 1553 1301 1634 utrumque,

217 1676 418 1736 enervatam
448 1688 592 1758 prorsus
614 1678 648 1736 et
669 1667 879 1756 languidam,
903 1667 1114 1754 frigescente
1137 1665 1221 1735 binc
1243 1665 1303 1735 bo-

218 1809 339 1857 norum
362 1789 490 1859 virtute
512 1788 605 1858 illinc
627 1790 795 1858 malorum
819 1787 1056 1858 inardescente
1075 1788 1246 1878 nequitia.
1266 1789 1302 1859 ln

218 1920 400 2000 utramque
424 1923 554 2000 partem
578 1908 760 2001 magnifice
781 1910 1006 2004 providerant
1031 1918 1148 2000 patres
1176 1912 1302 1994 nostri,

217 2032 344 2122 quibus
363 2031 496 2101 artibus
516 2016 681 2102 Romanae
698 2032 843 2122 originis
861 2055 964 2122 quam
984 2036 1073 2101 lama
1092 2033 1305 2121 vulgaverat

216 2155 444 2225 certissimam
469 2155 571 2225 fidem
595 2155 735 2226 dabant.
766 2157 883 2247 ltaque
914 2167 950 2225 ut
973 2157 1054 2225 olim
1080 2156 1222 2242 genitor
1247 2157 1303 2227 ille

216 2291 336 2350 vester
349 2281 499 2371 Populus
513 2281 691 2348 Romanus
706 2290 776 2349 toto
792 2280 910 2370 polluit
926 2281 993 2372 isici
1012 2279 1095 2350 orbe
1115 2288 1300 2363 terrarum,

149 2418 152 2420 ’
218 2401 267 2470 sic
282 2401 357 2470 illos
372 2423 583 2490 acceperam,
600 2414 765 2491 quantum
781 2402 918 2470 coelitus
933 2401 1052 2471 datum
1067 2414 1153 2485 erat,
1163 2402 1302 2473 eisdem

217 2521 375 2609 vestigiis
394 2519 594 2608 gradientes
616 2532 651 2590 et
672 2521 884 2611 singularem
903 2522 936 2590 in
960 2520 1080 2612 primis
1106 2523 1300 2611 quamdam

217 2640 353 2710 laudem
377 2641 469 2733 apud
491 2663 593 2711 omne
614 2664 728 2732 genus
751 2643 926 2712 bominum
948 2643 1130 2724 meruisse,
1152 2656 1187 2714 et
1210 2645 1301 2714 iuter

216 2764 407 2833 Tuscorum
442 2767 587 2857 populos
616 2767 727 2854 longis
753 2767 968 2858 temporibus
995 2768 1150 2836 tenuisse
1172 2745 1303 2838 voluu-

216 2886 343 2956 tarium
378 2887 637 2978 quodammodo
671 2888 911 2980 principatum,
942 2889 1040 2958 titulo
1064 2888 1207 2979 quidem
1232 2891 1301 2959 lm-

215 3010 302 3102 perii
323 3008 551 3092 abstinentes,
567 3023 601 3080 et
614 3032 684 3102 quo
699 3011 874 3106 superbiae
888 3011 1098 3104 invidiaeque
1113 3012 1241 3095 miuuS,
1257 3034 1300 3083 eo

215 3129 326 3200 laudis
348 3141 383 3200 et
403 3130 524 3219 gloriae
546 3133 624 3223 plus
647 3142 722 3202 erat
743 3131 776 3200 in
798 3132 959 3216 nomine3
987 3156 1055 3204 non
1077 3153 1162 3221 ergo
1183 3132 1300 3203 domi-

214 3253 308 3324 nium
331 3253 495 3324 dicebaut
516 3256 576 3324 sed
600 3256 768 3324 auxilium
796 3278 836 3327 ac
862 3255 1058 3347 profugium
1081 3255 1295 3340 vicinorum,

214 3387 339 3447 utnon
361 3377 533 3447 immerito
553 3387 757 3447 censeretur
778 3377 936 3448 floridum
960 3379 1044 3448 illud
1067 3398 1192 3451 nomeu
1221 3401 1300 3449 sor-

214 3500 310 3571 titam
343 3501 572 3584 Florentiam,
607 3499 640 3567 in
675 3522 743 3589 qua
777 3500 840 3571 llos
874 3501 1043 3571 virtutum
1078 3500 1234 3570 omnium
1264 3512 1300 3573 et

214 3623 444 3711 gloriosorum
466 3631 606 3691 actuum
627 3620 831 3692 abundaret.
852 3621 934 3692 Erat
955 3622 1109 3694 omnium
1133 3619 1300 3694 finitima-

213 3766 290 3812 rum
312 3742 466 3833 gentinm
495 3741 537 3813 ad
567 3753 634 3812 tam
667 3740 757 3810 bene
784 3754 956 3814 moratum
983 3744 1149 3835 populum
1176 3763 1300 3815 amore

213 3878 247 3934 et
273 3866 468 3936 reverentia
501 3865 632 3934 mixtus
663 3865 780 3947 timor,
807 3887 921 3956 neque
948 3868 1059 3936 solum
1087 3864 1120 3932 in
1147 3866 1312 3961 propriis·

214 3988 276 4058 sed
299 3988 333 4056 in
353 3987 523 4058 extremis
544 4009 683 4080 quoque
719 3987 856 4058 Tusciae
879 3987 1006 4058 linibus
1039 3986 1226 4058 timebatur
1252 3989 1305 4057 ci·

213 4105 305 4177 vitas
340 4107 507 4200 magistra
532 4109 684 4181 iustitiae.
712 4108 802 4193 Quid
837 4111 929 4181 enim
949 4111 1054 4183 aliud
1087 4129 1206 4182 causae
1238 4111 1306 4183 luit
