2804 4656
108 302 166 361 att
446 316 488 363 ne
509 315 610 363 euers
630 313 854 362 rsmrmmrs

106 460 245 530 favillas
266 460 391 553 priscae
412 454 508 540 fidei,
529 478 620 550 quas
640 458 783 529 admoto
798 474 947 549 'magnae
972 458 1047 549 spei
1073 459 1195 529 fomite

107 582 176 653 levi
199 583 279 652 tolle
305 581 531 650 suavissimae
555 582 723 651 orationis
749 581 972 664 acoenderet,
996 581 1196 651 invenisset

106 707 225 778 multis
244 718 280 777 ct
301 704 430 775 validis
450 706 668 794 argumentis
680 725 859 774 excusans
872 703 1070 774 tarditatem
1084 712 1193 784 tuam,

106 830 224 901 multis
251 839 286 899 et
309 826 449 918 magnis
474 825 612 896 indiciis
637 847 830 917 generosas
858 827 966 895 animi
996 826 1045 895 tui
1069 846 1192 906 curas,

105 973 261 1044 vereque
282 951 464 1021 Caesareos
488 962 680 1042 apparatus
704 949 843 1042 cupidis
874 964 910 1022 et
944 948 1093 1020 libenter
1117 950 1194 1018 teli-

107 1077 221 1148 citatis
253 1098 295 1146 ac
328 1073 450 1166 gloriae
483 1085 555 1143 tuae
587 1072 741 1143 credulis
773 1072 919 1143 auribus
948 1074 1192 1152 insusurrans,

104 1198 235 1292 quibos
254 1198 300 1270 de
321 1196 499 1290 praeterito
521 1207 729 1288 conceptum
752 1194 957 1265 diffidentiae
981 1197 1063 1286 gelu
1087 1213 1194 1265 novae

106 1321 178 1416 spei
200 1324 338 1391 fervore
358 1317 580 1389 dissolveret.
601 1318 665 1388 Eia
686 1318 805 1408 igitur,
826 1318 964 1401 Caesar,
990 1318 1082 1388 duce
1102 1319 1190 1397 Deo,

105 1445 166 1536 qui
192 1464 263 1513 non
292 1444 421 1511 trustra
449 1462 554 1511 sunm
576 1439 636 1511 tibi
657 1440 833 1510 commisit
856 1440 1057 1532 imperium,
1085 1460 1193 1530 surge

105 1575 140 1637 et
172 1564 318 1634 dilatum
350 1583 479 1633 munus
511 1562 800 1632 honestissimum
828 1562 912 1632 dnm
942 1575 1058 1657 poteS,
1086 1562 1193 1654 imple

12 1770 15 1775 r
105 1688 247 1769 fortiter,
263 1687 367 1778 imple
380 1685 535 1754 feliciter.
550 1683 732 1754 Gloriosus
746 1683 826 1755 finis
838 1688 970 1756 lentum
983 1684 1193 1778 principium

106 1806 302 1881 excusabit.
320 1808 451 1878 Omnes
473 1818 505 1877 te
519 1809 589 1878 alto
601 1807 747 1878 consilio
764 1807 946 1879 distulisse
962 1807 1190 1890 consentient,

107 1932 201 2025 quod
228 1930 383 2003 noudum
414 1929 541 2001 messis
568 1930 736 2022 Hesperia
763 1933 863 2023 plene
888 1931 1130 2012 maturuisset‚
1156 1931 1193 2000 in

107 2079 211 2151 quarn
235 2055 364 2127 utiliter
384 2056 457 2124 lalx
479 2054 638 2124 Caesarea
656 2053 873 2124 mitteretur:
890 2053 1054 2147 quamvis
1071 2062 1192 2123 nostra

108 2183 218 2251 tames
245 2197 353 2248 morae
377 2176 492 2246 omnis
525 2176 710 2268 impatiens
743 2184 988 2245 murmuraret.
1021 2175 1114 2244 Nihil
1140 2175 1193 2243 iu-

108 2298 355 2391 tempcstivum
382 2296 489 2382 bene,
517 2297 602 2365 nihil
630 2295 761 2367 bonum
796 2319 876 2369 sero
901 2297 973 2388 agi,
995 2317 1193 2388 verumque

15 2467 17 2470 v
108 2420 191 2492 illud
212 2419 363 2510 Augusti
384 2418 656 2488 Caesaris1satis
676 2421 836 2491 celeriter
857 2418 934 2490 lieri
950 2415 1117 2511 quicquid
1132 2417 1192 2488 fiat

109 2542 194 2615 satis
214 2539 315 2611 bene.
334 2538 467 2630 Atripe,
484 2540 610 2624 Cesar,
635 2541 725 2612 hanc
745 2543 963 2614 occasionem
977 2542 1062 2614 dnm
1076 2541 1192 2612 adhuc

108 2675 219 2758 potes.
247 2662 368 2754 Neque
393 2661 485 2731 euim
509 2683 647 2754 semper
666 2665 810 2757 poteris.
825 2663 909 2756 Age,
924 2684 988 2734 oro
1001 2673 1046 2748 te,
1061 2663 1190 2745 Caesar,

109 2785 262 2857 nondum
283 2783 376 2854 enirn
399 2794 497 2856 tuum
519 2787 835 2871 nomeninvccare‚
850 2798 1020 2879 tuumque
1034 2794 1068 2856 te
1081 2785 1192 2857 decus

108 2928 252 3002 poscere
273 2917 378 3002 atque
402 2928 505 2978 orare
536 2906 698 2979 dedidici.
727 2911 802 2980 Etsi
834 2933 901 3001 ego
933 2909 1081 3004 quoque'
1099 2929 1191 2979 unus

98 3029 372 3122 impatientium,
402 3051 591 3124 parumper
610 3029 724 3103 invisa
760 3034 843 3102 milri
875 3056 993 3104 rerum
1027 3032 1192 3104 dilatione

110 3151 294 3245 tepuerim‚
317 3172 397 3223 ecoe
423 3153 546 3223 iterum
575 3157 759 3226 recalesco.
794 3157 871 3227 Noli
904 3179 1017 3228 meam
1041 3165 1080 3227 et
1105 3158 1192 3226 mul·

109 3284 222 3347 torum
246 3292 345 3364 spem
366 3271 631 3364 pulcherrimam
661 3298 786 3350 rursus
811 3280 1030 3370 extinguere.
1053 3279 1192 3371 Saepius

109 3419 191 3493 spes
212 3417 377 3494 oppressa
401 3396 462 3466 vix
484 3398 661 3471 attollitur.
684 3402 810 3495 Siqua
837 3402 967 3475 nomini
996 3413 1054 3473 tuo
1080 3401 1192 3474 nubes

109 3520 278 3592 hactenus
296 3517 466 3603 incubuit;
485 3520 514 3590 si
532 3521 617 3613 quid
637 3522 789 3595 infamiae
805 3547 852 3596 ex
870 3524 1050 3618 primordii
1066 3524 1193 3596 obscu-

108 3642 211 3715 ritate
235 3652 450 3714 contractum
482 3654 548 3728 est,
583 3654 708 3732 totum,
734 3650 840 3721 crede
865 3650 970 3734 mihi,‘
991 3671 1061 3720 non
1087 3649 1192 3721 modo

107 3761 416 3837 consummationis
438 3766 620 3859 splendore
641 3771 860 3863 purgabitur,
885 3773 961 3857 sed,
984 3782 1023 3844 ut
1043 3772 1133 3855 dixi,
1157 3774 1192 3842 in

109 3884 252 3974 gloriam
271 3899 506 3974 convertetur,
529 3891 613 3962 dum
636 3914 700 3966 seu
720 3917 819 3967 error
839 3899 907 3980 ille,
929 3917 990 3967 seu
1009 3895 1192 3968 consilium

109 3993 223 4089 luerit,
247 4007 407 4099 opinione
428 4008 606 4102 hominnm
627 4014 809 4087 consilium
829 4026 864 4086 et
881 4039 949 4089 non
968 4038 1067 4088 error
1083 4017 1192 4087 fuisse
1306 4082 1308 4087 ,

109 4120 294 4195 videbitur.
315 4129 416 4221 Saepe
435 4130 603 4203 honestus
625 4132 704 4206 finis
727 4157 836 4226 segne
856 4136 1064 4232 principium
1085 4135 1194 4208 hone-
