2738 4680
258 319 352 370 nisan
373 296 887 380 vrcssmusenmus.-nr1srom
909 330 972 380 xiv.
1104 321 1163 384 105

483 612 661 677 urlstotn
681 614 753 678 XIV.

97 781 296 831 Fatuclscus
317 782 487 865 perannat
508 784 686 834 FRANCISGO
708 786 817 835 Putant
838 787 882 836 SS.
905 786 1136 840 trosrotcnuu

558 889 584 937 S.
606 890 634 937 P.
656 891 686 939 D.

66 1037 104 1093 Se
116 1036 277 1092 Mediolano
290 1037 320 1092 in
338 1038 495 1094 coenobium
513 1039 606 1094 Sancti
625 1039 796 1111 Simpliciani
814 1041 969 1114 recepisse,
989 1042 1068 1099 cuius
1087 1043 1164 1098 coeli-

162 1126 231 1180 colae
249 1127 334 1181 vitam
353 1127 387 1182 ab
410 1128 504 1198 ignoto
524 1132 636 1181 auctore
658 1133 817 1182 enarratam
837 1128 961 1200 fastidit,
987 1139 1104 1203 eamque
1129 1147 1163 1186 ex

160 1215 311 1287 Augustini
325 1216 455 1288 operibus
468 1217 630 1273 summatim
645 1215 705 1289 ipse
719 1217 853 1289 excerpit.

171 1452 287 1524 Potuit
305 1463 338 1525 te
359 1453 394 1523 in
414 1452 679 1525 admirationem
702 1453 843 1525 trahere
866 1455 1028 1550 superior
1052 1452 1161 1542 data,

64 1574 167 1668 quod
188 1573 302 1646 adhuc
325 1586 464 1648 tonante
486 1576 640 1668 graviter
659 1575 751 1649 bello
772 1585 876 1649 extra
897 1599 1021 1649 muros
1042 1577 1161 1650 ierim:

65 1719 287 1791 quamquam
309 1697 384 1770 lieri
405 1699 518 1800 possit
543 1709 582 1770 ut
606 1700 696 1770 intra
722 1698 846 1770 urbem
867 1698 1029 1772 babitans
1057 1709 1161 1773 extra

67 1841 196 1892 muros
216 1820 416 1915 scripserim
436 1843 522 1895 casu
543 1822 669 1916 aliquo,
683 1821 780 1905 utfit
797 1823 843 1895 ad
866 1831 1014 1917 tempus,
1033 1846 1163 1916 urgen-

69 1953 106 2016 te
126 1943 228 2015 urbis
254 1943 374 2028 taedio,
408 1965 587 2036 egressus.
616 1946 685 2016 Sed
710 1966 781 2016 non
807 1947 854 2018 ita
880 1954 947 2016 est.
975 1946 1097 2038 ltaque
1125 1956 1163 2018 ut

71 2087 147 2138 rem
166 2064 278 2149 noris,
299 2064 385 2137 scito
404 2087 460 2137 ma
478 2064 523 2139 ad
541 2067 643 2139 tertio
660 2087 771 2137 nonas
789 2065 993 2138 novembris
1012 2088 1057 2137 ex
1077 2066 1162 2137 Am-

72 2188 183 2261 brosii
208 2188 313 2261 domo
333 2211 374 2260 ac
394 2189 532 2275 vicinia,
555 2189 616 2261 nbi
642 2188 728 2260 mihi
754 2191 823 2260 iam
851 2190 1020 2283 septimus
1047 2211 1161 2267 annu-s

73 2312 261 2405 agebatur,
284 2322 387 2384 extra
406 2314 559 2386 civitatis
579 2312 748 2386 ambitum
775 2312 973 2407 antiquum,
995 2312 1041 2385 ab
1061 2312 1162 2387 Occi·

75 2435 142 2508 dua
165 2437 298 2508 scilicet
314 2436 360 2508 ad
387 2436 551 2510 Arctoam
573 2441 722 2531 plagam,
756 2438 802 2510 ad
831 2437 1044 2532 simpliciani
1065 2439 1162 2509 clau-

76 2568 185 2630 strum
207 2557 472 2651 commigrasse.
495 2561 626 2631 Tantus
647 2570 703 2632 est
722 2580 821 2630 amor
843 2558 1014 2631 libertatis
1040 2568 1076 2631 et
1102 2579 1159 2630 so-

75 2680 228 2753 litudinis
255 2693 291 2754 et
313 2683 451 2775 quietis.
480 2682 687 2768 utstatim,
722 2694 761 2756 ut
792 2703 854 2754 res
889 2690 987 2768 sunt,
1014 2681 1079 2752 vix
1103 2681 1161 2752 hic

76 2804 249 2898 speranda
283 2805 433 2878 solitudo
465 2804 642 2891 videatur,
668 2828 710 2878 ea
736 2815 853 2878 tamen
879 2803 1031 2878 conditio
1057 2826 1160 2879 novae

76 2928 199 3001 domus
234 2940 305 3015 est,
340 2939 378 3001 ut
410 2929 529 3002 latenti
555 2930 688 3025 postico
710 2931 939 3001 salutatorum
961 2929 1159 3022 importuna

76 3053 163 3127 acies
186 3053 286 3126 tacite
310 3055 378 3126 falli
404 3063 526 3147 queat:
550 3074 631 3146 quae
656 3055 805 3125 facultas
831 3052 931 3124 alteri
957 3050 1158 3124 habitaculo

76 3175 202 3248 deerat.
225 3176 315 3248 Mille
336 3197 464 3269 passus
484 3189 520 3249 et
544 3198 586 3249 eo
612 3177 761 3271 amplius
785 3176 821 3247 in
846 3176 1017 3249 directum
1044 3174 1157 3248 habeo

77 3319 237 3373 secessus
256 3300 495 3373 amoenissimi.
517 3302 604 3372 Nam
624 3301 654 3371 si
670 3308 829 3372 extrema
845 3300 1001 3373 'civitatis
1023 3298 1157 3371 ambire

76 3427 219 3497 voluero
239 3427 349 3497 multa
370 3437 452 3499 sunt
476 3424 582 3497 millia
602 3425 693 3496 intra
712 3425 856 3510 vallum,
879 3423 940 3495 ubi
965 3425 1037 3494 fere
1064 3442 1157 3494 sem·

76 3568 132 3638 per
152 3566 262 3619 verso
281 3546 317 3616 in
334 3545 500 3619 tabernas
525 3557 561 3619 at
585 3545 621 3616 in
646 3548 759 3617 lorum
779 3547 903 3638 vulgo,
926 3542 1078 3616 solitudo
1104 3543 1158 3612 in-

77 3691 158 3760 gens
181 3672 237 3742 sit.
260 3670 330 3743 Sed
350 3671 415 3742 hos
436 3669 529 3741 inille
549 3688 678 3763 passus
703 3668 752 3741 ita
777 3669 863 3740 mihi
883 3665 1036 3741 cessisse
1063 3672 1155 3738 totos

77 3794 228 3880 noveris,
252 3802 291 3864 ut
311 3799 445 3886 partem
464 3814 548 3885 ager
568 3792 701 3864 arduus
728 3802 764 3863 et
788 3791 930 3863 densior
956 3810 1059 3885 sepes
1083 3790 1156 3860 cin-

78 3931 165 4006 gant,
189 3920 335 3990 alteram
356 3928 512 4011 apertam
534 3924 659 4012 suapte
679 3923 804 3986 natura
824 3922 980 3984 secretus
998 3910 1104 3984 etius
1142 3953 1156 3964 ·

77 4060 180 4131 quens
202 4040 416 4114 inherbosus
438 4050 567 4112 trames
589 4048 698 4124 secet,
721 4021 784 4134 per
804 4058 910 4132 quem
935 4055 1031 4130 saepe
1058 4037 1155 4107 solus

78 4177 129 4237 aut
154 4189 224 4240 uno
250 4164 452 4252 comitatus,
480 4165 618 4237 nemina
642 4161 761 4248 obvio,
797 4162 891 4234 nullo
924 4161 992 4233 nisi
1025 4159 1156 4252 exiguo
