2940 4650
592 333 748 383 nersronl
769 335 819 384 nx.
1183 323 1245 385 ma

79 542 84 547 .
161 481 206 552 tis
228 458 371 550 amicior
390 496 496 568 quam
517 476 696 561 Fortunae,
716 478 840 569 quisve
863 496 1006 549 suarum
1030 500 1147 551 rerum
1171 487 1244 549 sta-

160 613 231 686 tus,
252 610 288 671 et
307 621 389 692 quae
405 604 506 692 spes,
534 599 635 669 cuius
662 600 897 670 venerabilem
920 611 1147 693 conspectum
1170 610 1244 672 toto

159 724 228 794 iam
248 722 396 793 triennio
417 729 621 821 exoptatum
652 742 730 792 mea
756 720 841 791 mihi
870 721 982 814 pridie
1009 743 1086 793 sors
1107 722 1241 795 invidit.

160 843 246 914 Vale
266 841 375 914 nostri
397 864 540 914 memor.

988 966 1025 1035 F.
1049 975 1141 1038 tuus.

305 1083 406 1154 Ticini,
423 1084 555 1140 Kalendis
568 1086 748 1157 Septembris.

256 1259 463 1350 Magistrum
484 1259 718 1330 Fortianolnm
746 1269 904 1331 nostrum
930 1259 1017 1329 meis
1039 1258 1157 1329 verbis
1177 1280 1240 1333 ore

159 1391 219 1453 tuo
241 1384 427 1455 salutatum
446 1384 562 1455 velim.

515 1856 516 1859 Ν
561 1774 740 1837 srrsronl
760 1775 828 1838 uxr.

265 1901 459 1990 rnlncrseus
481 1941 649 1990 remmon
669 1941 803 1996 ronlnru
825 1940 1033 2012 elenensis.
1055 1943 1082 1990 n.
1105 1941 1136 1990 n.

197 2067 320 2140 Explicat
334 2067 495 2138 allegoriam
510 2083 573 2138 quae
585 2066 677 2121 littera
690 2066 826 2137 superiori
841 2084 869 2120 n‘.
885 2066 907 2120 L
924 2068 1010 2122 relata
1025 2068 1192 2122 continetur.

186 2373 188 2377 ,
254 2309 404 2380 Uberem
431 2328 584 2378 messem
611 2331 721 2401 parvo
738 2309 782 2379 de
805 2309 939 2380 semine
966 2308 1108 2379 messui.
1126 2305 1238 2377 Arbo-

156 2452 230 2501 rem
255 2418 360 2523 quam
379 2431 457 2501 stilo
477 2430 733 2525 descripseram
756 2415 931 2503 coloribus
959 2430 1170 2522 designasti3
1197 2450 1238 2500 ao

155 2574 343 2624 memorem
365 2554 563 2625 Horatianos
581 2555 762 2625 sententiae
780 2554 839 2624 nbi
860 2554 931 2623 ait:
1063 2534 1065 2537 ¹

357 2741 484 2818 Segnius
499 2741 618 2804 irritant
632 2743 750 2805 animos
764 2741 895 2806 demissa
910 2758 964 2821 per
982 2758 1072 2804 aures

354 2839 451 2910 Quam
466 2857 534 2916 quac
549 2847 619 2900 sunt
633 2840 727 2902 oculis
743 2840 878 2902 subiecta
893 2839 1051 2912 fidelibus,

77 3044 80 3051 “
157 3040 250 3130 quod
267 3038 412 3110 auribus
430 3040 647 3130 ingesseram
670 3041 779 3111 oculis
795 3038 986 3122 subiecisti,
1007 3062 1075 3112 non
1095 3050 1234 3112 conten·

156 3171 213 3233 tus
233 3164 301 3233 nisi
326 3164 454 3233 eteius
476 3163 672 3254 oppositum
691 3162 848 3253 insuper,
871 3139 911 3234 et
927 3163 1030 3234 huius
1056 3164 1138 3234 vitae
1160 3187 1238 3234 are-

155 3307 235 3355 nam
257 3286 448 3358 habitatam
468 3285 674 3356 mortalibus
700 3284 914 3356 addidisses:
944 3287 1002 3356 ubi
1027 3287 1071 3357 ad
1098 3297 1235 3379 tempus

157 3408 908 3502 utrumquepermixtum,ethenlnonaequis
922 3408 1138 3500 portionibus
1152 3428 1236 3476 con-

153 3535 335 3603 susa-sunt
364 3531 491 3615 omnia,
528 3529 759 3600 discernenda
791 3532 998 3613 novissime,
1026 3541 1061 3600 et
1079 3528 1235 3621 supremi

154 3652 263 3724 llabro
284 3653 402 3724 iudicii
423 3652 634 3724 ventilanda.
651 3652 843 3725 Ostendisti
862 3656 1014 3736 realiter,
1033 3653 1156 3736 amice,
1180 3674 1235 3721 ar-

68 3781 71 3785 ’
154 3775 273 3847 horem
293 3775 355 3845 tibi
377 3775 609 3858 notissimam,
632 3797 750 3867 quam,
775 3787 811 3846 nt
832 3777 876 3849 de
898 3777 1047 3867 singulis
1069 3773 1233 3845 dubitans

153 3877 396 3992 philosophico
415 3899 562 3969 consilio
581 3899 736 3982 videare,
765 3899 875 3970 verbo
900 3899 987 3969 dicis
1010 3896 1232 3988 incognitam.

59 4116 65 4125 ι
152 4020 216 4091 Est
235 4044 321 4113 ergo
352 4021 528 4115 (quoniam
550 4019 722 4093 haesitatio
739 4031 798 4093 tua
819 4023 1044 4117 interpretem
1064 4042 1118 4090 mc
1136 4019 1233 4090 vide-

155 4150 210 4211 tur
227 4143 442 4240 exposcere),
461 4156 524 4230 est,
547 4145 698 4237 inquam,
718 4146 821 4218 arbor
838 4146 895 4217 illa
912 4167 1015 4238 qnam
1037 4156 1146 4235 putas,
1169 4166 1232 4214 nec
