2940 4650
232 257 291 318 530
578 270 737 320 arrnnnrx
757 269 974 320 nrrrnaunuu.

231 409 371 503 recuso)
391 410 511 503 eligite
530 412 592 503 qni
612 408 715 482 vobis
737 408 848 482 tribus
870 411 1005 502 placeat
1026 413 1165 484 locum.
1187 415 1267 508 Ego
1285 418 1332 487 al·
1400 450 1401 453 ¹

231 536 343 604 fectus
368 555 466 606 meos
487 555 600 619 exuo,
627 555 670 605 ac
699 531 864 605 iudicium
890 534 1075 628 proprium
1098 535 1248 622 abiicio,
1274 561 1330 610 ve·
1402 549 1403 552 ’

232 666 343 727 strum
376 678 518 748 sequor:
546 665 582 727 et
607 656 711 728 modo
736 656 839 727 simul
868 676 950 728 esse
983 656 1105 742 liceat,
1134 657 1232 731 hene
1256 661 1326 732 erit.
1400 740 1401 743 Ἴ

230 779 356 872 Eligite
384 781 443 852 ubi
474 780 567 874 quod
588 791 696 853 restat
715 778 858 875 pacifice
876 780 1058 864 vivamuS,
1082 781 1150 853 ubi
1172 784 1326 876 mquani-
1400 877 1401 884 ἶ

231 903 335 975 miter
354 904 566 987 moriamur3
586 915 622 976 et
642 915 680 975 ut
705 902 741 973 in
766 924 889 994 preces
915 925 956 974 ac
980 912 1067 974 vota
1095 905 1323 991 concludam,
1400 888 1401 891 ¹

232 1024 377 1117 inspiret
396 1027 529 1096 utinam
547 1023 648 1095 nobis
669 1028 866 1097 consolator
886 1025 1035 1117 Spiritus
1053 1027 1091 1097 in
1111 1027 1184 1099 hoc
1202 1030 1322 1099 saltem
1428 1082 1433 1091 .

231 1149 447 1244 conspirare,
471 1159 508 1221 ut
528 1150 612 1221 dum
634 1148 810 1243 spiramus
831 1147 960 1231 adhuc,
981 1147 1028 1220 ad
1047 1151 1215 1241 requiem
1234 1148 1323 1242 aspi·
1347 1206 1350 1214 .

231 1288 365 1356 remus,
392 1272 513 1364 etqui
539 1282 610 1344 tota
641 1270 699 1342 die
731 1270 1004 1364 suspiravimus,
1027 1270 1257 1365 respiremus
1280 1270 1321 1342 ad
1401 1279 1403 1370 ]

230 1414 429 1487 vesperam.
450 1395 550 1478 Vale,
571 1396 678 1466 irater
693 1392 950 1478 amantissime,
974 1395 1090 1464 nostri
1112 1417 1264 1469 memor.

375 1536 474 1595 XVIII.
491 1538 554 1594 idai.

979 1611 1041 1682 Ille
1071 1622 1159 1685 tuus
1187 1615 1226 1684 F.

650 2042 827 2106 Erlsronl
848 2040 904 2106 vll.

245 2211 439 2262 ruluclscus
461 2212 631 2263 Parauaea
652 2212 787 2262 IOHANNI
807 2213 886 2262 110111
906 2212 947 2261 DE
969 2212 1159 2264 FLORENTIA
1183 2217 1212 2266 S.
1235 2218 1262 2266 Ρ.
1283 2217 1310 2266 D.

408 2344 449 2400 De
468 2347 591 2401 oratione
610 2361 694 2418 quam
712 2343 859 2415 legendam
877 2344 952 2400 misit
970 2346 1141 2416 gratulatur.

331 2582 505 2652 OratIonis
525 2581 781 2669 celeberrimae,
800 2606 905 2677 quam
923 2583 978 2654 his
998 2583 1128 2661 diebus
1150 2586 1320 2679 proximiS

232 2705 372 2777 nomine
397 2702 597 2796 reipublicae
622 2705 761 2795 legatus
786 2707 821 2776 in
842 2707 951 2779 oculis
972 2707 1120 2778 Romani
1141 2708 1320 2781 Pontificis

231 2825 405 2899 habuistis
432 2827 565 2898 tantillo
592 2827 676 2897 mihi
702 2828 909 2902 mandantes
942 2850 1106 2915 examen,
1140 2843 1318 2904 oratorum

231 2948 357 3032 decus,
380 2949 557 3055 geminam
579 2947 744 3021 sensibus
766 2949 854 3022 meis
873 2949 1112 3021 admirationis
1135 2953 1318 3025 materiam

231 3068 445 3163 praebuistis.
461 3073 559 3143 Tanti
573 3072 665 3142 enim
680 3071 810 3165 eloquii
828 3070 1055 3166 inspectorem
1072 3093 1127 3142 me
1143 3067 1317 3159 voluisse,
1422 3151 1423 3155 ,

231 3191 372 3283 qnando
397 3191 445 3263 ita
470 3190 673 3278 videbatur,
702 3203 738 3264 et
767 3202 945 3286 stuporem
978 3193 1119 3266 taciturn
1156 3197 1320 3289 ingerere
1423 3265 1424 3269 ,

232 3315 319 3385 satis
339 3323 425 3385 erat.
448 3314 529 3410 Ipsa
549 3313 722 3405 siquidem
737 3315 854 3408 ‘oratio
876 3317 954 3388 talis
980 3326 1034 3388 est
1061 3326 1099 3387 ut
1123 3319 1320 3413 reprehen-

232 3455 347 3529 sorem
372 3447 515 3531 spernat
540 3448 576 3509 et
596 3437 777 3517 laudatore
809 3461 878 3511 non
911 3450 1030 3532 egeat,
1064 3439 1321 3514 admiratorem

233 3579 323 3651 vero
340 3558 430 3630 bene
449 3561 542 3632 culta
564 3582 632 3631 non
654 3570 808 3654 respuat.
831 3563 907 3653 Ego
928 3574 1044 3657 autem
1068 3584 1135 3662 nec
1155 3564 1216 3634 ille
1239 3585 1321 3636 sum
1433 3643 1434 3647 Ἴ

230 3702 342 3773 aquo
357 3681 464 3772 etiam
486 3681 544 3752 ubi
567 3703 622 3754 res
643 3690 867 3775 exposceret,
904 3693 1049 3777 possent
1074 3695 1144 3756 tarn
1167 3687 1323 3778 grandia

232 3803 381 3896 sperari,
408 3814 460 3897 et,
490 3814 526 3875 ut
552 3803 686 3901 Virgilii
707 3803 827 3876 verbis
850 3815 942 3894 utar,
969 3805 1057 3878 houd
1081 3807 1234 3899 equidem
1262 3813 1326 3882 tuli
1440 3792 1441 3795 Ἴ

232 3945 284 3992 me
303 3923 423 4016 dignor
443 3927 573 3997 honore.
601 3926 657 4022 Ad
681 3926 770 4012 haec,
799 3928 961 4023 quisquis
994 3952 1087 4015 sum,
1114 3929 1223 4003 vobis
1250 3956 1325 4006 non

234 4042 375 4132 ignotus
394 4067 477 4120 esse
499 4049 721 4133 crediderim,
739 4050 801 4124 sed
829 4075 897 4124 una
918 4053 997 4124 licet
1016 4052 1153 4125 visione
1174 4056 1327 4155 notissi-
1443 4075 1444 4081 ¹
