2804 4656
195 295 254 357 196
531 311 573 359 nn
594 309 695 362 nunus
717 311 940 362 rnurnrnaraus

196 452 290 536 Vale,
302 452 422 525 Caesar
435 452 680 539 invictissime,
695 465 730 526 et
746 475 861 549 saepe,
881 477 956 542 oro,
973 457 1088 550 cogita
1100 459 1185 552 quid
1198 459 1276 533 viro

195 573 365 662 debitum,
388 575 471 669 quid
493 576 651 671 principi.

337 743 500 813 Mediolani,
517 745 579 800 ιιιι.
597 745 735 802 Kalendas
750 718 862 820 epuns.
961 746 963 749 ’

608 1213 785 1278 nrrsronn
805 1215 848 1277 ιιι.
883 1176 885 1178 ’

270 1382 463 1432 FRANGISCUS
485 1383 654 1432 PETRARCA
676 1384 801 1434 CAROLO
823 1387 854 1434 tv
876 1386 939 1435 IMP.
964 1386 1036 1437 Alte.
1060 1389 1085 1437 S.
1110 1390 1138 1437 P.
1161 1391 1191 1438 D.

391 1523 507 1578 Militem
521 1525 641 1580 amicum
655 1541 737 1581 suum
752 1525 853 1583 Caesari
867 1529 1051 1584 commendat.

286 1774 425 1847 Tacitus
449 1772 597 1845 transire
619 1770 864 1845 decreveram:
889 1773 953 1844 sed
972 1751 1067 1863 cogit
1092 1780 1130 1844 ut
1149 1774 1272 1865 loquar

187 1921 257 1971 non
279 1896 393 1968 minus
415 1896 464 1966 tui
486 1894 682 1966 reverentia
702 1874 808 1988 quam
829 1894 906 1966 eius
928 1915 1025 1966 amor
1045 1916 1107 1987 pro
1130 1917 1201 1986 quo
1221 1897 1272 1964 lo-

186 2042 284 2114 quor.
307 2019 405 2090 Miles
426 2018 483 2090 hic
504 2025 586 2089 tuus
607 2029 642 2090 et
662 2019 796 2090 amicus
817 2039 916 2089 meus
937 2017 1018 2088 olim
1040 2017 1127 2088 meis
1153 2017 1189 2086 in
1217 2017 1271 2087 lit·

185 2143 269 2215 teris
283 2140 344 2212 tibi
359 2139 566 2214 fiducialiter
585 2140 853 2215 commendatus
871 2139 948 2223 init,
968 2159 1037 2209 non
1054 2126 1136 2232 quia
1152 2142 1209 2210 vel
1222 2146 1269 2224 tu,

185 2269 243 2336 vel
263 2265 333 2349 ille,
362 2266 420 2334 vel
440 2285 508 2354 ego
528 2262 613 2332 mibi
635 2261 702 2332 sim
724 2263 881 2353 ignotuS,
905 2262 968 2334 sed
988 2261 1083 2353 quod
1106 2261 1270 2332 sentirem

187 2386 282 2481 apud
316 2385 534 2456 maiestatem
561 2393 656 2455 tuam
689 2384 875 2456 humilitati
901 2406 991 2456 meae
1024 2385 1172 2476 gratiam
1201 2406 1271 2455 non

186 2511 325 2592 deesse,
345 2528 462 2577 meum
481 2505 584 2576 rebar
609 2528 678 2578 uon
704 2515 818 2578 tacere
838 2507 934 2597 quod
959 2505 1085 2577 scirem
1106 2505 1152 2575 ad
1173 2514 1271 2576 tuum

185 2632 295 2703 decus
317 2627 500 2722 pertinere.
519 2627 612 2712 Dixi,
628 2628 758 2713 Caesar,
778 2636 813 2699 et
830 2636 965 2723 repeto:
983 2629 1167 2721 plurimum
1189 2625 1271 2698 huic

184 2752 310 2836 debes,
334 2773 398 2822 nec
418 2760 456 2822 tu
477 2750 580 2821 modo
599 2751 663 2823 sed
684 2750 879 2845 imperium.
902 2751 1035 2822 Causas
1057 2751 1158 2822 sileo:
1180 2760 1271 2820 notae

187 2885 270 2946 sunt
290 2872 351 2945 tibi
372 2874 571 2967 solicitudo,
599 2871 686 2945 fides
713 2885 748 2945 et
772 2872 955 2944 industria.
977 2874 1026 2943 De
1048 2873 1142 2944 nullo
1162 2870 1272 2942 honi-

187 3022 272 3072 num
295 3010 413 3090 sperat
432 2997 501 3069 nisi
524 2998 568 3070 de
590 3007 622 3068 te
649 2997 705 3070 hic
732 2998 809 3069 talis
835 2998 890 3068 vir
916 2996 963 3067 ita
987 2995 1031 3067 de
1058 3007 1091 3068 te
1112 2995 1267 3086 meritus

185 3122 245 3216 qui
265 3122 357 3193 inter
378 3124 485 3192 multa
508 3122 660 3214 pericula
680 3121 856 3194 cruciabili
878 3143 957 3192 oum
978 3119 1095 3193 labore
1116 3119 1269 3212 quotidie

183 3246 259 3315 itet
273 3243 379 3326 redit,
395 3246 488 3314 nulla
506 3266 543 3314 re
562 3244 695 3314 auctior
712 3244 779 3314 nisi
797 3254 901 3314 aetate
914 3244 950 3314 in
963 3243 1039 3314 dies
1057 3245 1184 3315 senior.
1201 3243 1271 3314 Cur

185 3389 256 3438 non
269 3376 305 3438 et
322 3366 447 3438 indies
464 3365 588 3437 ditior‘l
602 3367 663 3451 Da,
679 3365 835 3450 obsecro,
851 3365 1002 3447 libertati
1017 3365 1168 3460 fideique
1182 3386 1270 3437 meae

184 3492 340 3563 veniam:
363 3512 557 3583 nunquam,
576 3488 642 3560 nisi
662 3487 749 3560 fides
767 3493 875 3561 multa
897 3500 1005 3574 esset,
1026 3499 1122 3561 tanta
1142 3511 1269 3582 suppe-

187 3621 275 3685 teret
290 3613 443 3686 libertas.
460 3614 571 3683 Tuum
586 3623 648 3695 est,
666 3613 797 3699 Caesar,
816 3625 853 3686 ut
865 3617 999 3686 calcare
1011 3615 1196 3707 improbos
1217 3615 1269 3686 sic

185 3734 301 3816 bonos
319 3739 487 3808 attollere.
510 3737 636 3807 Facut
658 3736 712 3807 hie
729 3738 784 3807 vir
805 3735 896 3809 fidus
917 3760 957 3809 ao
978 3738 1116 3822 nobilis,
1136 3737 1195 3830 qui
1216 3738 1269 3808 iu·

165 3855 327 3930 'sentam
342 3880 440 3930 suam
459 3878 523 3951 pro
535 3868 594 3928 tua
607 3856 714 3949 gloria
729 3867 778 3928 tot
791 3857 969 3930 laboribus
983 3859 1110 3942 atterit,
1132 3869 1165 3930 te
1179 3858 1267 3930 duce

189 3986 291 4071 teque
312 3980 470 4073 auspice,
490 3979 600 4072 possit
621 3980 656 4050 in
678 3992 856 4053 senectute
877 3983 1069 4074 quiescere.

693 4179 768 4190 ...ι-
