2730 4680
274 308 368 356 utnsu
389 306 892 357 vtousutusruruus.-urrsronn
917 308 957 356 xv.
1115 296 1153 356 63

84 446 210 537 algenti
241 445 449 537 proximum,
485 445 661 536 multaque
688 464 802 514 rerum
838 445 973 517 sarcina
995 465 1154 537 pressum

81 567 208 660 pariter
233 588 274 637 ao
298 567 499 638 defessum:
527 588 626 637 mens
652 566 772 637 mundi
798 566 877 639 odio
903 579 938 640 et
963 568 1018 640 sui
1044 579 1155 641 status

80 691 309 762 aestimatione
331 690 551 761 subtristior:
575 711 642 760 non
663 689 745 782 quia
766 691 900 761 senium
922 691 1019 764 iuxta
1035 703 1098 777 est,
1121 692 1157 765 id

80 813 171 884 enim
197 813 317 904 gaudii
342 813 536 898 materiam,
564 811 811 883 resolutionem
837 815 1047 906 proximam,
1070 814 1155 886 coeci

80 936 230 1008 carceris
253 936 404 1021 exitum,
439 957 479 1007 ao
504 935 618 1007 moesti
651 934 748 1006 exilii
774 933 878 1006 finem
906 936 1067 1029 spondes
1094 937 1156 1010 sed

79 1059 158 1152 quia
187 1062 278 1130 lente
301 1058 487 1131 admodum
509 1069 545 1129 et
571 1059 685 1130 serius
706 1058 882 1150 aliquanto
902 1081 1007 1152 quam
1032 1063 1155 1133 vellem

80 1183 233 1254 iuventae
250 1183 385 1274 laqueis
405 1180 588 1254 absolutus
606 1204 695 1253 som.
716 1181 829 1254 Viden
850 1183 962 1254 amice
982 1204 1087 1275 quam
1103 1185 1157 1256 di-

81 1307 193 1378 versis
217 1303 416 1378 tramitibus
437 1305 482 1378 ad
504 1327 606 1379 unam
628 1317 754 1378 metam
775 1306 965 1398 pergimus.
989 1285 1061 1379 lmo
1081 1309 1158 1401 qui·

82 1427 158 1500 dem
185 1449 294 1523 prope
314 1450 384 1499 uno
410 1429 497 1500 calle
517 1428 708 1520 gradimur,
729 1427 802 1513 sed,
820 1438 860 1498 ut
885 1426 1027 1512 litabis
1052 1441 1156 1525 atque

83 1551 156 1621 aliis
178 1549 247 1620 viae
268 1549 401 1646 spatiis.
426 1548 492 1621 Ubi
512 1571 552 1622 es
572 1549 633 1633 fni,
655 1549 713 1622 ubi
734 1550 914 1622 sumeris.
937 1553 1058 1647 ltaque
1077 1552 1156 1624 finis

84 1672 171 1744 idem
194 1673 285 1745 inter
305 1695 375 1757 nos
395 1672 578 1745 amicitiam
600 1674 691 1754 fecit,
713 1673 868 1745 euntium
890 1675 1069 1768 imparitas
1097 1700 1159 1749 va-

84 1798 149 1868 rios
167 1798 250 1869 fecit
270 1797 415 1868 allectus
433 1818 547 1889 usque
565 1798 652 1869 adeo
669 1808 708 1868 ut
724 1796 896 1869 silentium
918 1821 1047 1885 meum,
1065 1800 1158 1893 quod

84 1921 170 2014 apud
193 1930 227 1992 te
248 1919 404 1992 mirabile
424 1931 495 2004 est,
515 1929 551 1992 et
571 1943 667 1992 more
686 1920 875 1992 amantium
895 1924 1080 2014 exquisitis
1099 1944 1158 1995 eo

85 2043 213 2115 loribus
235 2052 441 2124 excusatur,
463 2042 555 2136 apud
575 2065 631 2114 me
652 2063 721 2114 non
741 2042 944 2114 excusabile
966 2043 1068 2116 modo
1094 2045 1158 2117 sed

85 2165 316 2239 necessarium
343 2166 399 2250 sit,
427 2175 463 2237 et
487 2165 682 2238 mirandum
715 2164 839 2256 potins,
875 2164 969 2258 quod
989 2165 1079 2237 inter
1109 2179 1158 2239 tot

87 2289 316 2363 obsidentium
342 2312 399 2362 me
424 2311 585 2361 curarum
619 2288 812 2381 strepitum,
836 2309 995 2361 seorsum
1028 2287 1158 2381 aliquid

86 2414 177 2507 loqui
195 2422 308 2485 vacet.
329 2414 464 2484 Durum
485 2411 521 2482 id
542 2411 603 2482 tibi
624 2411 765 2504 quidem
787 2422 824 2483 ut
844 2412 1004 2507 suspicor
1023 2411 1158 2495 auditu3

85 2558 204 2609 verum
230 2559 338 2630 perge
362 2535 507 2608 feliciter
532 2546 567 2606 et
586 2535 679 2606 vive.
706 2535 792 2606 Cum
818 2534 965 2607 veneris
985 2557 1056 2628 quo
1080 2557 1159 2629 per-

86 2659 168 2743 veni,
183 2678 310 2730 oerues
330 2658 438 2730 oeulis
460 2659 509 2729 ita
534 2678 614 2730 esse
634 2667 673 2727 ut
692 2659 827 2750 loquor,
850 2656 966 2749 etqui
988 2657 1071 2726 mibi
1095 2657 1160 2727 vix

86 2780 257 2865 crederes
286 2778 391 2852 rebus
411 2780 536 2851 credes
557 2789 593 2852 et
618 2777 677 2850 tibi
698 2778 851 2873 perinde.
873 2779 938 2863 Me,
961 2778 1085 2870 siquis
1105 2787 1160 2849 est

87 2922 175 2996 usus,
192 2903 269 2974 iure
287 2915 347 2973 tuo
368 2912 475 2984 utere,
498 2902 603 2995 inque
622 2901 743 2974 amicis
763 2910 857 2973 certa
870 2898 999 2973 fiducia
1019 2899 1156 2972 babelo.

90 3025 225 3098 Silentio
246 3036 363 3099 autem
383 3047 461 3098 meo
482 3047 594 3118 parce,
613 3046 728 3116 neque
745 3023 886 3096 crebras
906 3046 1021 3117 neque
1038 3025 1160 3114 longas

87 3149 245 3242 epistolas
266 3170 313 3221 ex
337 3171 395 3220 me
416 3170 549 3242 speres.
574 3149 683 3220 Multa
702 3169 783 3241 quae
803 3148 908 3222 modo
934 3147 1018 3219 mibi
1038 3147 1160 3219 solatio

86 3283 189 3357 erant,
213 3285 252 3345 ut
271 3272 426 3344 humana
446 3273 645 3368 rapiuntur,
668 3272 733 3344 iam
757 3272 925 3369 supplicio
946 3280 1038 3345 sunt.
1058 3272 1155 3342 Vale.
