2804 4656
198 297 257 359 uto
538 311 578 357 uu
600 309 700 358 nunus
722 309 943 357 rnuruunrnus
1033 382 1037 386 Ι

201 453 305 523 lilius:
332 450 447 521 Omnis
467 453 572 533 leorae,
596 451 720 544 inquit,
742 453 799 541 qui
815 451 951 525 comedit
976 463 1007 522 et
1033 454 1111 523 bibit
1136 467 1168 524 ct
1193 456 1284 527 videt

202 577 321 645 bonum
337 573 376 643 de
394 575 502 644 labore
521 597 596 658 suo,
615 577 673 643 ltoc
686 572 809 644 donum
823 574 886 642 Ilei
898 585 955 644 eat,
970 576 1110 659 Rarum,
1126 577 1282 670 iuquam,

201 709 237 769 et
255 698 392 789 insigne
412 697 561 769 donum:
583 697 634 767 sic
653 696 754 780 enim,
778 705 815 766 ut
835 696 980 788 intelligi
1001 697 1113 782 datur,
1135 709 1171 769 et
1192 701 1284 792 patri

82 914 84 916 Ι
202 832 236 891 et
262 819 332 891 tilio
356 821 472 890 visum
491 828 582 889 erat:
603 818 697 910 quod
719 817 774 888 cui
795 818 926 909 obtigit,
950 822 1007 890 ille
1028 821 1159 912 gratias
1185 833 1282 914 agat3

203 943 257 1015 eui
280 957 428 1033 negatur
447 938 549 1028 forte,
571 941 629 1010 ille
651 962 690 1011 se
707 939 845 1035 publica
862 945 1071 1028 consoletur,
1085 965 1200 1035 neque
1213 946 1284 1015 ulla

205 1066 371 1156 singulari
389 1064 514 1135 iniuria
532 1084 569 1135 se
586 1063 745 1134 affectum
766 1064 872 1147 sciat,
891 1087 1005 1157 neque
1022 1065 1107 1136 illud
1123 1065 1281 1136 eiusdem

205 1188 398 1260 Salomonis
431 1188 559 1258 dictum
597 1187 752 1258 excidat:
791 1187 880 1256 Num
921 1207 995 1256 corn
1033 1191 1118 1256 nlius
1147 1190 1281 1273 loborat,

205 1313 260 1397 ait,
288 1316 324 1382 ia
349 1312 511 1402 supientia
531 1321 561 1379 et
590 1308 740 1407 doctrino
759 1321 791 1378 et
805 1307 1011 1378 solicitudine
1031 1310 1157 1379 homini
1183 1314 1283 1380 otioso

205 1436 342 1523 quaesitu
364 1430 506 1514 dimittit,
536 1442 567 1500 ct
591 1433 649 1501 ltoc
671 1452 748 1519 erqo
765 1433 899 1501 conitus
919 1443 954 1505 ,et
973 1454 1130 1523 magnum
1146 1435 1281 1504 malum.

206 1557 371 1645 Magnum
396 1555 506 1637 fateor
533 1552 597 1625 sed
624 1575 818 1625 commune.
847 1555 896 1625 Tu
922 1576 1010 1625 vero
1035 1555 1198 1646 quotiens
1224 1569 1284 1628 aut
1396 1628 1397 1631 ,

206 1688 366 1748 naturam
390 1685 450 1748 aut
475 1666 646 1747 fortunam
671 1698 838 1749 accusare
862 1679 979 1764 celeo,
1001 1677 1151 1768 primum
1171 1680 1284 1769 cogita

207 1822 251 1870 an
272 1809 310 1870 tu
331 1801 437 1881 solus
462 1821 505 1871 an
528 1821 619 1870 unus
639 1819 686 1871 ex
706 1798 858 1871 millibus
883 1800 1018 1894 patiare
1036 1800 1208 1892 quidquid
1231 1813 1285 1873 est

206 1944 277 2015 quo
299 1923 484 2017 premeris,
511 1943 555 1993 ne
582 1922 612 1992 si
637 1944 822 1994 commune
854 1923 1008 1993 omnium
1041 1932 1114 1994 aut⁸
1133 1923 1284 2015 plurium

208 2049 336 2118 malurn
352 2055 416 2130 est,
431 2046 477 2118 ad
497 2046 729 2119 accusandam
748 2045 1002 2140 providentiam
1019 2044 1172 2117 divinam
1193 2030 1284 2117 unus

83 2210 84 2213 =
139 2191 141 2201 ·
206 2172 431 2260 querulorum
453 2169 606 2240 omnium
627 2191 829 2261 compareas
847 2177 1062 2260 procurator.
1080 2168 1123 2237 Et
1139 2168 1184 2238 de
1200 2189 1286 2260 que-

210 2292 290 2360 relis
310 2291 490 2362 haetenus.
512 2292 567 2362 Ad
588 2291 623 2361 id
643 2313 729 2361 vero
749 2293 844 2382 quod
865 2291 949 2362 mihi
972 2301 1041 2362 tum
1060 2291 1190 2362 obnixe
1208 2314 1285 2383 gra-

196 2413 274 2492 tias
295 2412 370 2502 agis
391 2414 493 2503 quasi
513 2414 727 2483 fortunarum
749 2425 884 2484 tuarum
903 2415 1149 2507 propugnatori
1168 2415 1283 2498 unice,

142 2624 145 2630 .
209 2533 291 2623 quia
310 2553 425 2624 neque
446 2554 563 2604 meum
583 2535 746 2644 meritum
766 2535 887 2607 verbis
911 2540 1076 2622 attollere,
1100 2538 1286 2629 nequede

207 2655 358 2746 primore
379 2654 484 2726 fidem
503 2658 626 2743 velim,
645 2658 692 2728 nil
712 2659 806 2730 aliud
821 2658 934 2730 dicam
955 2661 1022 2731 nisi
1043 2660 1284 2732 Terentianum

209 2777 294 2846 illud
315 2778 348 2846 in
370 2777 523 2850 Andria:

370 2968 473 3080 nin
490 2968 566 3096 nt
584 2921 1048 3098 nniunn‘llltt,
1067 3026 1097 3081 a

368 3116 400 3176 ld
416 3121 536 3192 gratum
552 3117 648 3180 luisse
664 3119 830 3182 adversum
846 3123 876 3181 te
893 3118 988 3181 haheo
1006 3117 1144 3196 gratiam.

194 3268 299 3341 'Vive
320 3280 354 3339 et
373 3271 452 3341 vale
473 3272 582 3342 nostri
602 3295 745 3344 memor.
