2738 4680
213 301 271 361 lll
420 358 423 362 ,
546 311 586 359 na
608 313 708 360 nunus
731 312 952 361 rnrnnnaruus

212 449 398 533 obiectant,
420 448 457 518 hi
479 448 609 520 scilicet
628 449 688 542 qui
705 448 787 518 milri
803 470 952 540 meoque
973 446 1103 517 nomini
1125 446 1294 519 invident.

166 555 176 577 ᾗ
212 577 299 646 Nam
320 573 385 644 etsi
408 564 620 665 magnopere
642 571 837 644 invidiosus
858 592 926 642 non
949 593 1039 653 snm,
1064 582 1179 641 tamen
1201 571 1296 661 qnod

213 695 397 791 aliquando
418 718 485 767 non
508 695 657 780 credidi,
679 695 842 789 quodque
864 717 943 767 sero
960 694 1298 776 admodumadver-

214 822 251 906 ti,
271 829 364 893 certe
384 819 460 890 sine
478 818 605 890 invidis
624 839 693 888 non
711 841 802 889 sum.
817 818 921 910 Atqui
941 829 1021 888 ante
1039 819 1167 889 multos
1185 838 1298 888 annos

213 944 354 1038 quando
377 942 540 1035 equidem
561 943 595 1012 in
617 965 672 1013 me
693 943 830 1033 magnis
857 940 1040 1011 affectibus
1067 939 1204 1023 licebat,
1229 961 1299 1010 non

187 1151 189 1155 ¹
214 1043 414 1140 verbo'ant
431 1067 559 1161 scripto
585 1065 754 1158 quolibet,
784 1065 848 1136 sed
873 1066 1027 1137 carmine
1052 1065 1097 1136 ad
1122 1065 1299 1156 insignem

216 1192 402 1285 quemdam
425 1189 540 1261 virum
554 1188 672 1274 misso,
687 1188 913 1260 conscientiae
932 1186 1043 1260 fidens
1062 1186 1218 1281 profiteri
1235 1211 1299 1259 au-

215 1334 392 1399 sussum,
420 1335 477 1385 me
509 1312 594 1382 nihil
620 1313 679 1382 ulli
705 1311 884 1382 hominurn
905 1311 1075 1383 invidere.
1102 1310 1173 1382 Sed
1197 1323 1299 1383 esto:

116 1421 118 1425 ⁸
214 1459 284 1508 non
304 1436 370 1507 sim
391 1436 520 1527 dignus
538 1436 594 1506 cni
610 1436 783 1507 credatur.
800 1434 910 1518 Quam
930 1434 1068 1506 tandem
1087 1435 1162 1505 veri
1177 1437 1299 1506 faciem

215 1559 322 1630 habet
342 1569 380 1630 ut
399 1559 573 1632 invideam
597 1559 643 1629 illi
666 1558 781 1651 quiin
802 1557 856 1629 his
873 1568 1015 1629 aetatem
1037 1566 1143 1630 totam
1166 1560 1298 1651 posuit,

215 1683 398 1776 inquibus
433 1701 500 1774 ego
534 1682 597 1752 vix
629 1681 876 1753 adolescentiae
900 1683 1026 1752 llorem
1061 1682 1303 1775 primitiasque

216 1783 404 1899 posuerim,
441 1816 480 1876 nt
512 1804 606 1897 quod
635 1804 682 1874 illi
713 1802 896 1875 artificium
918 1804 1038 1875 nescio
1063 1826 1107 1874 an
1132 1805 1299 1890 unicum,

217 1927 281 1999 sed
302 1931 454 2022 profecto
476 1949 676 2021 supremum
696 1927 772 2010 fuit,
794 1927 877 1996 mihi
895 1929 994 1998 iocus
1012 1937 1117 2020 atque
1139 1928 1301 1999 solatium

216 2051 327 2134 luerit,
350 2049 480 2142 ingenii
502 2049 762 2121 rudimentum?
793 2050 880 2134 Quis
902 2049 969 2135 hic,
992 2072 1126 2143 precor,
1158 2051 1301 2123 invidiae

137 2243 141 2250 .
215 2176 337 2245 locns‘?
357 2175 491 2259 Quaeve
513 2174 667 2266 suspicio
688 2177 764 2245 est?
784 2173 871 2246 Nam
889 2173 982 2265 quod
1001 2175 1091 2245 inter
1110 2175 1234 2246 laudes
1250 2174 1303 2247 di-

217 2298 313 2382 xisti,
337 2297 496 2390 potnisse
522 2297 620 2367 illum
648 2296 677 2366 si
702 2297 875 2368 voluisset
896 2296 963 2368 alio
990 2296 1069 2368 stilo
1100 2298 1168 2382 uti,
1196 2299 1301 2370 credo

221 2420 367 2512 aedepol.
390 2420 516 2509 Magna
538 2419 629 2488 enim
651 2418 735 2488 mihi
756 2417 800 2489 de
827 2419 967 2509 ingenio
987 2419 1063 2491 eius
1085 2421 1201 2514 opinio
1223 2432 1300 2494 est:

219 2540 376 2633 potuisse
397 2541 489 2611 enirn
511 2541 626 2611 omnia
645 2537 775 2633 quibus
797 2541 1019 2627 intendisset,
1041 2565 1133 2614 nuno
1152 2566 1199 2615 ex
1225 2547 1303 2637 qni-

220 2663 288 2736 hus
309 2663 497 2735 intenderit
528 2666 640 2757 palam
667 2675 732 2735 est.
754 2665 798 2736 Et
822 2674 899 2735 esto
924 2665 1065 2737 iterum:
1093 2666 1301 2754 intenderit,

219 2786 386 2881 potnerit,
418 2787 628 2880 impleverit;
661 2787 747 2882 quid
779 2788 916 2862 tandem
946 2789 1039 2875 ideo,
1067 2813 1194 2884 quaeve
1222 2792 1303 2865 inde

220 2909 304 2979 mihi
325 2909 468 2981 invidiae
490 2921 525 2980 et
545 2933 613 2981 non
632 2912 748 3004 potius
770 2912 889 3003 gaudii
908 2915 1075 2985 materia?
1092 2914 1138 2985 At
1153 2915 1210 2987 cui
1229 2926 1303 2986 tan-

219 3030 299 3102 dem
321 3032 477 3104 invideat
501 3033 560 3126 qui
583 3033 725 3126 Virgilio
751 3057 819 3105 non
845 3033 998 3106 invidet?
1022 3036 1095 3107 Nisi
1121 3039 1209 3107 forte
1236 3038 1303 3107 sibi

220 3156 388 3226 lullonum
409 3164 444 3226 et
464 3177 660 3249 cauponum
682 3167 718 3227 et
738 3158 941 3230 lanistarum
963 3172 1227 3243 caeterorumve,
1243 3161 1304 3253 qni

220 3299 309 3371 quos
344 3280 468 3350 volunt
498 3279 642 3350 laudare
660 3280 868 3375 vituperant,
900 3284 1060 3377 plausum
1093 3295 1129 3352 et
1158 3304 1303 3355 raucum

221 3422 380 3476 murmur
401 3401 590 3488 invideam,
613 3403 740 3496 quibus
767 3429 845 3477 cnm
873 3404 948 3500 ipso
974 3406 1130 3497 Virgilio,
1153 3429 1304 3499 eumque

221 3529 372 3599 Homero
390 3548 510 3598 carere
527 3549 584 3597 me
602 3529 768 3618 gratulor.
789 3530 875 3600 Novi
894 3529 986 3600 enirn
1005 3531 1125 3622 quanti
1146 3530 1191 3600 sit
1211 3530 1305 3623 apud

222 3650 344 3723 doctos
371 3650 587 3724 indoctorum
608 3653 698 3722 laus:
720 3653 776 3722 vel
800 3653 866 3722 nisi
887 3665 1096 3725 mantuanus
1122 3653 1304 3726 llorentino

222 3775 300 3847 cive
333 3775 416 3845 mihi
451 3776 564 3847 carior
596 3784 650 3846 est
682 3775 891 3858 credendus
923 3777 1017 3870 quod
1046 3766 1143 3869 origo
1177 3799 1240 3872 per
1265 3799 1304 3848 se

223 3895 346 3990 ipsam,
374 3899 443 3969 nisi
462 3898 548 3991 qnid
569 3899 664 3971 alind
685 3901 886 3987 accesserit,
905 3922 972 3971 non
993 3911 1162 3972 meretur:
1180 3923 1304 3994 quam·

222 4018 278 4089 vis
300 4021 384 4094 illud
402 4044 469 4093 non
485 4019 632 4107 inficier,
653 4024 742 4094 inter
756 4024 888 4095 vicinos
904 4025 1121 4118 potissimum
1137 4025 1303 4097 invidiam

225 4161 383 4232 regnare.
418 4145 487 4217 Sed
521 4145 753 4238 suspicionem
789 4148 878 4219 hanc
908 4159 1036 4243 praeter
1070 4150 1189 4233 multa,
1223 4170 1302 4241 quae
