2992 4664
183 301 240 361 aet
639 315 801 363 rnnrnauu

82 467 85 473 '
182 460 323 549 gnitiem
344 479 456 528 meam
477 459 624 551 oeterni)
654 461 917 533 excusationem
943 479 1014 531 non
1038 460 1263 554 Epitaphium
1366 464 1369 471 ’

185 579 387 661 meditabar,
418 581 531 672 utqui
551 585 769 674 multumque
790 584 857 653 alia
870 604 1032 654 curarum
1048 582 1123 653 acie
1142 583 1267 656 obses·

185 724 247 773 sus
267 713 301 773 et
322 703 585 795 occupationum
615 727 771 777 mearum
806 708 896 776 mole
920 704 1065 776 obrutus
1086 705 1206 790 vobis,
1228 716 1267 776 ut

185 843 276 906 reor,
303 825 406 894 animi
435 827 558 895 saltem
591 826 739 916 augurio
772 848 840 896 non
875 826 1009 915 ignota,
1047 848 1110 896 uec
1140 828 1266 919 coeptis

184 948 258 1040 ipse
276 946 443 1018 sufficiam
464 948 565 1031 meis,
588 957 624 1018 et
640 969 751 1039 usque
772 948 861 1019 adeo
881 945 926 1018 ab
948 948 1148 1018 huiusmodi
1169 951 1268 1021 iuve-

184 1069 310 1141 nilibus
330 1069 506 1140 exercitiis
529 1072 593 1139 sim
620 1071 830 1154 distractus,
860 1086 897 1141 ut
929 1091 999 1141 non
1032 1069 1099 1140 iam
1126 1072 1267 1163 antiqua

184 1204 341 1288 repetere
361 1192 492 1275 videar,
516 1193 580 1264 sed
603 1214 693 1264 nova
723 1214 865 1286 prorsus
887 1205 923 1264 et
952 1194 1087 1264 insueta
1115 1203 1265 1279 tentare,

183 1317 338 1410 vitaeque
359 1319 506 1388 metiens
525 1315 731 1386 brevitatem
758 1326 794 1386 et
819 1315 1125 1386 fundamentorum
1148 1315 1269 1407 ampli-

184 1441 339 1511 tudinem
362 1459 443 1531 quae
465 1438 528 1508 ieci
561 1439 684 1509 sedulo
705 1460 840 1508 mecum
863 1437 939 1532 ipse
960 1439 1163 1521 remetiens,
1186 1459 1268 1508 con-

185 1561 393 1633 tremiscam.
423 1560 573 1652 Ideoque
600 1559 803 1652 iampridem
832 1561 940 1631 semel
966 1557 1267 1635 mentefirmave-

184 1706 273 1765 ram,
297 1681 380 1752 nihil
402 1705 556 1774 unquam
576 1684 635 1752 vel
648 1682 776 1773 ingenii
789 1682 967 1764 exercitio,
984 1683 1041 1752 vel
1062 1680 1267 1772 cuiusquam

184 1805 365 1898 precibnS,
389 1808 445 1874 vet
471 1805 628 1898 qualibet
649 1827 712 1875 seu
729 1805 939 1876 necessitate
960 1826 1024 1876 seu
1044 1803 1270 1875 delectatione

184 1928 341 1998 materiae
374 1926 455 1997 novi
491 1927 655 1997 carminis
681 1926 845 2019 aggredi,
875 1927 960 1997 satis
995 1947 1170 2019 superque
1195 1926 1271 1996 exi-

185 2050 331 2120 stimans
375 2050 405 2119 si
445 2049 569 2127 notive
610 2059 695 2120 vota
728 2049 973 2120 successerint.
1008 2044 1108 2131 ouod
1136 2068 1272 2140 praeru-

184 2181 280 2263 ptum
315 2171 420 2242 animi
451 2170 645 2253 decretum,
669 2173 827 2261 neglecta
849 2170 985 2241 interim
1018 2169 1148 2260 ingenii
1169 2191 1272 2261 aspe-

119 2388 121 2393 1
185 2293 294 2364 rioris'
315 2293 469 2373 infamia,
498 2301 620 2361 contra
645 2291 814 2362 fervidam
849 2293 1040 2362 amicorum
1069 2291 1270 2362 instantiam

184 2413 433 2484 inexorabilem
453 2433 546 2505 saepe
567 2435 624 2482 me
646 2414 763 2485 tenuit.
780 2414 871 2498 Quid
889 2417 1018 2485 multa?
1031 2415 1100 2485 lam
1116 2415 1270 2485 calamus

184 2546 259 2606 erat
288 2538 322 2604 in
356 2534 535 2617 manibuS,
567 2535 706 2627 iamque
739 2536 921 2607 excusatio
956 2535 1159 2620 texebatur,
1187 2536 1270 2606 dum

185 2657 350 2727 secundae
377 2649 596 2726 inteiventus
631 2657 790 2748 epistolae
816 2657 972 2728 iniiciens
1007 2680 1147 2729 manum
1182 2657 1272 2728 diffi-

184 2779 337 2851 dentiam
360 2778 521 2863 abstutit‚
545 2779 712 2871 pudorem
736 2780 863 2864 attulit,
886 2781 1048 2852 duritiem
1070 2780 1274 2872 frog-itiite-

185 2922 253 2992 que
282 2904 472 2987 calamum,
501 2925 606 2994 quem
633 2902 678 2972 ad
698 2901 898 2993 negandum
920 2925 1110 2996 coeperam,
1134 2901 1178 2972 ad
1211 2922 1272 2993 pa-

185 3023 332 3094 rendum
351 3023 458 3107 verti,
473 3024 615 3116 quidet
628 3046 689 3116 per
703 3046 821 3116 quem,
837 3035 871 3094 et
888 3045 951 3117 pro
968 3046 1038 3116 quo
1055 3034 1269 3118 posceretur,

185 3145 317 3238 quidve
350 3157 385 3216 et
418 3146 521 3216 huius
547 3148 709 3219 amicitiae
731 3159 766 3218 et
791 3147 883 3216 illius
910 3147 1085 3218 memoriae
1109 3145 1270 3229 debeam,

185 3268 310 3341 acriter
331 3289 466 3338 mecum
488 3271 647 3340 volvens.
670 3269 801 3340 Eadem
829 3269 915 3340 hora
948 3269 1053 3359 igitur
1078 3268 1272 3360 eademque

186 3392 344 3464 sessione
360 3390 622 3483 quatuordecim
657 3393 776 3482 elegos
801 3391 944 3473 dictavi,
975 3390 1034 3482 qui
1061 3390 1089 3458 si
1116 3390 1184 3459 mei
1205 3411 1271 3460 non

185 3512 415 3594 videbuntur,
438 3511 544 3582 nolite
565 3509 700 3592 mirari;
728 3534 809 3582 nam
840 3534 904 3582 nec
938 3532 1005 3601 ego
1039 3519 1076 3579 ut
1109 3531 1273 3601 cuperem

186 3656 285 3704 meus
313 3655 406 3717 sum,
434 3655 497 3704 nec
532 3653 609 3703 sum
645 3634 700 3704 itte
727 3633 784 3726 qui
824 3637 971 3705 fueram:
1003 3633 1051 3704 ita
1082 3653 1139 3703 me
1166 3635 1273 3703 muita
1337 3646 1342 3663 ¹

185 3757 488 3847 circumstrepunt:
511 3777 723 3846 quamquam
745 3756 811 3826 hoc
832 3758 879 3825 ita
900 3757 1005 3826 velim
1024 3755 1134 3847 accipi
1148 3777 1272 3825 verum

185 3896 283 3958 esse,
315 3877 371 3947 ubi
397 3899 451 3948 me
485 3879 606 3948 vivum
636 3899 799 3969 measque
833 3900 889 3950 res
924 3881 1071 3949 intueor.
1101 3879 1188 3948 Nam
1216 3877 1273 3948 ubi

187 3998 274 4069 alios
295 4010 330 4070 et
347 4001 535 4091 humanum
551 4022 663 4094 genus
677 4024 779 4073 omne
793 4005 1021 4094 contemptor,
1040 4003 1274 4073 multaiateor

188 4133 374 4192 occurrunt
410 4121 499 4192 unde
536 4125 601 4221 inei
634 4133 746 4212 status
779 4147 857 4194 cum
885 4125 1008 4194 atienae
1037 4124 1142 4195 sortis
1168 4126 1274 4193 cotta-
