2804 4656
196 300 255 359 “loll
536 317 576 363 nu
598 317 699 364 nunus
722 317 946 369 rnlrrnmmnus

201 488 215 520 l
245 456 377 548 fingere
403 479 470 527 non
505 468 560 527 est
593 469 724 529 nostrae
758 462 945 552 religionis.
974 489 989 524 »
1024 459 1143 544 Lude,
1169 463 1283 554 inquit

200 610 215 642 »
244 581 314 651 ille:
341 580 528 663 hominem,
565 580 628 651 sed
657 582 777 654 divino
807 582 948 675 ingenio
982 584 1091 654 luisse
1130 584 1280 654 Tullium

201 733 214 765 l
244 703 324 773 scio.
353 730 367 766 (l
397 704 477 783 Hoc,
505 703 656 796 inquam,
682 705 800 798 ‘utique
823 705 965 776 rectius.
988 707 1076 775 Nam
1098 708 1280 778 coelestem

200 854 214 888 »
242 825 473 909 Quintilianus
492 824 650 909 dicendo,
673 847 798 897 verum
819 825 920 896 dixit.
943 826 1012 898 Sed
1033 827 1061 898 si
1088 826 1279 909 homofuit,

200 975 213 1007 r
242 959 278 1017 et
301 967 442 1017 errasse
475 949 629 1040 profecto
662 948 773 1039 potuit
805 957 841 1018 et
873 950 1015 1021 erravit.
1044 977 1059 1013 l)
1086 952 1170 1020 Haeo
1196 950 1280 1022 dum

193 1069 358 1154 dicerem,
379 1071 601 1155 cohorrebat,
629 1083 665 1143 et
691 1073 793 1163 quasi
819 1092 888 1141 uon
910 1072 945 1142 in
969 1075 1093 1144 famam
1116 1070 1279 1155 alleriuS,

196 1192 316 1263 sedin
346 1214 448 1264 suum
475 1202 580 1286 caput
612 1192 804 1277 diceretur,
827 1194 1070 1266 aversabatur.
1093 1194 1170 1286 Ego
1195 1214 1281 1265 vero

192 1316 278 1408 quid
315 1316 481 1398 dicerem,
518 1315 733 1386 Ciceroniani
773 1316 924 1388 nominis
958 1328 993 1388 et
1025 1318 1101 1410 ipse
1139 1317 1283 1386 mirator

195 1439 394 1508 maximus?
428 1439 533 1506 Seuili
569 1437 686 1508 ardori
714 1447 750 1509 et
776 1448 874 1511 tauto
920 1438 1037 1510 studio
1081 1435 1283 1528 gratulabar

193 1559 357 1650 quiddam
368 1559 760 1652 sciliceththagoreum
772 1561 948 1633 redolenti:
965 1569 1094 1633 tantam
1111 1563 1217 1632 nnius
1231 1563 1281 1630 in-

194 1682 285 1783 genii
307 1682 540 1753 reverentiam
561 1703 651 1766 esse,
675 1694 805 1755 tantam
828 1685 1051 1776 religionem,
1066 1686 1282 1755 uthumanae

195 1804 439 1877 imbecillitatis
460 1806 494 1874 in
520 1828 563 1877 eo
589 1807 721 1898 aliquid
755 1807 928 1900 suspicari
954 1807 1137 1898 sacrilegio
1163 1807 1282 1901 proxi-

194 1952 289 2000 mum
335 1928 522 1999 haberetur
566 1927 779 2020 gaudebam,
829 1929 1053 2022 mirabarque
1097 1931 1279 2001 iuvenisse

195 2052 384 2134 bominem,
419 2051 480 2144 qui
518 2053 596 2143 plus
634 2074 689 2123 me
727 2052 823 2123 illum
860 2051 1040 2143 diligeret,
1072 2072 1178 2144 quem
1212 2072 1280 2142 ego

195 2198 334 2270 semper
366 2196 439 2267 prae
469 2173 631 2246 omnihus
657 2175 882 2260 dilexissem,
905 2178 1036 2268 quique
1061 2195 1167 2267 quam
1197 2172 1282 2243 milri

154 2386 156 2391 ,
196 2321 304 2392 puero
324 2300 435 2370 fuisse
456 2301 698 2382 memineram,
717 2321 794 2369 eam
816 2299 860 2371 de
882 2301 944 2371 illo
959 2322 1067 2371 senex
1085 2299 1282 2392 opinionem

196 2429 333 2511 gereret
350 2418 520 2489 altissime
538 2419 745 2500 radicatam;
760 2441 826 2490 nec
839 2420 994 2510 cogitare
1007 2418 1149 2512 quidem
1162 2432 1284 2512 posset

195 2565 238 2613 ea
258 2550 382 2619 aetate,
406 2540 511 2610 homo
534 2543 561 2609 si
589 2539 652 2610 luit
678 2540 807 2624 Cicero,
831 2563 1051 2633 consequens
1077 2563 1157 2612 esse
1182 2552 1222 2612 ut
1247 2543 1282 2610 in

197 2648 422 2752 quibusdam,
446 2682 490 2731 ue
510 2660 624 2732 dicam
646 2665 774 2746 multis,
796 2665 983 2736 erraverit:
998 2664 1174 2756 quodego
1188 2674 1283 2736 certe

195 2787 264 2854 iarn
301 2787 428 2880 partim
463 2787 591 2877 cogito,
628 2787 753 2878 parlim
789 2786 874 2871 scio,
905 2789 972 2857 etsi
1006 2785 1121 2858 adhuc
1153 2787 1283 2856 nullius

196 2930 297 3002 oeque
329 2911 483 2981 delecter
504 2908 674 3003 eloquio3
712 2932 777 2980 nec
809 2912 899 3003 ipse,
934 2911 979 2981 de
1000 2929 1070 3000 quo
1091 2911 1280 3002 loquimur,

196 3033 329 3102 Tullius
350 3033 500 3123 ignorat,
524 3054 619 3127 saepe
644 3034 688 3104 de
715 3033 864 3126 propriis
887 3032 1041 3123 graviter
1057 3041 1205 3122 questus
1227 3053 1285 3101 er-

196 3154 348 3238 roribus,
372 3177 475 3248 quem
497 3156 564 3226 nisi
592 3159 642 3227 sic
665 3156 710 3226 de
737 3178 776 3227 se
803 3155 959 3226 sensisse
989 3157 1174 3238 fateamur,
1208 3156 1283 3225 lau-

149 3264 161 3325 j
195 3278 301 3350 dandi
324 3277 479 3359 libidine,
502 3288 537 3350 et
557 3281 716 3350 notitiam
744 3280 799 3350 sui
824 3280 950 3374 ipsiuS,
982 3289 1017 3350 et
1042 3299 1204 3369 magnam
1233 3278 1283 3348 illi

197 3415 329 3496 partem
352 3401 602 3496 philosophicae
625 3403 739 3474 laudis
761 3403 945 3497 eripimus,
969 3401 1187 3473 modestiam.
1207 3402 1284 3471 (2ae-

198 3536 312 3597 terum
329 3549 394 3598 nos
411 3526 468 3598 die
483 3525 549 3609 illo,
565 3536 646 3618 post
658 3528 799 3616 longum
815 3546 1024 3610 sermonem,
1040 3525 1126 3594 lrora
1140 3522 1281 3593 demum

197 3648 455 3741 interpellante,
485 3647 720 3729 surreximus,
748 3658 852 3739 atque
874 3645 956 3716 inde
982 3645 1119 3735 integra
1145 3643 1205 3737 lile
1230 3642 1283 3712 di-

199 3784 357 3843 scessum
379 3781 454 3842 est:
479 3770 541 3842 sed
561 3769 713 3859 exegisti
734 3756 906 3852 ultimum,
934 3777 973 3839 ut
991 3766 1089 3861 quod
1106 3777 1188 3838 tunc
1204 3765 1285 3836 bre-

199 3894 291 3966 vitas
314 3895 479 3986 temporis
501 3915 569 3964 non
591 3890 739 3974 sinebat,
768 3891 826 3962 ubi
853 3891 1002 3985 primum
1030 3888 1282 3970 constitissem,

200 4021 398 4112 exemplum
427 4016 487 4086 tibi
512 4016 669 4108 epistolae
697 4015 879 4106 utriusque
905 4014 1186 4094 transmitterem,
1214 4032 1285 4104 quo

202 4159 239 4206 re
273 4141 388 4210 aerius
414 4161 583 4220 excussa,
617 4139 671 4207 vol
705 4147 886 4228 sequester
919 4135 1015 4230 pacis
1042 4137 1133 4204 inter
1153 4146 1281 4227 partes,
