2730 4680
231 310 269 370 62
566 318 607 367 nu
627 319 728 367 annus
750 319 971 368 ruururuumus

228 472 292 542 est,
312 459 409 551 quod
426 457 546 548 negari
567 458 694 548 quovis
715 456 860 549 imperio
879 478 949 527 non
971 466 1094 548 potest,
1113 459 1208 529 nudo
1229 460 1307 530 licet

229 606 269 655 ac
290 582 399 654 libero
419 582 544 653 affeetu
565 578 672 650 rebus
692 577 869 671 oppressis
891 579 1011 661 milito,
1034 589 1068 651 et
1089 589 1128 650 ul
1147 591 1304 653 vestrum

228 728 329 790 unus,
351 716 515 776 eventum
543 703 601 774 fati
623 702 751 773 anxius
772 714 875 794 atque
896 703 1010 773 animo
1031 725 1228 798 suspensus
1248 728 1307 798 op

226 829 352 924 perior.
374 827 524 898 Proinde
544 825 630 918 quid
651 846 802 917 sperem,
826 845 889 894 seu
910 824 995 916 quid
1014 827 1136 918 loquar
1156 829 1306 920 amplius

226 975 295 1024 non
313 952 434 1032 habeo,
454 949 518 1021 nisi
540 948 693 1020 Philonis
715 970 824 1039 grave
844 947 927 1019 illud
948 960 983 1021 et
999 948 1146 1022 dicentis
1166 951 1306 1042 ingenio

224 1088 260 1148 et
271 1074 438 1170 praesenti
454 1096 570 1144 rerum
590 1070 693 1143 statui
710 1070 924 1143 conveniens
942 1071 1088 1142 dictum:
1102 1071 1195 1144 bono
1213 1074 1304 1145 enim

226 1199 341 1269 animo
366 1218 446 1268 esse
466 1204 615 1288 oportet,
643 1190 725 1285 quia
745 1214 891 1264 necesse
911 1203 966 1263 est
991 1194 1117 1265 adesse
1143 1196 1305 1267 Divinum

225 1317 284 1388 ubi
306 1318 496 1388 humanum
518 1326 633 1386 cessat
658 1315 838 1387 auxilium.
861 1315 905 1385 El
925 1315 1009 1387 illud
1030 1315 1226 1389 Terentiani
1252 1339 1306 1390 se-

225 1443 279 1512 nis
295 1441 329 1509 in
351 1439 540 1532 Adelphis:

364 1624 405 1687 lta
423 1624 484 1686 vita
502 1631 547 1686 est
563 1624 726 1686 hominum
742 1625 829 1704 quasi
845 1641 917 1687 cum
934 1624 1020 1688 ludas
1036 1624 1179 1688 tesseris:

366 1721 399 1784 Si
416 1720 489 1783 illud
505 1723 588 1800 quod
603 1721 738 1784 maxime
755 1729 801 1784 est
817 1738 893 1801 opus
910 1725 990 1785 iactu
1005 1741 1067 1786 non
1082 1723 1171 1813 cadit,

365 1821 440 1884 lllud
456 1837 579 1900 quoque
596 1821 704 1886 cecidit
720 1823 799 1884 forte
816 1823 846 1884 id
862 1829 928 1886 arte
946 1831 980 1885 ut
996 1823 1143 1902 corrigas.

225 1990 309 2062 lude
332 2000 364 2062 te
385 2012 446 2062 oro
467 2015 536 2085 qua
556 2003 671 2085 poteS,
694 1994 902 2088 afflictaeque
918 1996 1129 2090 Reipublicae
1143 2000 1299 2069 solamen

225 2115 305 2186 hinc
326 2116 508 2186 consilium
530 2116 667 2188 elicito:
690 2129 725 2189 et
744 2121 824 2190 vale
842 2120 952 2190 nostri
972 2142 1115 2192 memor,

367 2261 479 2334 Raptim
493 2262 621 2334 ambigua
634 2236 689 2318 iam
703 2265 774 2318 luce.
791 2264 852 2318 VII.
868 2263 1006 2320 Kalendas
1021 2265 1195 2322 Novembris.

643 2799 819 2864 uetsuoun
839 2803 885 2864 Ill.

283 2970 476 3020 ualuclscus
499 2970 668 3020 PETRARGA
688 2971 934 3020 Bdli'l'HOLOlllAEO
949 2973 1106 3022 GENUENSI
1120 2973 1145 3020 S'.
1163 2973 1191 3021 P.
1209 2974 1239 3022 D.

258 3131 360 3203 Longis
374 3131 534 3203 crebrisque
547 3131 670 3204 epistolis
686 3130 839 3186 scribendis
854 3147 883 3185 se
897 3147 1008 3203 operam
1024 3132 1089 3187 dare
1103 3148 1160 3187 non
1172 3150 1262 3205 posse.

320 3396 479 3467 Amicum
505 3397 591 3469 facie
621 3398 776 3489 ignotum
803 3401 838 3469 in
864 3399 989 3470 litteris
1015 3400 1140 3472 video:
1168 3400 1298 3473 florens

225 3532 329 3614 atque
355 3520 491 3610 integra
512 3532 567 3592 est
585 3530 688 3602 aetaS,
710 3521 836 3592 ardens
863 3521 1055 3613 ingenium,
1083 3524 1296 3616 expeditum,

224 3647 340 3728 velox,
369 3645 448 3713 laeta
477 3664 576 3713 mens
606 3654 641 3715 et
669 3643 740 3715 otio
771 3642 965 3728 abundans,
997 3646 1158 3717 amicitiae
1191 3653 1300 3719 multa

224 3768 289 3839 vis.
325 3769 455 3839 Horum
496 3765 579 3836 mihi
616 3777 744 3861 praeter
783 3767 944 3840 ultimum
981 3769 1066 3840 nihil
1102 3781 1166 3841 est.
1202 3772 1299 3842 AEtas

224 3891 292 3961 iam
326 3890 481 3977 devexa,
515 3901 554 3961 ut
584 3889 642 3983 qui
670 3910 765 3981 aegre
800 3903 961 3984 superato
990 3893 1120 3964 vertice
1151 3894 1298 3988 lapidosi

225 4014 351 4083 montis
381 4015 448 4085 iam
479 4014 694 4087 descendere
723 4013 854 4106 incipit,
873 4026 908 4087 et
941 4015 1000 4106 qui
1030 4016 1144 4087 nitens
1173 4038 1298 4090 ascen-

224 4133 335 4218 derat,
359 4159 489 4226 pronus
512 4140 617 4209 leriur
643 4137 688 4209 ad
709 4137 861 4230 reliqua:
885 4138 1061 4228 ingenium
1083 4139 1237 4233 tepidum
1263 4150 1296 4211 et
