2730 4680
204 340 242 399 tl
545 354 586 399 on
608 353 707 400 nunus
729 352 951 402 rtnmmmnus

206 486 333 558 dicium
357 491 413 559 vol
436 498 494 559 tun
516 510 593 559 sors
614 490 761 581 appulit,
783 499 982 561 constanter
1003 491 1191 576 inhaereas,
1219 515 1289 568 neu

206 613 360 705 quotidie
380 635 472 684 nova
496 612 578 682 vitae
599 612 742 683 consilia
763 612 911 683 ordiare.
933 613 986 682 Nil
1008 615 1144 706 turpius
1165 615 1289 688 viatori

206 760 311 828 quam
331 736 466 808 nescire
483 759 552 829 qno
570 736 704 807 tendat:
723 737 772 807 nil
789 736 867 806 viro
882 739 1019 829 turpius
1033 760 1137 830 qnam
1155 742 1292 837 nescire

207 860 291 952 qnid
309 860 400 930 velit.
416 858 657 952 Nequidquam
673 862 750 930 vela
762 858 886 930 leceris
900 860 1139 951 gubernaculo
1147 863 1291 933 amisso

185 981 278 1052 ¹lbis
298 989 390 1052 enim
412 1002 482 1074 quo
510 995 543 1054 te
565 1004 632 1053 non
654 983 741 1054 ratio
768 984 898 1067 tulerit,
922 985 984 1054 sed
1009 985 1156 1056 fortuna.
1183 984 1293 1056 Nobis

209 1104 317 1177 fixum
340 1129 361 1176 a
387 1106 555 1201 principio
586 1103 691 1177 debet
715 1128 795 1177 esse
823 1130 895 1199 qno
921 1107 1102 1200 pervenire
1127 1109 1292 1192 velimus

138 1242 139 1245 ’
209 1252 252 1300 ne
266 1228 389 1301 crebra
409 1231 599 1300 mutatione
619 1228 800 1322 propositi,
819 1230 914 1322 qnod
932 1230 966 1299 in
988 1238 1156 1302 nocturno
1174 1253 1293 1302 errore

210 1350 278 1418 viae
292 1345 431 1430 accidit,
446 1345 527 1416 dnm
543 1345 733 1437 procedere
750 1348 941 1434 credimus
957 1358 1187 1419 revertamur.
1206 1349 1296 1432 Quae

212 1492 267 1540 res
289 1470 368 1541 lacit
395 1482 432 1540 nt
457 1479 561 1541 aetate
587 1470 785 1562 decrepitos
811 1471 1003 1562 puerilibus
1025 1472 1149 1542 animis
1174 1472 1297 1544 videa-

211 1613 301 1676 muS,
322 1593 424 1684 qnasi
445 1593 489 1664 ad
510 1594 623 1685 ipsum
643 1593 727 1663 vitae
747 1594 851 1664 limen
870 1593 963 1664 nnde
984 1593 1221 1665 discesserant
1243 1615 1296 1664 re-

212 1737 349 1802 versos
375 1727 411 1786 et
437 1739 595 1787 errorum
620 1716 776 1787 tenebris
798 1719 916 1787 elusos
935 1729 970 1788 et
990 1717 1213 1789 consiliorum
1236 1740 1299 1789 va-

213 1839 268 1930 gis
289 1839 505 1909 anfractibus
525 1840 699 1930 fatigatos.
725 1840 841 1909 Multis
861 1861 928 1930 ego
949 1861 1011 1933 per
1034 1840 1101 1910 hos
1128 1862 1238 1913 annos
1266 1852 1299 1913 to

213 1962 501 2035 deliberationum
515 1961 678 2033 fluctibus
693 1961 867 2044 iactatum,
886 1972 922 2033 et
939 1963 1085 2034 incertis
1098 1964 1298 2056 opinionum

214 2086 355 2158 llatibus
381 2088 515 2158 fessum
540 2087 624 2157 vidi.
652 2087 767 2178 Incipe
786 2085 877 2157 bona
904 2084 993 2170 lide,
1020 2108 1162 2177 precor,
1190 2110 1298 2158 unum

214 2213 317 2282 velle.
339 2212 423 2281 Cum
452 2209 495 2280 ad
519 2197 626 2281 unum
652 2210 733 2279 litus
753 2231 893 2303 proram
915 2211 1081 2293 verteris,
1110 2213 1167 2280 uni
1194 2221 1301 2281 vento

217 2337 297 2405 vela
331 2334 486 2416 dederis,
514 2333 651 2403 clavum
685 2354 830 2423 regenS,
859 2343 932 2402 tum
958 2333 1098 2403 demum
1125 2335 1302 2425 navigatio

221 2467 315 2528 certa
336 2456 413 2537 erit,
433 2466 504 2524 tum
527 2443 620 2524 certe
637 2443 871 2546 progrediere,
891 2469 926 2526 et
948 2455 975 2527 si
998 2479 1067 2526 non
1087 2460 1175 2527 forte
1192 2479 1302 2547 qnan-

218 2591 288 2649 tum
309 2579 441 2671 oupieS,
457 2590 491 2650 at
505 2588 673 2670 qnantum
687 2577 825 2649 coelitus
838 2579 960 2650 datum
975 2581 1050 2663 erit,
1064 2579 1300 2673 progrediere,

218 2704 373 2795 inquam,
389 2724 458 2773 non
472 2699 642 2771 rotabere.
661 2700 752 2770 Nihil
774 2712 828 2772 est
844 2702 936 2771 enim
960 2712 1028 2772 tam
1048 2701 1153 2794 quieti
1176 2702 1303 2771 adver·

220 2848 311 2909 snm,
339 2826 423 2895 nibil
454 2836 524 2894 tam
550 2824 713 2916 vertigini
743 2827 941 2917 proximum
974 2848 1078 2918 qnam
1105 2825 1222 2897 rotari.
1250 2825 1303 2895 Ad

220 2970 390 3020 summam
409 2947 452 3018 de
474 2948 529 3018 liis
548 2947 712 3019 omnibus
734 2949 811 3019 haec
830 2949 999 3020 sententia
1020 2970 1098 3018 mea
1118 2958 1194 3018 est:
1215 2950 1304 3019 sient

220 3073 310 3143 inter
331 3071 459 3164 primos
478 3073 682 3157 maximum,
704 3073 795 3142 inter
813 3072 986 3143 secundos
1004 3073 1215 3142 excelluisse
1232 3092 1306 3141 ma-

221 3216 329 3285 gnum
343 3195 416 3279 luit,
436 3195 486 3264 sic
504 3196 718 3288 temporibus
732 3196 875 3277 collatis,
891 3196 979 3264 inter
992 3196 1113 3265 tertios
1131 3197 1306 3265 excellere

221 3340 291 3389 non
317 3340 501 3409 exignum,
529 3341 594 3389 neo
619 3318 801 3409 indignum
826 3319 930 3391 laude
961 3317 1090 3401 indico,
1121 3316 1224 3386 medo
1252 3317 1306 3386 bic

222 3442 425 3513 sitanimus
447 3441 646 3526 studentis,
660 3440 716 3512 hic
737 3442 908 3514 terminus
935 3441 1143 3526 studiorum,
1170 3451 1209 3512 nt
1233 3440 1305 3512 voti

223 3587 364 3660 compos
376 3566 531 3651 ellectuS,
551 3587 619 3636 non
634 3568 746 3636 cultor
762 3566 938 3658 nequitiae,
958 3587 1026 3636 non
1045 3564 1305 3636 mendaciorum

223 3701 333 3773 sator,
356 3711 423 3758 non
442 3690 600 3780 pecuniae
620 3697 815 3772 accurator,
838 3698 876 3759 ut
896 3689 1036 3782 reliqui,
1061 3689 1124 3760 sed
1143 3689 1307 3758 defensor

223 3811 366 3882 iustitiae
386 3821 422 3882 et
448 3810 647 3904 reipublicae
664 3821 913 3904 propugnator,
933 3813 995 3883 sed
1020 3809 1175 3882 audaciae
1196 3822 1307 3879 terror

224 3933 473 4006 advocatorum
499 3946 534 4005 et
558 3934 709 4006 iudicum
741 3935 897 4023 avaritiae
922 3938 1072 4017 srennm,
1100 3939 1222 4026 portus
1248 3931 1308 4002 de-

226 4057 329 4148 nique
351 4060 576 4142 miserorum,
598 4069 636 4129 et
654 4062 818 4153 scopulus
842 4061 890 4131 sis
911 4058 1118 4130 nocentium.
1141 4058 1237 4127 Vale.

368 4191 530 4258 Mediolani,
548 4192 579 4243 V.
598 4192 737 4247 Kalendas
753 4194 833 4247 lunii.
