2940 4650
564 320 716 368 aetsroun
739 321 798 368 un.
1160 312 1215 373 llll

148 486 228 533 num
251 464 352 532 telam
380 465 448 532 lata
474 462 698 553 praeciderint,
721 463 904 534 Mediolani
922 463 1141 558 Liguriaeque
1166 466 1219 536 di-

145 607 209 655 ves
223 593 383 676 expectat
400 583 607 669 hereditas,
627 597 661 655 et
674 607 755 677 quo,
776 583 840 654 nisi
864 584 1025 655 iudicium
1047 608 1144 656 amor
1158 588 1219 657 lal-

147 708 194 792 lit,
216 708 304 780 inter
323 708 468 778 iuvenes
500 710 690 780 fortunatos
719 709 835 779 nullus
861 718 916 777 est
942 709 1076 793 melior,
1103 711 1218 779 nullus

131 829 345 915 humanior,
367 841 447 900 ante
466 831 550 901 alios
573 853 627 901 me
642 833 777 902 nomine
790 831 980 902 inclamans
1000 840 1037 902 ut
1058 852 1218 901 caverem

85 1048 88 1053 .
148 953 364 1025 admonebat.
379 954 455 1042 Ego
469 952 625 1043 ignarus,
641 965 676 1024 et
688 955 766 1046 plus
782 954 888 1024 fateor
901 956 1050 1025 clamore
1063 953 1217 1024 omnium

149 1098 252 1168 qnam
274 1075 425 1168 periculo
448 1096 525 1146 meo
546 1088 676 1158 motuS,
701 1096 768 1145 non
790 1074 886 1168 prius
900 1075 1054 1145 intellexi
1069 1075 1152 1167 qnid
1171 1074 1220 1146 rei

149 1207 252 1280 esset,
271 1220 376 1289 quam
398 1201 492 1268 solas
513 1200 596 1291 equi
614 1197 785 1270 auriculas
807 1207 981 1283 extantes,
998 1220 1122 1291 meque
1136 1197 1221 1268 den-

150 1320 199 1389 sis
219 1320 382 1414 vepribus
402 1343 609 1414 oppressum
636 1321 718 1391 vidi.
749 1322 878 1393 Profuit
904 1322 1114 1392 adsalutem
1142 1343 1221 1413 pro-

148 1442 259 1534 prium
274 1464 342 1514 non
357 1464 462 1514 nosse
475 1442 672 1513 discrimen.
683 1443 857 1527 Quosdam
873 1444 960 1513 iuvit
972 1441 1174 1534 ignorantia,
1187 1453 1221 1513 et

149 1566 232 1635 dum
249 1567 296 1636 nil
316 1575 478 1637 metuunt
505 1567 551 1635 nil
586 1568 714 1637 nocuit:
745 1566 795 1637 sic
821 1580 939 1638 eontra
961 1568 1087 1637 multos
1105 1585 1220 1656 aegros

150 1687 262 1759 morbi
281 1688 359 1759 fecit
379 1690 510 1782 opinio,
533 1688 775 1782 utaliquando
800 1699 921 1760 essent
937 1690 1031 1780 quod
1056 1688 1115 1759 diu
1141 1709 1221 1759 esse

41 1902 44 1908 ι
150 1811 688 1904 crediderant2nequeenimde
714 1811 820 1881 nihilo
845 1809 1064 1895 dictumest,
1099 1812 1222 1902 imagi·
1306 1840 1308 1846 ·

151 1934 244 2005 natio
257 1935 338 2005 lacit
353 1956 483 2006 casum.
505 1933 564 2004 Cui
580 1933 652 2028 pari
668 1933 799 2003 ratione
817 1932 900 2003 illud
923 1931 1122 2016 obiecerim,
1138 1933 1225 2003 ima-

151 2057 279 2148 ginatio
299 2079 419 2128 casum
447 2057 542 2128 tollit.
563 2056 613 2125 lta
633 2077 710 2126 cum
735 2058 841 2127 multa
862 2055 950 2126 scire
973 2055 1017 2126 sit
1038 2055 1221 2147 optimum,

151 2181 310 2271 quaedam
332 2180 455 2250 melius
476 2179 688 2249 nesciuntur.
709 2178 809 2250 Certe
835 2200 912 2249 cum
934 2178 1120 2249 discrimen
1148 2179 1223 2271 ipse

151 2306 266 2372 meum
296 2302 424 2385 nescio,
458 2302 611 2395 dumque
641 2302 685 2370 nil
719 2300 991 2395 mali‘suspioor,
1017 2302 1063 2369 nil
1094 2300 1222 2371 incom-

152 2423 244 2493 modi
270 2443 396 2516 passus
417 2445 509 2494 sum:
528 2445 641 2516 neque
668 2424 760 2494 enim
777 2422 963 2516 perieulum
978 2422 1042 2493 nisi
1066 2431 1143 2517 post
1163 2445 1224 2514 pe-

151 2547 296 2617 riculum
336 2546 475 2638 agnovi,
513 2548 706 2640 magisque,
747 2569 824 2618 cum
856 2546 922 2618 iam
957 2546 1147 2617 timendum
1173 2544 1224 2615 ni-

153 2669 199 2740 hil
216 2681 318 2755 esset,
339 2670 445 2751 timui,
460 2671 502 2742 'el
521 2694 622 2757 nuno,
645 2680 684 2742 ut
695 2672 744 2742 ait
756 2671 861 2752 Maro,
877 2668 1041 2741 horresco
1057 2671 1221 2740 reserens.

153 2794 247 2863 Tunc
276 2806 314 2864 ut
346 2815 441 2865 eram
478 2794 513 2863 in
547 2794 653 2887 pedes
693 2793 810 2864 subito
843 2793 981 2875 desilui,
1005 2814 1224 2885 supremum-

156 2937 224 3006 que
257 2915 342 3007 ripae
378 2917 571 3006 marginem
604 2917 751 2995 illaesus,
792 2916 977 3006 plusquam
1011 2921 1089 2984 meo
1119 2916 1221 2997 saltu,

157 3035 252 3105 tenui
295 3034 458 3105 invisibili
502 3036 673 3106 subnixus
708 3035 850 3106 auxilio.
885 3035 1096 3108 Substiterat
1127 3037 1224 3129 equi-

156 3160 234 3231 dem
253 3159 454 3232 adolescens
471 3158 528 3230 ille
548 3158 765 3242 mitissimus
797 3158 974 3250 iussisque
1000 3158 1137 3230 famulis
1163 3159 1224 3230 de-

157 3282 336 3364 scendere,
360 3283 433 3375 ipse
454 3304 524 3353 non
545 3281 647 3353 modo
669 3281 765 3353 vocis
791 3278 996 3374 obsequium
1024 3282 1108 3350 mihi
1133 3302 1225 3374 prae-

156 3404 292 3490 buerat,
312 3406 374 3477 sed
388 3406 560 3478 dexterae:
582 3404 663 3476 dum
687 3404 823 3474 interim
843 3424 955 3496 equus
978 3424 1077 3473 meus
1098 3423 1224 3493 magno

156 3531 236 3602 nisu
261 3530 326 3601 sibi
358 3533 544 3602 consulens
577 3530 767 3622 primisque
798 3527 902 3621 (dictu
923 3525 1061 3619 mirum)
1087 3523 1223 3615 ungulis

156 3654 369 3746 dependens,
391 3654 527 3726 attritus
545 3674 657 3744 genua
675 3652 736 3723 vix
754 3651 894 3722 tandem
919 3649 1136 3741 emergebat,
1164 3645 1235 3749 qui

56 3762 59 3768 ⁴
157 3779 187 3847 si
201 3785 238 3847 ut
250 3786 372 3848 natura
388 3776 434 3846 rei
450 3775 624 3867 poscebat,
640 3783 783 3867 repente
795 3783 980 3865 postquam
994 3771 1060 3842 labi
1075 3779 1226 3863 coeperat

155 3900 190 3968 in
210 3908 345 3992 tergum
367 3897 559 3987 cecidisset,
582 3908 696 3969 actum
730 3907 814 3981 erat,
848 3905 883 3968 et
915 3895 1095 3967 absolutus
1129 3916 1223 3965 eram

156 4021 314 4093 omnibus
328 4024 432 4094 curis.
449 4020 567 4092 Adfuit
592 4020 768 4091 hominum
784 4039 986 4101 succursus,
1019 4017 1128 4090 adluit
1144 4017 1224 4109 equi

156 4145 268 4234 vigor,
290 4145 383 4216 dicet
405 4145 540 4236 aliquis.
563 4144 739 4235 Ingratum
758 4142 983 4227 mendacium,
1004 4140 1154 4214 mendax
1174 4141 1224 4209 in-
