2992 4664
192 253 250 350 3l8
654 298 816 347 valtllssllll

193 474 271 524 men
294 451 360 521 boc
378 450 725 540 quantulumcunque
743 447 932 519 divortium
951 469 1086 539 queror,
1115 457 1151 518 et
1179 452 1285 520 morli

191 588 227 648 et
255 575 403 643 fortunae
433 572 543 642 iratus
579 590 684 652 meae,
722 572 818 642 illum
852 571 1080 664 interceptum
1109 572 1283 644 invisibili

193 714 483 788 sequorfgressu,
513 693 607 762 illum
638 692 722 763 dum
756 691 882 764 vixero
914 691 1130 765 desiderabit
1163 696 1285 766 anima

192 841 288 902 mea,
316 817 411 887 illurn
424 837 512 893 mea
529 836 602 884 vox
622 817 796 907 loquetur,
816 816 911 885 illum
932 815 1111 908 requirent
1130 815 1284 888 flebunt

192 963 262 1034 qne
274 939 363 1011 oculi
380 939 449 1008 mei
466 958 616 1029 semper.
632 938 677 1007 Et
689 936 895 1030 speciosius,
918 938 1040 1021 fateor,
1059 946 1096 1007 et
1112 937 1280 1030 magnifi-

192 1062 330 1134 centius
352 1061 444 1153 loqui
464 1079 624 1152 possem,
654 1058 811 1130 sednon
838 1058 975 1143 verius3
1001 1082 1064 1131 nec
1090 1082 1146 1132 me
1171 1062 1277 1144 mihi,

193 1207 258 1256 nec
278 1184 383 1254 alium
405 1181 660 1252 circumvenire
681 1182 897 1273 propositum
924 1191 989 1252 est.
1008 1183 1128 1275 ltaque
1157 1183 1207 1253 sic
1234 1184 1283 1254 lo-

192 1329 282 1400 quor
304 1315 341 1376 ut
361 1303 488 1394 copto.
509 1304 609 1373 Certe
626 1325 697 1396 qno
714 1324 857 1397 possum
880 1304 958 1374 nisu
980 1305 1089 1374 lraeno
1110 1305 1277 1386 animum,

195 1429 256 1500 sed
277 1449 333 1498 me
353 1428 468 1497 calcar
488 1427 598 1495 fraeno
628 1425 802 1515 potentius
828 1425 1021 1518 praecipitat
1053 1425 1099 1496 ad
1124 1447 1279 1497 amaram

192 1534 384 1639 quamdam
402 1545 622 1616 dulcedinem
651 1545 883 1616 lacrimarum.
911 1545 982 1617 Nec
1002 1546 1103 1615 facile
1129 1532 1281 1616 dixerim

195 1693 301 1764 quam
324 1670 427 1741 dulce
447 1668 530 1738 mibi
554 1669 656 1739 luerit
678 1667 761 1738 llere
782 1669 865 1739 dnm
886 1668 1088 1751 scriberem,
1109 1671 1283 1762 simulque

158 1797 169 1816 '
195 1792 365 1889 praeteriti
384 1790 550 1882 temporis
565 1791 783 1874 meminisse,
807 1800 937 1874 tecum,
957 1815 978 1864 o
995 1794 1125 1864 amoris
1142 1805 1179 1864 et
1195 1817 1282 1866 moe·

201 1916 291 1987 roris
313 1914 485 2009 particeps
507 1913 626 1994 amice,
645 1914 786 2005 quando
804 1913 868 1984 has
892 1916 1015 1985 saltem
1039 1916 1123 1985 tanti
1141 1916 1208 1985 viri
1230 1939 1284 1988 re·
1340 1917 1341 1920 ’

198 2036 324 2131 liquias
348 2035 502 2107 nondum
524 2034 624 2105 nobis
654 2046 772 2106 nostra
794 2057 871 2106 sors
889 2037 1033 2129 eripuit,
1048 2046 1087 2107 ut
1108 2060 1171 2131 pro
1190 2039 1284 2111 dulci

196 2160 397 2254 praesentia,
426 2181 489 2250 pro
509 2157 676 2248 alloquio,
714 2178 775 2249 pro
801 2159 983 2242 convictu,
1007 2158 1161 2249 gelidum
1190 2161 1285 2232 cine-

198 2301 330 2350 remae
351 2279 552 2351 memoriam
575 2288 766 2349 teneamus.
783 2280 896 2349 Unum
916 2278 998 2348 mibi
1016 2280 1100 2350 dum
1123 2285 1286 2355 vulnerat

198 2404 353 2472 solamen
375 2399 462 2470 dura
483 2419 579 2470 mors
599 2400 728 2484 attulit,
751 2400 877 2471 utiam
898 2401 946 2471 nil
965 2401 1090 2474 durius
1111 2407 1184 2496 pati
1201 2427 1285 2500 pos-

199 2524 276 2593 sim.
298 2523 392 2592 Vale.
415 2520 451 2590 F.

707 2740 784 2748 ——0

595 2951 798 3069 ‘sersaoni
820 2968 877 3034 ιιι

320 3165 321 3168 ’
433 3160 627 3212 Falnclsctls
648 3164 817 3214 Parauaea
839 3164 881 3213 ln
902 3165 1054 3214 IGNOTUM.

183 3371 187 3379 r
245 3333 324 3398 Quod
339 3334 472 3388 nuncium
487 3351 569 3390 sunm
584 3338 701 3392 comiter
715 3340 854 3410 exceperit
868 3341 970 3411 gratias
986 3341 1057 3412 agit:
1075 3344 1151 3413 quod
1169 3344 1250 3399 illum

386 3424 503 3495 pecunia
515 3425 658 3480 donaverit
673 3428 815 3482 avaritiam
831 3429 890 3484 eius
904 3430 1093 3501 reprehendit.

301 3726 395 3797 lllius
419 3725 486 3796 viri
511 3725 630 3820 optimi
662 3729 804 3799 maximi
838 3741 986 3825 tuasque
1005 3734 1124 3806 ‘simul
1152 3737 1286 3810 litteras

203 3850 293 3940 legi:
321 3870 473 3919 necnon
495 3850 636 3921 etillum
661 3850 837 3925 Ciceronis
863 3855 1014 3940 hostem,
1043 3878 1146 3947 quem
1173 3858 1218 3930 ad
1252 3871 1286 3932 te

204 3970 366 4039 miseram
384 3969 518 4054 audivi,
542 3971 638 4055 viva,
667 3994 734 4045 seu.
756 3975 893 4060 verius,
917 3988 1054 4050 mortua
1075 3992 1110 4052 et
1129 3984 1285 4074 exangui
1303 4042 1307 4050 .

205 4111 291 4160 voce
315 4091 359 4162 de
388 4091 550 4164 omnibus
585 4095 827 4182 blaterantem,
855 4096 970 4190 deque
1003 4098 1061 4171 illo
1094 4101 1128 4172 in
1162 4104 1286 4195 primis,
