2804 4656
98 305 159 365 234
438 315 477 361 us
500 314 600 361 anans
623 313 844 360 ruurnnnrnus

99 463 260 542 tremula,
300 468 427 528 nutans
460 477 538 548 spe,
573 456 674 525 vanis
704 458 803 526 elusa
833 454 986 545 gaudiis
1020 454 1116 524 veris
1149 466 1184 524 et

99 603 268 677 oppressa
300 578 509 650 moeroribus
535 590 570 648 et
596 580 709 670 gelata
736 576 926 648 terroribus
950 588 986 648 et
1011 577 1183 668 eupidita-

100 707 192 777 tibus
211 703 452 782 inardescens
473 722 648 793 quamque
670 721 773 770 nemo
793 712 849 770 est
868 713 988 769 eorum
1010 721 1089 769 curn
1112 724 1182 792 quo

1 805 5 812 ¹
100 837 228 898 statum
264 846 377 895 meum
414 824 491 894 ullis
526 822 782 894 conditionibus
806 832 1038 914 permutatum
1064 823 1181 893 velim.

99 951 195 1020 Licet
215 948 308 1019 enim
329 947 417 1017 inter
438 968 525 1016 vasa
544 967 649 1016 aurea
668 946 832 1023 miserum
851 966 942 1027 esse,
960 944 1049 1015 inter
1067 942 1184 1016 fictilia

99 1073 263 1153 felicems
283 1092 399 1162 neque
433 1067 477 1138 ad
510 1069 599 1140 bene
632 1068 823 1149 vivendum
858 1078 917 1139 aut
949 1069 1072 1160 argilla
1097 1090 1183 1138 auru

100 1195 238 1279 melior,
272 1201 334 1263 aut
366 1194 489 1263 Samus
518 1201 573 1261 est
601 1192 743 1263 inferior
766 1213 872 1283 quam
906 1190 1104 1262 Corinthus.
1132 1192 1182 1261 Tu

99 1319 194 1401 vale,
218 1324 253 1386 et
274 1316 304 1385 si
325 1313 439 1385 honus
462 1337 543 1386 esse
564 1313 633 1398 vis,
654 1313 758 1384 stude
782 1311 850 1384 iilis
878 1319 959 1383 esse
985 1312 1181 1395 dissimilis,

101 1461 169 1510 neu
189 1448 222 1509 te
242 1438 402 1528 contagia
424 1459 558 1508 morum
580 1436 708 1508 laedant
728 1458 824 1506 cave.

604 1647 680 1654 ---

496 1833 673 1900 EPISTOLA
701 1833 793 1898 xvut.

124 2080 125 2085 ,
209 2033 403 2084 FRANCISCUS
425 2031 594 2081 Parnason
614 2031 753 2079 NICOLAO
775 2031 945 2080 Accrtluno
966 2032 1076 2082 MAGNO

345 2130 443 2179 REGNI
464 2129 566 2177 SICULI
587 2127 789 2176 SENESGALCO
812 2129 838 2176 S.
861 2129 888 2177 P.
910 2130 941 2177 D.

101 2287 217 2358 Laudat,
233 2293 325 2359 grates
339 2289 405 2357 agit,
422 2287 598 2360 sommendat
613 2287 744 2356 amicum,
762 2266 791 2341 et
803 2287 927 2357 loquitur
940 2286 976 2340 de
994 2291 1085 2339 morte
1100 2288 1184 2355 regis.

157 2586 159 2591 .
201 2534 248 2603 Te
266 2533 420 2624 quidem,
437 2532 492 2602 vir
506 2534 599 2604 omni
617 2543 719 2605 aetate
737 2533 924 2616 rarissime,
939 2544 1058 2603 nostra
1073 2535 1185 2616 unice,

104 2665 211 2725 totum
236 2655 324 2723 ulnis
345 2656 472 2726 animae
489 2655 764 2725 venerabundus
785 2658 986 2748 amplector,
1005 2655 1187 2746 possideo-

103 2797 173 2868 que
193 2776 355 2860 civiliter,
378 2771 669 2849 thesauriinstar
694 2777 838 2860 inventi,
874 2799 937 2847 seu
964 2786 1001 2847 tu
1027 2789 1200 2869 praesens

105 2919 242 2970 sacrum
263 2921 303 2971 os
323 2901 408 2971 vivo
435 2902 549 2994 aperis
584 2903 746 2985 sermoni,
771 2924 834 2972 seu
856 2912 891 2971 tu
913 2901 1039 2971 absens
1066 2900 1185 2970 stilum

104 3042 249 3092 aureum
285 3025 469 3114 scripturae
503 3027 656 3119 applicas
678 3025 863 3106 mellifluae,
891 3034 926 3094 et
953 3045 1093 3093 rursum
1122 3044 1187 3092 seu

19 3196 25 3201 .
104 3142 254 3236 idipsum
278 3145 469 3216 militariter
490 3157 524 3216 et
541 3147 677 3238 vulgari
695 3145 802 3230 mure,
822 3168 885 3216 seu
902 3144 1050 3217 oratorie
1067 3143 1187 3213 verbis

105 3273 209 3354 atque
231 3268 411 3336 sententiis
432 3268 635 3359 exquisitis,
656 3269 750 3359 quod
771 3292 863 3340 nune
883 3267 989 3339 altius
1011 3269 1189 3358 multoque

104 3385 274 3471 diviniuS,
297 3409 400 3478 quarn
422 3388 511 3458 inter
532 3411 706 3460 armorum
730 3391 911 3483 strepitum
933 3410 1037 3482 posse
1059 3399 1093 3459 te
1115 3411 1188 3468 sre-

105 3510 240 3592 derern‘,
268 3510 389 3581 fecisti.
416 3510 502 3581 Aliis
529 3511 608 3583 ticet
633 3523 738 3604 atque
771 3513 847 3584 aliis
880 3511 965 3582 rivis
998 3521 1033 3580 et
1063 3531 1189 3602 sapore

76 3633 205 3705 uario
230 3637 358 3705 fontem
395 3656 499 3704 unurn
536 3635 584 3704 tui
618 3635 773 3706 caelestis
800 3634 927 3726 ingenii
959 3652 1186 3724 recognosce,

106 3757 282 3849 mirorque
300 3779 434 3828 meeum
454 3757 611 3848 cogitans
631 3758 716 3849 quid
739 3759 793 3828 hic
814 3770 917 3841 esset,
942 3756 971 3827 si
985 3757 1039 3826 his
1054 3764 1190 3825 tantum

108 3879 233 3949 studiis
253 3879 406 3949 animum
428 3880 647 3965 innutrisset,
669 3879 794 3971 quiex
816 3879 967 3951 minimis
996 3889 1190 3970 temporum

108 3992 272 4092 reliquiis¹
290 4013 408 4074 tantus
446 4005 505 4086 sit,
545 4024 632 4095 quas
673 4002 904 4074 maximarum
942 4023 1058 4084 rerum
1096 3996 1190 4068 curis

109 4123 257 4212 sparsim
274 4126 463 4217 furtimque
481 4123 686 4218 subripiens,
707 4125 776 4196 huc
792 4122 984 4206 convertit3
1005 4132 1042 4191 ut
1060 4120 1191 4191 maiora
