2940 4650
635 290 639 299 '
661 312 823 360 viarlauu

612 638 788 702 arrarum
809 637 866 701 lx.

265 793 268 799 ⁵
319 810 516 883 ratuclscus
538 809 708 858 Parauaea
729 809 827 861 uculo
848 809 1007 859 anabaust
1031 811 1058 860 S.
1083 813 1116 860 Ρ.
1143 814 1177 862 b.

278 952 340 1006 Duo
355 951 395 1005 illi
409 951 543 1023 opuscula
557 950 641 1004 mittit
654 949 688 1004 de
702 949 805 1020 quibus
820 949 952 1004 iudicium
968 967 1054 1006 suum
1069 952 1216 1024 exquirit.

288 1173 365 1259 Tua
384 1187 501 1258 brevis
516 1211 556 1258 ac
569 1187 681 1259 dulcis
696 1187 841 1278 epistola
858 1187 942 1256 mihi
960 1207 1091 1278 graves
1113 1187 1215 1260 inter
1236 1212 1298 1260 cu-

194 1332 263 1393 ras,
278 1311 380 1402 quasi
393 1311 502 1381 densa
517 1310 606 1380 inter
621 1309 749 1394 nubila,
761 1309 994 1380 suavissimus
1005 1308 1152 1379 hiberni
1168 1312 1294 1382 radius

194 1418 629 1524 solisaffulsit3iuquacum
644 1441 742 1522 grata
757 1431 825 1501 sint
836 1432 1054 1514 omnia,nibil
1069 1442 1128 1503 est
1142 1457 1290 1504 novum.

193 1539 339 1646 Semper
353 1575 437 1643 erga
451 1576 507 1624 me
526 1556 627 1623 talem
643 1555 751 1624 luisse
766 1566 800 1625 te
815 1555 969 1625 memini:
989 1555 1141 1644 gratiam
1160 1556 1288 1637 babeo,

192 1659 298 1767 atque
314 1676 445 1746 utinam
473 1686 513 1746 ut
537 1678 654 1747 animo
672 1678 779 1748 iuncti
798 1697 921 1747 sumus
943 1677 993 1746 sic
1021 1675 1126 1745 simul
1163 1679 1289 1748 vivere

193 1799 360 1869 licuisset.
392 1782 532 1870 Meliore
559 1810 675 1870 autem
702 1801 811 1869 nostri
845 1806 959 1891 parte,
987 1799 1155 1888 quoniam
1189 1809 1289 1868 utra-

191 1942 259 2011 que
280 1920 441 2004 ve'titum,
466 1921 568 1992 simul
586 1922 739 2012 erimus,
762 1943 804 1992 ea
822 1921 954 1992 scilicet
974 1941 1065 2012 quae,
1081 1917 1142 1989 ubi
1159 1942 1200 1991 se
1215 1921 1289 1990 vir-

192 2026 256 2114 tua
280 2041 427 2125 subiicit,
447 2044 611 2114 Fortunae
625 2043 770 2137 imperio
783 2032 947 2133 exempta
960 2051 1025 2111 est.
1041 2040 1144 2122 Quod
1157 2053 1217 2111 est
1232 2064 1289 2113 re-

190 2164 340 2255 liquum:
359 2163 511 2248 videbis,
535 2166 662 2249 amice,
683 2165 769 2235 dum
789 2185 835 2232 ex
856 2162 1040 2234 commodo
1066 2161 1187 2231 licebit
1213 2163 1288 2234 duo

190 2286 248 2356 illa
261 2290 429 2380 opuscula
447 2277 614 2378 ingenioli
630 2290 712 2367 mei,
735 2307 816 2378 quae
833 2287 930 2357 varie
951 2285 1107 2366 affectus,
1128 2287 1286 2358 alterum

190 2408 293 2478 nimis
311 2409 446 2479 ardenti
468 2409 585 2479 animo
602 2408 744 2491 dictavi,
767 2412 913 2481 altorum
938 2408 1041 2477 nimis
1068 2407 1155 2493 leni,
1184 2422 1221 2480 et
1240 2410 1287 2480 ab

190 2529 285 2599 omni
311 2533 418 2599 terme
444 2548 562 2599 rerum
588 2531 822 2601 humanarum
843 2531 1103 2624 participatione
1126 2543 1283 2612 semoto,

190 2650 354 2742 quodque
368 2652 403 2719 in
424 2659 571 2743 utroque
589 2651 649 2722 tibi
668 2642 891 2745 displicuerit,
912 2653 994 2722 mibi
1010 2646 1172 2723 seorsum
1189 2655 1285 2724 iudi-

189 2771 297 2841 cabis.
317 2771 350 2842 Si
372 2773 457 2865 quid
477 2796 563 2845 vero
581 2774 757 2866 placuerit,
774 2796 959 2874 generosae
971 2788 1075 2866 atque
1089 2775 1194 2865 agilis
1209 2786 1284 2848 tuae

190 2917 316 2967 manus
335 2897 536 2980 ministerio,
551 2909 589 2968 ut
607 2899 711 2981 soleS,
728 2898 897 2990 quosdam
916 2900 1011 2969 velut
1025 2898 1209 2968 stellarum
1225 2923 1285 2970 ra-

189 3020 266 3091 dios
284 3021 481 3105 adhibebis,
505 3022 632 3113 quibus
656 3044 725 3092 nou
743 3023 819 3092 aliis
834 3030 976 3103 tautum,
994 3019 1056 3090 sed
1071 3017 1153 3088 mihi
1169 3020 1284 3090 etiam

75 3156 78 3160 ’
190 3165 248 3214 res
271 3144 346 3237 ipsa
369 3145 413 3214 sit
434 3147 578 3234 gratior.
598 3147 635 3215 ln
657 3167 727 3236 quo
753 3144 842 3226 vide,
870 3164 940 3227 oro,
964 3143 1152 3233 diligenter
1173 3165 1222 3212 ne
1246 3155 1282 3214 te

190 3286 288 3336 amor
308 3266 405 3336 sallat
425 3265 484 3356 qui
506 3264 729 3336 doctissimos
763 3267 829 3335 iam
863 3265 994 3335 fefellit.
1033 3261 1136 3351 Vulgi
1168 3272 1281 3334 vetus

190 3399 246 3460 est
266 3388 430 3459 verbum:
453 3385 661 3481 complacet
693 3389 818 3458 bist-rio
852 3399 974 3478 gestus
1008 3388 1155 3481 placent.
1179 3386 1282 3459 Cave

189 3534 335 3600 ergone
351 3511 455 3595 nimis
471 3514 579 3582 multa
601 3509 772 3600 signando
793 3512 929 3581 aemulis
941 3509 1071 3582 nostris
1084 3515 1282 3598 argumen-

190 3643 262 3704 tum
295 3633 456 3728 praebeas
487 3632 547 3702 tibi
574 3633 631 3701 tali
660 3633 735 3702 viro
766 3633 956 3704 mediocria
990 3633 1177 3725 placuisse.
1208 3635 1281 3705 De-

190 3780 286 3828 mum
320 3757 388 3827 illis
411 3756 515 3827 modo
543 3754 682 3846 signum
709 3757 868 3848 imprime
893 3777 973 3847 quae
1000 3757 1055 3824 vel
1074 3753 1119 3823 ab
1140 3753 1278 3843 ignot0,

190 3883 246 3950 vel
268 3879 313 3950 ab
334 3881 436 3950 hoste
453 3882 557 3957 etiam
578 3879 671 3948 dicta
692 3878 871 3950 laudares:
893 3899 973 3970 quae
994 3896 1103 3969 pauca
1122 3874 1170 3943 ibi
1193 3899 1282 3950 esse

190 4025 260 4074 non
277 4003 408 4075 dubito.
432 4003 518 4073 lllud
543 4002 660 4073 itidem
684 4024 805 4094 precor
821 4003 1003 4072 certiorem
1028 4021 1083 4070 me
1111 4009 1147 4067 ut
1166 4001 1283 4074 facias

191 4127 274 4219 quid
296 4128 368 4217 agit
387 4127 582 4198 communis
617 4125 764 4210 domina,
793 4124 938 4198 illustris
964 4125 1089 4195 mulier
1105 4131 1141 4193 et
1162 4124 1283 4198 virtu·
