2738 4680
152 303 209 364 158
485 316 527 364 ou
550 316 651 364 nenos
672 313 894 364 rarrrtrnnrous

151 461 236 531 facis
258 482 298 532 ec
319 460 457 552 gemino
470 461 547 532 iure
564 471 640 542 tuo,
660 461 884 554 professionis
899 471 970 531 tuae
983 460 1130 545 sciiicet,
1144 462 1231 530 ami-

149 585 311 678 citiaeque
324 593 466 655 nostrae.
483 583 610 654 Verum
627 585 743 656 herote
757 582 938 655 medicinae
954 603 1023 669 ars
1043 586 1109 655 etsi
1126 587 1230 656 saluti

151 707 412 800 praeservandae
447 705 651 799 morbisque
683 706 877 778 minoribus
903 707 1035 800 aliquid
1060 710 1230 792 conferat,
1294 733 1302 743 ’

152 837 268 902 tamen
302 830 361 902 ubi
391 831 436 902 ad
466 840 627 901 extrema
659 841 869 924 perventum
902 842 968 917 est,
1009 832 1101 904 iliico
1138 843 1232 903 metu

152 953 323 1026 subsistit.
353 956 439 1026 Hinc
468 955 525 1024 illa
546 954 760 1027 medicorum
786 955 868 1045 iuga
894 953 1163 1048 desperetioque
1188 957 1232 1027 de

152 1076 258 1149 rebus
279 1079 524 1169 aegrotantium
546 1079 709 1151 bumanee
730 1081 787 1150 vel
802 1077 952 1150 -inscitiee
972 1080 1029 1149 vel
1054 1079 1233 1151 imbecilli-

153 1200 233 1273 tatis
253 1200 437 1273 inditium:
459 1224 530 1294 quo
553 1223 734 1273 monemur
757 1200 890 1272 medico
903 1200 951 1271 iiii
965 1202 1029 1272 soii
1044 1200 1154 1273 fidere
1173 1204 1232 1296 qui

152 1302 269 1415 eegros
291 1347 374 1396 suos
395 1345 465 1394 non
483 1324 616 1395 deserit
633 1324 667 1393 in
689 1300 876 1407 extremis,
904 1322 1041 1418 dequo
1065 1325 1233 1420 scriptum

153 1458 227 1520 est:
251 1447 298 1517 Et
314 1450 344 1517 si
362 1449 625 1519 ambulaveroe'n
638 1446 744 1518 medio
757 1448 882 1517 umbrie
898 1448 1012 1518 mortis
1029 1470 1098 1516 oon
1120 1450 1234 1518 timebo

153 1573 255 1653 maio,
277 1571 434 1659 quonium
449 1580 485 1638 tu
504 1591 632 1640 mecum
651 1594 694 1640 es.
709 1569 779 1642 Oh!
796 1582 973 1664 potentem
986 1573 1160 1643 medicum
1175 1573 1235 1664 qui

153 1690 275 1761 mortis
296 1690 454 1762 umbram
487 1691 630 1764 discutit
660 1696 733 1766 solo
767 1717 878 1766 sacrae
911 1697 990 1766 Sole
1024 1697 1233 1789 praescntiae,

153 1836 305 1907 eumque
323 1838 401 1886 cum
423 1837 494 1909 quo
514 1817 618 1888 inerit
640 1819 764 1889 timere
790 1818 924 1911 aliquid
949 1841 1018 1890 non
1046 1817 1148 1889 sinit:
1177 1818 1234 1910 qui

153 1938 274 2011 verbis
294 1949 395 2011 curat
423 1951 458 2010 et
480 1963 550 2012 non
582 1940 714 2026 berbiS,
748 1963 862 2034 nequo
894 1957 994 2013 curat
1026 1941 1140 2024 modo,
1174 1941 1235 2012 sed

154 2062 313 2134 suscitat.
335 2062 411 2134 Non
430 2075 487 2135 est
506 2064 599 2135 enim
619 2063 757 2136 illorum
780 2083 870 2136 unus
889 2064 936 2135 de
955 2063 1085 2156 quibus
1116 2064 1238 2136 scribi-

155 2193 229 2258 tur:
252 2184 422 2276 Numquid
440 2189 579 2256 mortuis
594 2188 695 2275 socies
714 2188 881 2258 mirabilia
894 2199 953 2258 oct
972 2185 1091 2257 medici
1101 2189 1238 2258 suscito·

157 2310 260 2380 dunt?
281 2310 344 2381 sed
364 2308 421 2379 iiie
434 2318 490 2380 est
507 2329 598 2380 unus
619 2307 831 2395 altissimus,
854 2311 913 2404 qui
932 2311 1067 2382 creavit
1083 2310 1129 2382 de
1142 2321 1234 2381 terra

156 2431 364 2504 medicinam
388 2431 477 2502 banc
497 2432 532 2501 in
553 2451 641 2503 usus
664 2430 859 2518 bominum,
888 2434 1025 2527 sibique
1051 2436 1154 2505 eiiam
1183 2456 1238 2504 re·

156 2553 313 2626 servavit
332 2555 533 2638 increatam,
553 2565 588 2626 et
604 2554 733 2626 divinae
760 2577 837 2628 suae
864 2557 1070 2630 substantiae
1094 2567 1239 2629 coaeter·

156 2700 253 2762 nam,
276 2698 345 2770 qua
366 2685 401 2748 et
420 2677 692 2771 quatriduanum
719 2681 896 2753 foetentem
923 2679 968 2751 ab
993 2681 1114 2753 inferis
1129 2684 1240 2753 susci·

156 2809 261 2883 taret,
285 2811 320 2871 et
346 2800 536 2871 humanum
563 2821 677 2894 genus
702 2800 749 2871 ab
773 2811 906 2874 aeterna
932 2812 1044 2874 morte
1070 2812 1237 2892 servaret.

157 2924 355 2996 Amicitiam
380 2945 468 3008 saue
494 2925 620 3017 ingens
644 2926 730 2996 vitae
755 2925 1138 3018 mortisquesoiatinm
1170 2946 1238 2995 non

159 3069 262 3140 nego,
286 3059 391 3140 atque
412 3047 496 3118 iliud
517 3047 647 3120 absens
670 3069 900 3143 praesensque
921 3069 988 3118 non
1009 3068 1154 3141 respuo,
1177 3046 1238 3118 sed

158 3173 368 3263 amplector3
391 3183 426 3242 et
449 3170 529 3242 licet
558 3170 713 3264 undique
743 3174 892 3265 placeas
914 3172 1091 3263 aliquanto
1125 3181 1239 3243 tamen

159 3292 296 3365 dulcius
318 3303 352 3363 te
376 3303 415 3364 ut
438 3294 549 3364 amico
577 3295 674 3365 iruor
698 3316 803 3387 quarn
833 3303 883 3367 ut·
903 3293 1048 3377 medico,
1091 3291 1241 3367 Proinde

160 3439 229 3489 non
250 3428 321 3489 tam
344 3417 494 3510 periculo
515 3440 593 3490 meo
619 3441 723 3511 quam
750 3418 926 3490 desiderio
952 3426 1012 3489 tuo
1037 3419 1239 3499 consulens

161 3563 277 3634 neque
299 3550 369 3612 tam
390 3541 561 3612 medicum
584 3541 742 3634 cogitans
763 3564 870 3635 quam
895 3543 1062 3625 amicum,
1091 3539 1242 3634 cupidis-

163 3664 251 3737 sime
272 3687 365 3737 nuno
381 3664 522 3735 vocanti
543 3663 772 3758 obsequerer,
787 3665 856 3736 nisi
872 3676 908 3738 et
923 3675 1091 3759 corporeo
1110 3676 1147 3736 et
1167 3664 1243 3735 aliis

163 3789 417 3882 impedimentis
444 3789 537 3861 miiie
562 3789 767 3874 retrabercr,
790 3799 826 3861 et
846 3790 1003 3863 venirem
1034 3799 1067 3861 te
1098 3788 1254 3860 visurus-

162 3923 327 4006 tuamquo
341 3911 559 3994 solitudinem
574 3912 660 3982 mihi
671 3935 813 4007 semper
825 3901 982 4008 optatum
994 3914 1244 4005 laudatumque

115 4037 117 4040 ’
163 4047 300 4128 portum
315 4038 414 4123 vites,
426 4047 657 4115 nonmortem
672 4036 848 4130 fugiturus
866 4059 1002 4111 memor
1020 4044 1057 4109 ut
1077 4057 1192 4130 nuper
1211 4043 1244 4105 et

164 4158 261 4246 oiim,
282 4162 376 4252 quod
401 4172 456 4234 est
481 4161 572 4256 apud
595 4171 747 4255 poetam,
780 4161 893 4235 aerias
920 4161 1026 4255 Alpes
1056 4169 1092 4232 et
1120 4159 1244 4232 Norica
