2738 4680
195 336 254 395 thri
537 346 578 392 oe
595 345 696 394 nesus
717 343 940 392 sentinemus
1048 319 1052 326 ’

615 608 794 673 EPISTULA
815 609 860 671 ill.

321 781 514 831 Funuclscus
536 780 704 830 redundet
726 779 886 828 GULlELllO
908 780 949 827 DE
970 779 1160 828 PASTRENGO

678 887 702 932 S.
721 887 749 932 Ρ.
768 886 797 932 b.

258 1045 406 1100 Hominem
420 1042 570 1116 quemdam
586 1059 618 1097 ex
634 1042 738 1097 artifice
753 1042 834 1096 senili
848 1043 904 1096 iam
918 1048 998 1098 aetate
1013 1043 1048 1096 ed
1062 1043 1220 1097 litterarum

454 1132 545 1188 studia
559 1150 724 1187 conversum
736 1132 825 1186 amico
840 1131 1027 1186 commendat.

294 1358 416 1426 Virum
435 1357 528 1426 huuc
549 1356 579 1425 si
596 1377 703 1427 nosse
721 1359 925 1449 coeperiset
945 1375 1064 1456 amare
1085 1352 1231 1446 incipies
1245 1363 1280 1423 et

196 1481 326 1552 mirari.
347 1481 467 1570 Longe
487 1490 542 1549 est
561 1479 715 1549 historia.
742 1480 885 1550 Summe
909 1488 981 1549 est:
1002 1475 1097 1570 quod
1121 1475 1280 1552 honestis

194 1627 241 1676 ex
250 1604 368 1675 causis
382 1600 676 1672 familiarissimus
687 1615 722 1674 et
736 1602 969 1673 amicissimus
984 1603 1096 1673 iactus
1108 1609 1165 1672 est
1178 1599 1277 1672 mihi:

195 1737 241 1810 et,
265 1748 345 1797 sero
362 1725 456 1809 licet,
480 1735 597 1794 tantus
619 1745 699 1794 eum
718 1723 876 1795 discendi
898 1724 1003 1795 ardor
1035 1725 1128 1817 cepit
1156 1733 1196 1794 ut
1218 1745 1280 1794 ne-

195 1851 309 1942 glecto
326 1849 443 1922 studio
461 1849 510 1919 rei
530 1847 707 1919 familiaris
728 1859 763 1918 et
783 1849 923 1920 deserta
939 1847 1051 1918 fabrili
1073 1847 1224 1930 officina,
1244 1848 1279 1916 in

194 1997 264 2067 qua
293 1973 478 2065 insigniter
509 1973 652 2057 eminet,
681 1980 790 2043 totum
820 1994 858 2043 se
889 1971 1015 2042 litteris
1039 1970 1186 2041 dederit.
1213 1972 1279 2041 lta·

194 2120 264 2190 que
282 2097 348 2168 iam
371 2099 419 2167 nil
433 2095 500 2166 nisi
522 2097 673 2180 scholas,
690 2096 798 2167 libros
816 2104 851 2167 et
864 2084 1053 2186 magistros
1067 2093 1206 2185 cogitet,
1228 2094 1280 2163 in-

195 2242 265 2313 que
296 2221 362 2292 hoc
396 2241 464 2291 uno
491 2231 609 2291 noctes
636 2220 813 2290 insomnes
839 2229 874 2289 et
900 2217 1053 2289 solicitos
1091 2218 1168 2288 dies
1196 2219 1277 2310 agit.

195 2344 417 2435 Amplectere
434 2365 525 2425 eum,
546 2363 608 2412 oro
629 2351 678 2427 te,
697 2354 732 2415 et
749 2345 928 2436 proposito
943 2365 1006 2414 suo
1018 2345 1105 2414 lave.
1120 2342 1212 2412 Nihil
1225 2352 1281 2413 e‘st

194 2464 385 2535 deformius
410 2482 515 2556 quam
547 2466 648 2536 iustis
675 2465 859 2537 desideriis
885 2487 986 2560 opem
1013 2487 1080 2536 uon
1107 2469 1208 2537 ferre.
1236 2467 1280 2536 Et

195 2585 280 2679 quid
300 2594 406 2678 putas
424 2586 576 2656 ambiat?
598 2587 673 2658 Nou
693 2610 794 2680 opes,
816 2611 884 2660 non
903 2573 1109 2681 potentiam,
1128 2598 1198 2660 non
1216 2588 1280 2659 ho-

196 2730 316 2793 nores,
330 2731 398 2780 non
411 2709 509 2800 vulgi
527 2709 714 2803 compedes
728 2733 768 2782 ao
781 2734 920 2783 venena
933 2706 1099 2784 mentium
1121 2687 1280 2807 volupta-

196 2841 262 2914 tes,
290 2829 355 2902 sed
379 2831 520 2903 unicum
546 2833 606 2904 otii
633 2833 687 2905 sui
718 2835 919 2927 praesidium
947 2846 982 2906 et
1006 2837 1090 2906 vitae
1116 2837 1279 2911 solatium

194 2954 330 3026 libellos
344 2955 471 3048 queerit
485 2959 559 3028 sine
573 2966 633 3028 tuo
646 2946 752 3029 ductu
771 2958 910 3052 tuisque
923 2958 1088 3052 auspiciis
1105 2960 1154 3030 nil
1171 2980 1280 3031 ausu-

196 3099 269 3150 rus.
291 3079 491 3172 Suspirahis
509 3072 793 3175 intelligensque
811 3081 953 3174 aspiret,
970 3092 1006 3151 et
1023 3083 1148 3153 tacitus
1166 3081 1276 3167 dices3

195 3200 325 3272 utinam
347 3204 589 3293 tempestivius
609 3190 807 3299 coepisses,1
832 3209 906 3278 sola
931 3207 1023 3278 enim
1049 3217 1137 3278 retas
1162 3207 1280 3278 obstet

196 3324 343 3416 ingenio,
357 3325 519 3418 quamvis
533 3336 568 3396 et
579 3328 676 3398 Plato
690 3325 887 3422 provectior
903 3329 1132 3425 philosophiae
1146 3342 1181 3401 et
1194 3331 1278 3401 Cato

197 3470 306 3519 senex
324 3450 450 3542 graecis
469 3448 590 3520 litteris
604 3471 745 3543 operam
763 3452 870 3523 dedit.
890 3455 972 3524 Haec
990 3454 1170 3526 haetenus.
1186 3455 1278 3551 Rap-

196 3570 336 3641 naldum
358 3582 516 3642 nostrum
539 3572 603 3642 mei
632 3595 820 3643 memorem
849 3578 985 3648 salvere
1010 3576 1106 3661 iube,
1129 3577 1185 3647 cui
1212 3577 1278 3647 hoc

290 3790 297 3820 ¹
319 3790 399 3851 liuius
416 3790 529 3853 epistolae
551 3790 631 3839 codex
653 3790 842 3842 tassioneianus
861 3793 1020 3844 bibliothece
1035 3793 1160 3857 Angelicae
1176 3791 1277 3843 urbanae

196 3870 267 3934 [Vide
285 3871 335 3922 l'ot.
354 3871 376 3930 i,
389 3886 414 3935 p.
427 3872 500 3930 cciii,
513 3871 562 3921 titt.
577 3871 606 3936 C)
619 3873 773 3934 aliquantum
794 3873 920 3924 diversam
936 3874 1039 3925 exhibet
1054 3872 1199 3924 lectionem.
1216 3872 1277 3923 Nam

195 3963 241 4012 pro
259 3951 325 4002 Nihil
344 3957 379 4000 ert
396 3951 531 4015 deformius
548 3955 594 4002 etc.
610 3950 699 4001 hehet:
718 3951 783 4001 ltitit
796 3955 831 4002 est
846 3954 897 4004 Deo
913 3952 1022 4003 similius
1039 3967 1115 4017 quom
1131 3951 1204 4002 iustis
1216 3952 1278 4001 desi·

197 4027 272 4076 deriie
291 4041 362 4092 opem
385 4029 460 4090 serre.
485 4029 596 4094 Epistola
618 4041 679 4079 vero
706 4029 801 4080 desiuit
829 4033 856 4081 iu
885 4033 961 4083 verbe
981 4032 1150 4096 tempestivius
1166 4031 1277 4088 cupium

196 4107 293 4158 adiecto
313 4108 379 4159 Vale.
398 4110 494 4161 Caetera
508 4125 566 4175 quae
586 4119 740 4175 sequuntur,
753 4125 858 4176 quaeqne
876 4125 923 4163 nos
944 4113 1105 4164 emtoribus
1123 4112 1278 4165 editionibus

195 4188 389 4252 descripsimus,
405 4191 432 4240 in'
448 4204 478 4242 co
490 4192 576 4242 codice
594 4191 777 4244 desiderantur.
