2804 4656
294 317 386 365 bruun
407 316 718 366 vrcusruusrnurrus.
732 314 934 365 -urusronn
956 316 1019 364 xrx.
1134 303 1193 366 239
1302 315 1305 327 ¹

117 472 205 532 aetas
228 461 293 543 illa,
316 469 353 530 et
372 460 546 532 interdurn
568 460 672 529 alieni
696 457 881 530 dulcedine
906 468 1027 551 raptus
1054 459 1195 552 ingenii,

118 594 238 656 contra
272 583 441 675 poeticam
474 581 691 674 disciplinam
728 582 777 653 sic
810 583 844 653 in
871 585 978 653 altum
1000 582 1131 666 desilit,
1160 595 1198 655 ut

118 707 234 799 operis
247 707 324 795 lege
338 705 480 799 vetituse
490 707 620 776 referre
636 704 766 798 pedem,
783 704 849 774 nisi
863 705 963 775 visus
975 714 1010 776 et
1023 705 1196 795 cognitus,

119 851 189 900 non
209 829 331 920 possit.
353 828 400 897 In¹
413 827 533 919 primis
555 848 641 897 sane
661 827 843 917 Virgilium
870 826 1025 898 miratur.
1052 827 1138 897 Mire
1162 827 1199 899 id

119 952 283 1043 quidem3
306 973 385 1021 cum
406 951 498 1022 enim
527 950 626 1021 multi
651 960 771 1020 vatum
790 972 810 1020 e
827 971 973 1024 numero
999 959 1198 1021 nostrorum

121 1073 327 1156 laudabiles
354 1094 446 1145 unus
466 1072 521 1142 ille
542 1073 711 1144 mirabilis
731 1082 796 1144 est.
818 1072 928 1143 Huius
951 1072 1007 1143 bic
1026 1094 1144 1145 amore
1164 1084 1200 1145 et

18 1258 19 1261 ,
122 1195 292 1267 illecebris
306 1207 440 1289 captus,
458 1216 552 1288 saepe
570 1195 760 1267 carminum
775 1196 961 1287 particulas
977 1196 1050 1266 suis
1065 1195 1197 1268 inserit.

122 1317 197 1408 Ego
218 1329 335 1388 nutem
356 1320 416 1411 qui
437 1319 532 1388 illum
561 1317 643 1388 mibi
662 1330 940 1390 succrescentem
962 1322 1064 1390 laetus
1085 1320 1198 1404 video,
1276 1357 1278 1365 ·

122 1440 250 1531 quique
270 1461 349 1510 eum
372 1442 474 1512 talem
495 1439 571 1511 beri
590 1442 728 1533 qualem
751 1462 807 1511 me
827 1461 908 1512 esse
926 1441 1039 1533 cupio,
1055 1442 1201 1514 familia·

122 1535 208 1631 ritei
231 1562 345 1655 ipsum
373 1584 413 1647 ac
437 1573 582 1654 paterne
612 1584 736 1634 moneo
765 1562 884 1634 videat
914 1558 1106 1656 quld'agit.
1134 1565 1201 1635 Cu·
1307 1618 1309 1623 r

123 1683 272 1756 randum
293 1684 464 1767 imitatori,
487 1696 526 1756 ut
545 1686 640 1777 quod
661 1684 782 1756 scribit
803 1686 916 1758 simile
936 1707 1005 1757 non
1026 1687 1118 1759 idem
1138 1689 1199 1772 sit,

121 1829 268 1899 eamque
289 1808 550 1879 similitudinem
577 1812 681 1878 talem
704 1829 786 1880 esse
806 1821 975 1900 oportere,
998 1831 1066 1880 non
1087 1812 1202 1903 qualis

122 1940 178 2002 est
203 1931 366 2023 imaginis
390 1931 434 2001 ad
461 1952 541 2002 eum
563 1930 663 2002 ouius
684 1933 798 2022 imago
818 1942 890 2018 est,
912 1953 993 2023 quae
1014 1955 1084 2024 quo
1102 1933 1202 2004 simi-

122 2055 187 2125 lior
206 2077 249 2126 co
270 2054 378 2126 maior
399 2057 475 2126 laus
497 2052 661 2135 artificis3
684 2052 888 2146 sed-qualis.
903 2053 964 2124 filii
984 2055 1029 2125 ad
1050 2066 1199 2150 patrem,

121 2176 305 2268 inquibus
327 2200 406 2248 oum
428 2199 553 2267 magna
573 2198 666 2269 saepe
683 2177 872 2249 diversitas
891 2179 937 2248 sit
954 2178 1200 2265 membrorum,

122 2298 245 2369 umbra
266 2300 427 2391 quaedam
450 2309 485 2370 et
505 2321 613 2391 quem.
631 2301 780 2393 pictores
801 2301 909 2373 nostri
931 2321 1047 2372 aerem
1066 2308 1200 2386 vocant,

123 2422 184 2511 qui
209 2420 244 2491 iu
271 2424 370 2493 vultu
401 2423 506 2516 inque
539 2424 647 2494 oculis
668 2425 822 2495 maxime
848 2424 1014 2509 cernitur,
1044 2425 1203 2495 similitu-

124 2544 238 2616 dinem
260 2545 362 2624 illanc
376 2547 473 2630 lacit,
495 2569 576 2640 quae
598 2547 712 2620 statim
733 2547 812 2619 viso
833 2547 912 2630 filio,
943 2549 1052 2639 patris
1074 2548 1109 2617 in
1130 2569 1202 2618 me-

124 2666 269 2738 moriam
292 2691 362 2740 nos
383 2669 542 2756 reducat,
564 2693 642 2741 cum
666 2682 781 2742 tamen
803 2672 833 2741 si
853 2692 912 2754 res
934 2670 978 2741 ad
1000 2692 1202 2742 mensnram

124 2788 258 2872 redeat,
286 2790 401 2863 omnia
428 2791 497 2862 sint
521 2791 685 2875 diuersa3
713 2792 775 2863 sed
808 2804 864 2863 est
896 2792 943 2861 ibi
977 2793 1094 2863 nescio
1118 2793 1217 2892 quidt

122 2915 295 2982 occultum
316 2913 412 3003 quod
432 2914 520 2984 banc
548 2914 676 2985 babeat
701 2916 784 2983 vim.
808 2913 868 2984 Sic
898 2923 934 2984 et
961 2915 1059 2985 nobis
1087 2917 1214 3007 provi-'

122 3033 290 3118 dendum,
315 3045 351 3105 ut
383 3057 461 3105 cum
496 3036 608 3106 simile
634 3035 766 3128 aliquid
792 3036 849 3120 sit,
877 3038 986 3107 multa
1010 3036 1079 3107 sint
1098 3020 1207 3109 dissi-¹

124 3155 235 3242 milia,
259 3157 735 3252 alumnumalumnum,
760 3181 822 3231 nec
842 3158 1056 3253 deprehendi
1074 3153 1201 3254 possit,

123 3280 192 3350 nisi
214 3279 314 3351 tacita
340 3280 467 3352 mentis
494 3280 677 3374 indagine,
713 3294 750 3353 nt
782 3283 925 3374 intelligi
945 3283 1071 3354 *simile
1097 3294 1204 3375 queat

125 3405 239 3493 potius
261 3426 366 3497 quam
387 3404 465 3483 dici.
489 3404 662 3477 Utendum
684 3407 790 3497 igitur
810 3406 948 3496 ingenio
965 3405 1085 3488 alieno,
1105 3413 1210 3487 uteo-i

125 3523 279 3617 dumque
300 3525 488 3611 coloribus,
510 3527 750 3600 abstinendum
767 3527 898 3599 verbis.
918 3529 979 3598 Illa
996 3527 1088 3597 enim
1107 3525 1203 3596 simi-

126 3647 234 3719 litudo
255 3651 350 3730 latet,
375 3650 452 3720 baec
471 3650 610 3721 eminet.
633 3651 699 3724 llla
716 3662 836 3744 poetas
856 3651 949 3733 facit,
973 3650 1051 3720 baec
1071 3649 1212 3756 simias

126 3771 292 3842 Standum
313 3772 464 3865 denique
485 3774 625 3846 Senecae
645 3775 798 3858 consilio,
821 3773 916 3865 quod
937 3782 1016 3844 ante
1034 3774 1201 3842 Senecam
1234 3806 1237 3812 ,

126 3893 236 3965 Flacci
257 3907 347 3979 erat,
367 3906 404 3965 ut
422 3895 617 3968 scribamus
637 3896 767 3969 scilicet
785 3896 876 3968 sicut
891 3917 975 3986 apes
995 3892 1200 3977 mellificant

123 4039 192 4090 non
214 4019 364 4090 serratis
385 4018 540 4102 boribus,
563 4019 681 4091 sedin
705 4022 804 4092 favos
820 4017 949 4102 versis,
969 4030 1007 4089 ut
1022 4039 1068 4089 err
1084 4016 1200 4088 multis

121 4152 158 4213 et
178 4145 284 4215 variis
306 4165 412 4214 unum
435 4139 508 4228 bat,
532 4142 638 4234 idque
664 4134 757 4215 aliud
785 4152 820 4213 et
846 4141 980 4214 melius.
1009 4142 1092 4213 Haeo
1117 4141 1200 4213 dum
