2804 4656
282 291 375 340 menn
397 290 923 342 uucusuuusuenurus.—urusuouu
944 293 975 342 u.
1117 282 1177 345 195

96 433 181 506 citer
197 431 394 515 invideris.
408 431 500 516 Mihi,
517 432 546 502 si
560 433 650 504 ultra
663 453 843 524 nequeam,
859 435 945 506 satis
958 444 1024 520 est,
1038 446 1073 508 et
1083 437 1177 510 aetati

95 577 184 627 meae
203 566 238 627 et
262 554 453 649 posteritati
481 554 621 647 insuper
647 553 740 626 fideli
765 557 877 628 officio
901 560 1055 631 iunctum
1081 581 1174 646 esse,

96 679 190 772 quod
210 687 246 750 et
267 699 362 770 saepe
379 676 460 746 olim
477 677 600 748 fecisse
614 677 746 764 videor,
765 688 801 748 et
816 680 845 750 si
862 679 946 772 quid
956 682 1085 768 deerat,
1101 683 1178 757 haec

97 801 360 894 dies'implevit.
383 799 554 870 Necdum
579 810 694 870 tamen
720 823 839 872 curam
867 802 960 874 illam
980 805 1077 895 attigi
1097 827 1178 898 quae

96 927 248 998 animum
282 933 376 995 tuum
408 943 547 1013 semper
575 921 675 1013 gravi
705 921 832 1016 pioque
865 927 1005 1016 negotio
1038 949 1174 1018 urgere,

98 1069 191 1140 saepe
224 1048 343 1118 oculos
374 1044 524 1116 lacrimis
557 1043 701 1135 implere
728 1043 906 1118 debuerat.
936 1047 1056 1118 Nonne
1084 1051 1176 1120 enim

97 1169 253 1262 vigilanti
271 1168 451 1261 sopitoque
465 1166 527 1237 tibi
544 1167 694 1238 occurrit
707 1167 926 1240 Hierusalem
940 1170 1056 1254 vidua,
1064 1171 1175 1267 inops,

98 1291 247 1384 captiva,
275 1311 393 1374 serva,
416 1291 545 1360 misera
565 1309 646 1381 quae
667 1291 800 1359 nullum
819 1290 887 1361 iam
908 1292 976 1363 uisi
997 1314 1043 1363 ex
1063 1302 1097 1365 te
1116 1316 1178 1387 po·

98 1415 161 1487 scit
181 1438 222 1486 ac
248 1423 366 1508 sperat
392 1411 584 1483 auxilium?
604 1413 696 1484 luter
712 1412 789 1483 baec
810 1424 846 1485 lu
870 1393 1028 1486 somnum
1050 1420 1173 1503 oculiS,

97 1548 155 1610 aut
186 1535 361 1630 palpebris
387 1534 682 1618 dormitationem,
701 1544 761 1605 aut
783 1538 938 1628 requiem
962 1540 1176 1633 temporibus

98 1661 164 1731 tuis
187 1658 336 1753 praebes.
358 1655 627 1748 Expergiscere,
650 1656 852 1750 imperator:
875 1659 961 1731 hora
979 1672 1049 1747 est,
1073 1663 1178 1735 immo

97 1805 180 1855 uero
201 1784 270 1852 iam
292 1779 441 1852 transiit:
469 1782 638 1862 accelera,
662 1788 699 1850 et
721 1779 839 1851 virtuti
863 1783 978 1853 calcar
1003 1783 1177 1875 ingemina

97 1914 134 1978 ut
147 1905 331 1996 segnitiem
346 1903 752 1994 velocitatecompenses.
769 1903 891 1994 Surge,
906 1903 1057 1995 inquam,
1073 1926 1178 1997 surge

97 2026 163 2098 iam
186 2028 394 2120 Imperator,
419 2043 539 2114 surge,
562 2031 598 2092 et
622 2024 808 2093 clamorem
836 2023 934 2093 urbis
959 2033 1064 2116 atque
1084 2026 1179 2098 orbis

98 2162 130 2222 te
149 2150 308 2221 vocantis
325 2146 470 2229 exaudi3
491 2145 640 2218 conlrioa
661 2148 781 2217 oculos
798 2155 833 2216 et
850 2145 1087 2240 circumspice,
1112 2147 1179 2218 lm·

97 2280 250 2364 perator;
272 2269 408 2342 videbis
430 2271 538 2339 multa
555 2289 636 2360 quae
656 2268 782 2359 corrigi
807 2268 929 2354 velint,
951 2280 987 2339 et
1007 2269 1178 2362 intelliges

97 2416 164 2466 uon
185 2391 248 2464 tibi
269 2393 334 2464 boc
358 2414 486 2464 nornen
511 2391 710 2486 impositum
738 2400 775 2462 ut
799 2391 973 2484 quiescas.
995 2393 1078 2463 Mihi
1102 2394 1179 2484 qui·

98 2516 175 2588 dem
197 2517 232 2586 in
252 2516 410 2609 epistolis
431 2517 594 2588 omuibus
620 2514 666 2588 ad
691 2523 726 2586 te
751 2514 870 2586 missis
898 2515 1003 2586 stilus
1022 2516 1112 2588 idem
1138 2538 1180 2588 ao

99 2641 241 2712 materia
264 2662 331 2711 una
352 2650 422 2722 est,
444 2638 642 2712 exhortatio
660 2638 789 2710 scilicet
803 2638 1075 2732 increpatioque,
1093 2660 1181 2731 qne-

99 2763 255 2835 rimoniae
280 2771 316 2833 et
340 2761 529 2834 verborum
551 2762 691 2837 stimuli.
720 2761 830 2845 Ande,
859 2783 935 2847 oro,
957 2762 1180 2856 aliquidque

97 2886 179 2956 mihi
201 2908 272 2956 non
289 2906 428 2979 semper
447 2883 648 2956 exorandus
666 2895 771 2976 atque
789 2884 981 2975 urgendus
998 2883 1062 2955 sed
1082 2905 1180 2955 coer-

98 3009 228 3081 cendus
247 3007 434 3102 aliquando
448 3009 604 3092 videare,
619 3019 655 3079 et
674 3008 846 3078 interdum
861 3008 981 3092 lraeno,
997 3029 1065 3079 non
1086 3029 1180 3080 sem·

98 3155 157 3226 per
178 3132 374 3204 calcaribus
395 3133 546 3224 eguisse.
568 3131 764 3204 Aristotelis
786 3130 968 3222 disciplina
992 3141 1049 3203 est
1067 3155 1179 3225 quau-

100 3263 168 3326 tum
191 3255 275 3325 mihi
295 3255 437 3326 videtur
455 3277 524 3326 non
544 3253 718 3338 inefficax,
742 3263 780 3324 ut
800 3255 860 3346 qui
881 3253 915 3324 in
933 3256 1044 3325 altero
1060 3265 1178 3325 extre·

99 3398 232 3448 morum
245 3399 391 3472 peccare
407 3378 529 3447 solitus
544 3377 660 3462 luerit,
681 3398 761 3448 sese
774 3376 809 3446 in
821 3378 1032 3450 contrarium
1048 3377 1173 3459 trahat,
1210 3434 1216 3439 .

99 3499 190 3593 quod
204 3508 360 3572 tortuosa
373 3500 547 3591 lignorum
561 3500 752 3592 dirigentes
767 3500 910 3584 faciunt,
926 3510 965 3568 ut
977 3497 1087 3569 verbo
1100 3508 1178 3568 utar

99 3622 230 3714 ipsius:
253 3623 303 3694 sic
322 3625 414 3695 euim
435 3623 480 3694 ad
501 3623 653 3695 medium
674 3632 709 3694 et
728 3622 773 3699 ad
793 3632 925 3694 rectum
944 3621 1077 3692 facilius
1097 3641 1177 3713 per-

99 3745 245 3816 venitur.
274 3747 450 3817 Hactenus
475 3746 569 3839 quod
595 3768 695 3818 mens
725 3747 810 3818 tulit.
838 3747 937 3818 Nunc
962 3743 1117 3815 restabat
1136 3750 1176 3813 ut

98 3871 253 3963 epistolae
280 3881 348 3942 tuae
375 3871 630 3942 satisfacerem:
658 3871 721 3942 sed
750 3870 913 3963 quoniam
940 3879 977 3939 tu
1002 3867 1086 3938 illud
1119 3865 1174 3938 vis
1235 3900 1238 3914 ·

101 4002 283 4077 secretum,
303 4015 369 4085 ego
383 4003 497 4066 autem
517 3995 594 4065 haec
607 4005 689 4065 nota
706 3993 868 4065 omnibus
882 3991 1002 4076 velim,
1017 3991 1173 4066 dividam

101 4135 151 4187 res
172 4116 349 4201 diversas,
376 4127 411 4188 et
435 4117 530 4210 quod
554 4139 602 4188 ex
627 4138 683 4188 me
707 4114 846 4208 llagitas
877 4135 1037 4188 seorsum
1062 4116 1171 4207 leges.
