2992 4664
543 643 546 646 .
579 559 758 621 arissam
782 559 825 620 u.

232 755 432 804 ultancrws
457 754 635 802 vicecomes
656 753 786 802 GUIDONI
809 753 903 801 CARI).
927 755 975 801 Er.
998 755 1183 825 consutum.

195 917 309 972 Galeatii
322 917 495 971 Vioecomitis
508 916 620 970 nomine
636 916 681 970 Fr.
699 917 828 972 Petrarca
843 917 1023 989 conqueritur
1038 934 1133 974 msam
1149 920 1221 988 regis

271 1008 422 1063 Galliarum
431 1009 460 1062 in
468 1008 622 1076 Anglorum
637 1007 800 1062 servitutem
815 1023 871 1062 una
884 1024 947 1062 cnm
963 1007 1019 1062 filio
1034 1008 1146 1062 redacti.

266 1265 581 1336 Reverendissime
606 1275 703 1357 pater
728 1277 763 1335 et
785 1265 935 1336 domine.
965 1265 1095 1339 Audito
1115 1291 1253 1342 rumore

167 1389 272 1460 flebili
292 1410 332 1460 ao
359 1387 532 1481 stupendo
563 1408 669 1481 super
686 1409 786 1459 ‘casu
819 1385 1012 1458 miserabili
1039 1402 1074 1460 et
1100 1392 1254 1464 inaudito

166 1512 391 1584 illustrissimi
418 1512 547 1583 domini
577 1512 646 1584 mei
667 1513 779 1604 regis,
812 1522 906 1584 tanto
934 1533 1011 1583 sum
1038 1537 1187 1587 moerore
1209 1517 1254 1586 si·

168 1637 239 1704 mul
259 1656 300 1706 ac
318 1635 460 1706 horrore
493 1655 699 1718 concussus,
727 1636 849 1706 utrix
868 1637 998 1728 aliquid
1017 1637 1108 1728 loqui
1134 1638 1254 1711 sciam.
1285 1724 1292 1741 ᾦ

170 1758 256 1841 Quis
278 1759 370 1829 enim
392 1756 457 1828 sibi
481 1761 569 1828 banc
583 1758 770 1844 vitam‚.ao
788 1759 952 1855 incertam
975 1761 1123 1830 fortunae
1143 1761 1254 1833 aleam
1332 1809 1347 1835 0

174 1890 282 1953 tutam
306 1892 434 1975 speret,
461 1881 603 1972 quando
629 1882 662 1950 in
691 1901 829 1950 summo
850 1902 891 1951 ac
920 1881 1021 1950 unico
1041 1881 1253 1953 Francorum

173 2026 256 2096 rege
279 2016 412 2076 tantum
438 2002 573 2076 lacinus
594 2024 679 2073 ausa
701 2012 776 2073 cst:
804 2023 909 2093 quem
935 2003 1088 2094 glorioso
1120 2024 1140 2073 e
1167 2003 1254 2075 solio
1292 2075 1295 2079 ,

169 2126 214 2197 ad
250 2139 395 2210 terram,
432 2138 466 2198 et
500 2147 612 2218 usqne
644 2123 690 2196 ad
727 2116 850 2195 manus
886 2123 1036 2195 bostium
1067 2124 1253 2196 detrahere
1361 2195 1363 2205 χ

169 2272 275 2320 manu
296 2250 399 2344 impia
425 2261 460 2319 et
480 2249 666 2321 temeraria
690 2269 757 2318 non
779 2249 950 2341 expavit?
976 2248 1112 2338 Lagare
1132 2245 1252 2330 debet,

169 2370 310 2443 nisime
336 2373 421 2444 fallit
441 2394 553 2456 amor,
582 2384 673 2445 totus
700 2380 871 2442 terrarum
890 2368 999 2452 orbis,
1026 2379 1130 2462 atque
1150 2391 1254 2442 omne

170 2494 500 2583 genushominum‚
530 2495 681 2565 maxime
710 2495 768 2587 qui
801 2493 834 2562 in
869 2493 979 2564 altiori
1013 2493 1128 2585 aliquo
1160 2503 1252 2564 statu

136 2634 139 2640 ’
171 2631 262 2689 sunt.
286 2617 479 2710 Singularis
506 2630 620 2690 autem
647 2618 746 2720 dolor
770 2627 806 2687 et
826 2615 1081 2688 inconsolabilis
1098 2626 1154 2687 est
1174 2636 1255 2687 suo·

171 2763 265 2825 rum,
292 2762 443 2831 quorum
462 2735 529 2830 ego
550 2764 605 2813 me
627 2762 773 2811 numero
799 2740 998 2811 adscribere
1019 2742 1148 2825 audeo,
1169 2742 1265 2832 quio

123 2872 127 2879 '
169 2863 273 2934 etiam
301 2871 435 2944 teneor,
458 2844 739 2954 recolensquam
763 2861 913 2952 benigne
935 2845 1109 2952 quamque
1136 2864 1255 2932 suavi·
1312 2873 1313 2876 ’

126 2965 130 2970 ’
171 2997 225 3056 ter
245 2982 346 3053 visus
368 2992 472 3074 atque
495 2994 660 3054 tractatus
682 2984 729 3055 lui
752 2984 845 3062 olim,
878 2995 947 3053 tam
975 3005 1036 3075 per
1062 2983 1174 3077 ipsum
1193 2982 1255 3056 do-

171 3108 304 3178 minum
325 3127 439 3177 meum
463 3127 601 3195 regem,
624 3129 728 3197 quam
750 3128 812 3201 per
832 3105 971 3200 inclytae
997 3107 1174 3181 memoriae
1195 3130 1256 3200 pa-

173 3240 260 3300 trem
278 3229 378 3313 eins‚'
398 3251 463 3300 nec
483 3249 550 3300 nou
568 3231 672 3301 etiam
695 3251 757 3323 per
780 3228 871 3298 bunc
899 3228 1006 3299 filium
1032 3230 1109 3300 eius
1128 3228 1255 3320 primo-

172 3353 342 3442 genitum,
366 3373 468 3443 quem
490 3354 583 3424 Deus
602 3353 822 3445 omnipotens
856 3351 898 3422 ad
931 3354 1074 3422 salutem
1100 3351 1256 3439 regulet

174 3474 455 3567 tranquillitatem
483 3472 635 3545 fidelium
669 3476 888 3546 reservavit:
916 3475 990 3566 qui,
1016 3483 1185 3564 quantum
1220 3471 1252 3539 in

173 3598 230 3666 illa
252 3607 334 3668 tunc
352 3598 472 3691 puerili
494 3607 597 3667 aetate
618 3618 681 3666 sna
700 3595 774 3668 fieri
804 3598 926 3690 potuit,
949 3607 1044 3667 tanto
1064 3615 1119 3664 me
1137 3595 1255 3664 lavore

173 3719 377 3809 complexus
410 3728 479 3799 est,
510 3729 547 3787 ut
579 3717 766 3808 imaginem
799 3739 896 3789 suam
932 3714 1133 3809 praecordiis
1167 3713 1255 3785 meis

173 3840 329 3929 affigeret
347 3852 514 3933 perpetuo
531 3839 746 3910 duraturam.
762 3840 810 3909 llli
823 3861 915 3910 nuno
930 3839 1043 3930 igitur,
1062 3850 1097 3908 ut
1109 3835 1254 3927 dignum

173 3972 243 4045 cst,
272 3962 407 4034 sincera
428 3961 497 4034 fide
522 3963 721 4056 compatior.
751 3965 801 4034 Dc
820 3962 945 4055 ipsius
971 3972 1089 4031 tamen
1113 3958 1273 4052 egregia*

176 4083 290 4154 indole
311 4095 415 4177 atque
436 4088 565 4156 virtute
586 4084 748 4169 conlido?
769 4085 862 4176 (tracti
889 4084 1007 4156 divino
1028 4085 1113 4153 fulta
1134 4081 1256 4176 praesi-
