2940 4650
214 279 272 340 482
672 289 834 339 vanrnnun

148 523 151 530 Ι
214 435 295 519 cior,
312 446 348 506 ut
361 435 452 521 dixi,
468 436 545 506 aliis
561 436 709 506 amarior
727 436 804 505 felle
817 432 961 526 pecunia
974 441 1039 504 est.
1057 434 1189 526 ltaque
1207 453 1309 506 num-

215 582 291 631 mos
311 559 369 629 alii
387 581 455 630 non
477 557 578 651 quasi
599 559 704 628 fallax
720 568 756 628 et
775 556 896 648 fragile
923 558 1082 628 mortalis
1105 559 1198 628 vitae
1216 579 1307 652 prae-

214 684 354 781 sidium,
380 681 442 754 sed
470 681 573 775 quasi
594 682 717 753 fratres
739 692 798 752 aut
819 678 907 751 filios
928 691 1060 764 amant,
1092 701 1197 773 saepe
1225 684 1303 774 plus

214 810 316 882 etiam
337 829 443 900 quam
462 827 501 877 se
519 807 629 902 ipsos,
652 804 792 899 quando
812 816 851 876 ut
867 805 1019 875 nummis
1041 812 1192 895 parcant
1210 807 1301 875 fame

213 940 370 1025 pereunt.
393 932 523 1002 Horum
537 932 594 1001 alii
608 940 802 1002 contactum
820 951 885 1000 ceu
900 928 1146 1019 contagiosum
1165 928 1299 1021 aliquid

214 1058 358 1139 evitant,
395 1065 430 1125 et
463 1055 564 1147 quasi
596 1076 664 1125 non
698 1053 847 1124 sufficiat
871 1052 1051 1123 avaritiam
1079 1051 1294 1135 declinasse,
1397 1141 1398 1144 Ἴ

213 1180 280 1250 nisi
300 1179 334 1247 in
354 1180 566 1250 contrarium
587 1175 777 1260 relabatur,
806 1175 934 1246 bellum
959 1174 1122 1245 indixere
1144 1175 1294 1258 divitiis,

213 1326 301 1396 quas
335 1314 373 1374 ut
405 1302 509 1374 valde
541 1311 661 1395 optare
694 1301 885 1386 imbecillis,
918 1302 968 1370 sic
1000 1321 1069 1370 non
1087 1320 1197 1392 posse
1225 1300 1295 1391 pati
1393 1289 1400 1385 [

213 1431 371 1498 enervati
391 1426 495 1497 animi
514 1437 578 1496 est.
596 1424 682 1494 Hinc
699 1423 792 1515 apud
809 1424 968 1494 Flaccum
988 1432 1151 1492 extrema
1169 1422 1230 1493 illa
1252 1424 1296 1492 ri·
1395 1424 1402 1516 g

213 1549 327 1620 dicula
359 1551 523 1641 procula
554 1548 684 1619 virtute
703 1547 868 1618 distantia
888 1545 1027 1617 Laberii
1053 1556 1088 1616 et
1113 1544 1292 1642 Aristippi,
1401 1520 1402 1528 ἵ

213 1692 360 1763 quorum
379 1671 512 1763 primus
534 1670 711 1763 multiplici
731 1693 834 1763 poena
859 1668 1059 1742 haeredibus
1078 1671 1243 1763 apposita
1260 1670 1293 1740 ni
1404 1680 1405 1721 1

212 1796 424 1886 paruissent,
445 1815 584 1864 omnem
604 1794 755 1885 ingentis
777 1792 973 1887 patrimonii
995 1793 1048 1864 sui
1069 1794 1216 1865 moduni
1240 1815 1294 1864 se·

212 1919 346 2010 pulchri
369 1917 456 1990 saxo
473 1919 576 1988 iussit
589 1918 747 2010 insculpi,
769 1940 838 2011 quo
855 1919 985 1989 scilicet
997 1917 1192 2012 posteritati
1213 1929 1294 1989 nota
1399 1899 1405 2018 J

214 2043 358 2114 felicitas
381 2064 444 2112 sua
461 2051 557 2114 esset
576 2064 682 2135 quam
701 2042 734 2111 in
753 2042 884 2114 divitiis
911 2041 1115 2135 reponebat:
1150 2043 1241 2112 alter
1261 2042 1295 2111 in
1399 2022 1404 2112 Ῐ

148 2195 153 2213 r
212 2163 322 2260 Lyhia
343 2182 468 2235 servos
481 2185 605 2235 aurum
625 2185 727 2233 suum
748 2184 818 2255 quo
839 2162 973 2254 gravati
997 2161 1130 2232 tardius
1153 2162 1296 2234 incede·

214 2287 312 2377 bant,
331 2283 431 2379 quasi
453 2309 591 2358 coenum
607 2285 709 2356 iussit
723 2285 886 2369 abiicere,
908 2305 986 2356 cum
1002 2287 1057 2355 ille
1078 2296 1204 2378 posset
1221 2307 1296 2357 rem
1404 2310 1406 2328 ³

214 2411 381 2481 caducam
407 2412 546 2502 penitus
560 2409 735 2492 foenerari,
755 2420 790 2479 et
804 2409 860 2480 hic
877 2411 911 2478 in
933 2412 1093 2480 meliores
1116 2431 1206 2480 usus
1228 2413 1297 2482 lar·

214 2532 340 2623 giendo
373 2553 478 2622 quam
511 2530 722 2623 proliciendo
748 2542 964 2604 convertere.
999 2534 1087 2603 Sunt
1106 2533 1240 2625 quibos
1261 2535 1296 2604 in

214 2653 319 2726 rebus
340 2651 502 2723 omnibus
532 2651 753 2723 mediocritas
787 2656 908 2746 placet.
931 2658 1061 2727 Horum
1078 2677 1125 2726 ex
1148 2677 1298 2727 numero

214 2790 295 2848 esse
307 2777 493 2860 velim,neo
504 2774 653 2846 verebor
668 2775 957 2868 pusillanimitatis
972 2777 1298 2869 infamiam,meque

212 2901 270 2972 illo
291 2901 434 2971 Senecae
455 2900 653 2971 testimonio
675 2900 832 2970 tuehe'or:
851 2900 978 2989 Moqm',
994 2901 1112 2992 inquit,
1128 2901 1240 2970 culmi
1252 2911 1299 2969 est

213 3047 335 3115 mupoo
356 3037 573 3108 contemnere,
596 3038 627 3095 et
642 3022 819 3095 mediocria
838 3025 935 3094 molle
955 3047 1052 3114 quom
1077 3025 1193 3094 nimio.
1230 3023 1300 3095 Sed

214 3148 343 3218 omissa
360 3157 523 3218 votorum
537 3150 709 3220 varietate
722 3148 929 3232 mortalium,
949 3147 995 3218 ad
1015 3167 1079 3218 nos
1096 3156 1130 3216 et
1145 3168 1220 3215 rem
1236 3168 1300 3215 no-

215 3279 323 3342 stram
345 3270 461 3342 redeo.
484 3272 534 3340 Tu
564 3272 706 3364 quidem
731 3294 836 3365 quam
858 3271 1027 3342 industrie
1047 3268 1220 3347 amicitias
1243 3292 1301 3341 re-

215 3416 298 3486 gum
312 3397 406 3465 colas
421 3393 549 3485 insigni
563 3415 676 3484 nuper
689 3383 933 3487 experimento
951 3405 986 3463 et
998 3392 1165 3486 praeclara
1180 3412 1301 3484 usque

215 3520 260 3590 ad
285 3519 418 3589 exitum
437 3516 506 3587 fide
527 3517 743 3600 monstrasti,
779 3516 866 3588 adeo
892 3527 931 3588 ut
956 3528 990 3586 te
1006 3526 1042 3586 et
1061 3515 1211 3586 amicum
1232 3538 1302 3587 rex

216 3642 299 3713 dum
316 3640 416 3726 vixit,
430 3649 466 3711 et
478 3661 571 3711 nunc
590 3642 693 3711 etiam
715 3663 861 3732 regnum
883 3641 997 3734 ipsum
1020 3638 1144 3710 Siciliae
1159 3648 1301 3732 patrem

217 3774 328 3836 vocet.
350 3765 421 3835 Nec
443 3765 521 3835 ideo
542 3763 638 3856 quod
658 3764 692 3832 in
712 3773 828 3834 monte
850 3774 944 3834 stare
961 3782 1200 3834 consueveras
1222 3765 1304 3834 val-

218 3890 285 3959 lem
306 3886 396 3972 odis,
419 3887 542 3976 doctus
564 3898 598 3958 et
620 3887 799 3980 suspicere
820 3898 854 3958 et
871 3909 973 3980 aequa
995 3886 1209 3978 conspicere,
1234 3909 1305 3958 nec

220 4019 335 4082 tamen
347 4012 415 4082 ima
433 4012 621 4105 despicere.
637 4012 758 4082 Omnia
772 4015 863 4083 enirn
878 4033 983 4103 agere
1001 4012 1113 4081 virtus
1132 4008 1248 4095 docet,
1266 4021 1305 4082 et

220 4117 460 4207 diversissima
476 4136 564 4219 licet,
575 4159 645 4207 uno
661 4135 803 4207 rationis
818 4135 962 4227 imperio
975 4133 1206 4205 administrat.
1222 4133 1304 4205 Non
