2934 4650
219 274 277 334 394
674 282 836 333 lentaeue

217 429 344 526 accipe.
359 427 469 504 Nemo
485 431 556 500 lere
574 439 629 499 est
644 428 743 517 cuius
762 428 877 521 aliqua
893 447 961 498 non
980 427 1307 520 reprehendantur.

217 555 294 626 Non
315 563 384 624 tam
407 549 533 624 subtile
553 574 659 644 quam
682 551 892 622 laboriosum
910 552 1014 622 fuerit
1031 572 1104 621 rem
1123 551 1306 644 exemplis

218 698 385 748 asserere.
411 675 517 746 Verte
548 674 836 770 Philosophorum
875 674 984 745 libros
1015 695 1056 745 ao
1087 675 1303 746 Sanctorum
1398 681 1399 687 ’

216 799 446 895 quorumdam
468 820 617 891 quorum
642 788 811 871 celebrior
831 800 922 869 lama
942 809 1012 870 est:
1034 798 1142 868 multa
1165 797 1302 890 passim

217 921 310 1016 apud
329 924 406 994 illos
428 923 484 994 vel
501 922 547 994 ab
564 922 650 1015 ipsis
667 923 724 993 vel
742 920 787 992 ab
803 921 879 992 aliis
898 929 1097 1006 retractata,
1117 942 1186 990 seu
1205 930 1302 992 certe

218 1047 437 1120 retractanda
475 1046 677 1138 comperies.
715 1044 838 1116 Notavi
875 1064 942 1134 ego
980 1043 1112 1136 aliquot
1149 1044 1300 1114 Senecae
1402 1136 1403 1139 Ἴ

219 1167 421 1253 sententias
442 1168 504 1240 sed
524 1176 561 1238 ut
580 1167 737 1251 arbitror,
757 1189 825 1239 non
840 1167 985 1248 iniuste3
1004 1166 1123 1237 notavi
1140 1167 1297 1258 aliquas:

217 1291 321 1364 crede
344 1291 437 1374 mihi,
459 1292 579 1383 plures
600 1300 770 1384 poteram3
797 1299 969 1361 ettamen
990 1289 1157 1359 Senecam
1180 1287 1298 1380 ipsum

218 1415 323 1487 miror
336 1437 375 1486 ao
388 1435 547 1488 veneror.
561 1411 687 1483 Notavi
701 1412 875 1483 Ciceronis
898 1411 967 1482 mei
990 1410 1139 1482 unicam.
1162 1409 1296 1479 Verum

218 1536 253 1606 id
270 1560 339 1607 non
358 1538 409 1609 sio
426 1534 536 1629 accipi
554 1536 673 1618 velim,
691 1545 730 1606 ut
746 1534 847 1628 quasi
868 1536 991 1606 alienae
1009 1535 1111 1604 lamae
1129 1532 1299 1605 delatoris

218 1660 317 1732 titulo
338 1659 590 1752 gloriabundus
607 1659 783 1746 insultem,
807 1658 871 1730 sed
892 1669 930 1730 ut
949 1679 995 1728 ex
1017 1657 1122 1728 unius
1143 1657 1300 1728 hominis

217 1782 354 1855 duabus
377 1783 527 1854 invicem
548 1785 732 1855 contrariis
755 1782 937 1855 sententiis
959 1783 1159 1876 praeferrem
1180 1782 1299 1863 verio-

213 1928 306 1991 rem,
335 1906 440 2000 idque
459 1928 527 1978 non
548 1915 768 1998 arroganter,
792 1906 909 1999 utqui
930 1927 986 1976 me
1008 1926 1077 1975 nou
1099 1903 1204 1974 modo
1230 1927 1301 1975 nou

217 2031 343 2102 inferre
364 2029 565 2116 maioribus,
588 2031 653 2103 sed
667 2052 731 2102 nec
745 2029 886 2123 paribus
903 2033 1061 2105 conferre
1078 2050 1143 2100 nee
1156 2029 1301 2100 mineri-

217 2152 284 2225 bus
318 2157 482 2248 praeferre
511 2155 777 2236 consueverim3
810 2177 874 2226 nee
899 2154 1066 2225 iniuriose
1091 2152 1237 2245 quidem
1264 2163 1302 2225 ut

218 2277 283 2363 cui,
305 2279 422 2359 fateor,
451 2278 616 2349 Cicerone
637 2279 714 2371 ipso
743 2279 950 2373 scriptorum
977 2280 1092 2349 nullus
1124 2278 1302 2371 acceptior

219 2403 272 2473 sit.
299 2401 391 2472 lllam
426 2400 543 2492 itaque
576 2403 824 2473 sententiarum
847 2400 1112 2495 repugnantiam
1134 2402 1302 2493 quamvis

218 2522 264 2593 ab
295 2521 436 2592 ineunte
469 2529 573 2591 aetate
607 2524 878 2616 perpenderem,
913 2535 1029 2596 tamen
1063 2524 1300 2597 verecundius

218 2642 439 2728 asserebam,
461 2642 571 2715 donec
599 2645 776 2716 civitatem
798 2645 876 2731 Dei,
899 2647 1096 2739 Augustino
1114 2645 1217 2730 duce,
1248 2649 1301 2716 in-

218 2788 373 2861 gressus,
388 2766 618 2840 animadverti
636 2767 834 2860 opinionem
849 2791 961 2840 meam
979 2771 1072 2840 illius
1093 2769 1301 2841 auctoritate

219 2891 358 2962 firmari.
380 2892 495 2983 Leges
527 2892 621 2963 illum
647 2892 836 2983 Augustini
855 2896 967 2965 locum
985 2923 992 2964 :
1011 2904 1066 2965 est
1082 2903 1199 2965 autem
1224 2917 1301 2965 ma·

219 3015 277 3108 gui
310 3014 426 3108 operis
459 3015 564 3088 Lihro
594 3016 704 3109 primo
732 3017 825 3089 haud
852 3020 968 3110 procul
995 3040 1016 3089 a
1042 3016 1119 3087 fine.
1153 3016 1301 3090 Videbis

219 3140 286 3209 illie
309 3139 448 3210 Catonis
470 3141 701 3213 voluntariam
724 3152 868 3213 mortem
887 3140 1085 3234 improbari,
1107 3161 1213 3233 quam
1236 3140 1300 3211 Se-

220 3283 305 3333 neca
330 3272 409 3333 ante
435 3263 551 3333 omnia
586 3264 652 3334 viri
685 3263 775 3334 illius
809 3264 952 3356 egregia
984 3265 1074 3335 sacta
1110 3262 1297 3334 collaudat.

220 3385 338 3456 Cicero
371 3395 487 3456 aulem
520 3396 681 3467 excusat,
716 3399 752 3456 et
784 3385 864 3458 licet
895 3387 1070 3479 aliquanto
1102 3385 1298 3457 modestius

220 3529 289 3578 non
307 3530 432 3599 negem
453 3529 627 3579 excusare
646 3510 783 3600 culpam
809 3532 913 3603 quam
939 3510 1094 3594 laudare,
1123 3518 1238 3579 tamen
1265 3511 1298 3580 si

219 3630 405 3724 Augustini
427 3630 577 3703 rationes
596 3630 690 3703 dioto
710 3635 880 3719 conferas
903 3632 1075 3725 intelliges
1106 3654 1171 3703 nec
1197 3640 1296 3704 metu

220 3753 429 3826 imminentis
464 3753 556 3837 mali,
590 3775 653 3825 nec
683 3755 865 3848 praesentis
897 3756 993 3841 odio,
1020 3778 1086 3828 nec
1112 3777 1175 3851 spe
1210 3755 1298 3827 vitce

219 3875 372 3948 melioris
398 3877 641 3949 arcessendam
667 3891 828 3965 mortem,
852 3901 915 3950 nec
932 3879 1069 3952 iniussu
1089 3879 1166 3950 eius
1183 3902 1204 3950 a
1224 3900 1296 3972 quo

219 4019 345 4089 eorpus
366 3996 459 4071 istud
480 3999 693 4094 accepimuS,
715 4000 971 4092 emigrandum,
1001 4023 1064 4072 nee
1093 3980 1232 4073 Catonis
1258 4000 1295 4070 in

220 4126 339 4205 morie,
353 4143 397 4194 ne
410 4120 522 4195 dicam
540 4121 688 4207 laudem,
706 4123 768 4197 sed
782 4126 1043 4197 exeusationem
1062 4127 1169 4197 ullam
1189 4145 1293 4210 esse;
