2992 4664
589 304 744 356 EPISTULA
767 308 829 356 xxl.

168 467 264 519 sanae
285 449 412 518 mentis
435 445 591 519 mirabile
613 447 773 525 videatur
792 446 820 517 si
839 469 935 520 amor
953 450 988 520 in
1001 450 1111 521 -vobis
1127 463 1248 523 servat

166 559 446 645 vetustissimum
472 594 603 647 morem
632 594 752 656 suum,
788 551 825 643 ut
857 583 1017 659 cessante
1043 574 1127 643 licet
1155 576 1248 645 omni

166 697 348 768 criminum
375 695 538 778 materia,
567 696 656 766 inter
690 695 847 777 llammas
879 697 929 765 sic
962 697 1073 767 allecti
1099 699 1248 789 pectoris

169 796 510 912 suspicionis'lumus
527 814 716 886 emerserit.
740 814 861 886 Cordis
878 817 1041 906 equidem
1059 818 1167 886 vestri
1189 818 1251 889 do-

168 940 282 1022 minae,
304 940 404 1011 cuius
426 938 546 1008 merita
568 959 629 1030 per
649 947 787 1008 vestras
806 937 939 1008 litteras
954 939 1248 1021 commendastis

168 1062 235 1133 etsi
255 1063 287 1133 ei
309 1061 562 1132 insultaveritis
582 1060 756 1132 delatione
774 1061 999 1151 gravissima,
1029 1084 1250 1154 nequaquam

170 1195 283 1258 tamen
305 1160 509 1254 innocentiae
530 1183 757 1275 patrocinium
779 1183 971 1256 ademistis.
992 1186 1165 1254 Caeterum
1190 1206 1251 1275 pa-

171 1318 307 1378 tronum
322 1326 384 1396 pro
398 1305 563 1396 qualitate
583 1304 730 1396 negocii,
750 1327 884 1398 proque
902 1304 1253 1375 contradicentiselo-

168 1430 268 1523 quio,
287 1428 391 1499 nimis
412 1430 577 1520 imparem
598 1427 805 1520 deputastis.
822 1429 914 1521 lpsa,
930 1427 1084 1518 inquam,
1101 1447 1246 1518 prorsus

169 1551 278 1623 oculis
306 1549 391 1620 meis
419 1549 538 1640 ignota
564 1557 644 1618 est:
678 1548 795 1640 itaque
825 1570 953 1619 novum
982 1569 1111 1640 pugnae
1138 1570 1251 1639 genus

171 1673 353 1764 ingressus
369 1691 459 1753 sum,
479 1693 584 1763 quam
606 1691 781 1761 nunquam
803 1669 964 1751 viderim,
984 1670 1084 1739 cuius
1106 1690 1170 1739 nec
1190 1690 1252 1738 no-

172 1817 252 1864 men
273 1793 454 1876 audierim,
477 1794 698 1864 defensurus.
717 1792 796 1863 Feci
818 1802 932 1862 tamen
952 1793 1148 1873 audentius,
1171 1791 1254 1884 quia

172 1939 237 1988 nec
258 1940 277 1988 a
299 1916 401 1988 vobis
419 1919 548 1987 frustra
561 1915 786 1986 commissum
813 1914 943 2007 aliquid
963 1913 1167 1997 arbitrabar,
1189 1936 1254 1984 nec

171 2047 304 2110 tantum
326 2038 474 2110 amicum
508 2037 652 2108 iustitiae
684 2037 795 2108 amico
824 2057 887 2106 suo
912 2047 1170 2128 praecepturum
1192 2035 1254 2105 ali-

171 2161 256 2254 quid
275 2161 409 2253 quoda
436 2160 578 2231 iustitiae
600 2160 759 2230 terminis
785 2159 1000 2230 abhorreret.
1028 2158 1082 2229 Ad
1114 2157 1190 2229 haec
1219 2156 1254 2225 in

171 2294 276 2354 certae
298 2283 429 2354 notitias
456 2285 567 2354 locum
594 2283 711 2374 opinio
732 2282 886 2352 violenta
907 2292 1147 2363 successerat3
1168 2302 1255 2372 quo

172 2406 264 2476 niam
285 2406 442 2483 nonnisi
455 2406 643 2478 verendam
657 2416 850 2499 etprorsus
864 2404 1042 2495 egregiam
1057 2415 1251 2474 matronam

172 2528 258 2610 lore,
282 2549 386 2619 quam
409 2530 520 2599 alatus
541 2538 576 2600 et
597 2529 822 2621 pharetratus
845 2526 901 2597 ille
923 2549 1009 2620 puer
1037 2537 1131 2597 tanto
1156 2549 1252 2597 ama-

174 2660 249 2719 tore
269 2648 435 2740 dignatus
457 2658 526 2734 est,
553 2649 813 2743 inexpugnabili
845 2649 927 2719 mihi
955 2648 1171 2720 concluditur
1200 2667 1256 2717 ar·

174 2783 349 2861 gumento.
372 2772 468 2843 Sicut
488 2773 579 2842 enim
606 2771 852 2842 dissimilitudo
881 2793 1016 2841 morum
1047 2793 1087 2841 ac
1120 2773 1255 2841 naturae

174 2901 229 2961 est
245 2891 314 2963 odii
335 2895 529 2976 causativa,
559 2894 608 2965 sic
629 2916 782 2966 amorem
808 2904 944 2964 constat
963 2916 1009 2963 ex
1030 2894 1256 2965 similitudine

173 3015 370 3108 procreari:
398 3037 469 3107 quo
494 3014 533 3085 fit
556 3027 597 3087 ut
620 3040 724 3110 quam
744 3039 789 3087 ex
813 3026 908 3087 tanto
929 3015 1095 3086 nobilium
1114 3017 1256 3087 femina-

174 3158 252 3206 rum
278 3136 416 3227 agmine
449 3148 585 3209 maturo
613 3139 755 3210 consilio
783 3138 1005 3231 praetulistis,
1033 3159 1179 3209 neeesse
1201 3136 1257 3208 *sit

175 3256 276 3326 vobis
294 3279 375 3329 esse
393 3258 614 3348 simillimam.
636 3261 736 3341 Quod
757 3283 834 3330 cum
857 3261 905 3329 ita
931 3259 990 3343 sit,
1018 3261 1103 3352 quid
1132 3281 1257 3331 conse-

174 3379 293 3469 quitur
315 3380 409 3452 aliud
429 3381 495 3452 nisi
521 3383 725 3476 prudentem
752 3386 842 3466 lore,
873 3392 1017 3466 castam,
1045 3382 1195 3452 sobriam
1222 3391 1258 3451 et

175 3501 383 3584 modestam,
406 3506 561 3597 suscepti
581 3502 739 3575 beneficii
761 3525 966 3588 memorem,
986 3503 1092 3596 piam,
1112 3504 1255 3592 largam,

175 3633 346 3715 praeterea
387 3622 564 3695 liberalem
599 3636 634 3696 et
666 3628 700 3696 in
732 3627 823 3697 omni
850 3626 984 3697 actione
1013 3624 1254 3726 iustissimam,

175 3743 321 3836 proinde
341 3746 622 3836 contemptricem
654 3748 832 3820 hominum
867 3749 1091 3841 reliquorum,
1126 3726 1256 3837 unique

176 3864 347 3936 duntaxat
366 3867 495 3936 amoris
516 3867 622 3952 vices,
646 3867 712 3939 fide
730 3869 1164 3963 purissima-referentem?
1185 3865 1254 3936 Nec

176 4007 231 4057 me
249 3988 371 4058 terruit
392 3986 437 4058 ab
458 3988 609 4059 adverso
638 3991 731 4081 quod
762 4000 881 4063 contra
908 4013 991 4060 eam
1018 3988 1159 4062 verbale
1185 3987 1258 4058 bel·

177 4108 246 4178 lum
269 4109 463 4182 instituisse
484 4109 698 4180 videremini.
722 4111 881 4183 Sciebam
895 4111 986 4180 enim
1015 4133 1117 4203 quam
1136 4108 1255 4181 dulces
