<?xml version="1.0" encoding="UTF-8"?>
<!DOCTYPE html PUBLIC "-//W3C//DTD XHTML 1.0 Transitional//EN"
    "http://www.w3.org/TR/xhtml1/DTD/xhtml1-transitional.dtd">
<html xmlns="http://www.w3.org/1999/xhtml" xml:lang="en" lang="en">
 <head>
  <title>
</title>
<meta http-equiv="Content-Type" content="text/html;charset=utf-8" />
  <meta name='ocr-system' content='tesseract 3.04.00' />
  <meta name='ocr-capabilities' content='ocr_page ocr_carea ocr_par ocr_line ocrx_word'/>
</head>
<body>
  <div class='ocr_page' id='page_1' title='image "./franciscipetrar00fracgoog_0083.png"; bbox 0 0 2730 4680; ppageno 0'>
   <div class='ocr_carea' id='block_1_1' title="bbox 226 320 967 380">
    <p class='ocr_par' dir='ltr' id='par_1_1' title="bbox 226 320 967 380">
     <span class='ocr_line' id='line_1_1' title="bbox 226 320 967 380; baseline 0.004 -6"><span class='ocrx_word' id='word_1_1' title='bbox 226 320 264 380; x_wconf 74' lang='lat' dir='ltr'>lib</span> <span class='ocrx_word' id='word_1_2' title='bbox 561 332 602 378; x_wconf 76' lang='lat' dir='ltr'>bn</span> <span class='ocrx_word' id='word_1_3' title='bbox 623 331 724 379; x_wconf 80' lang='lat' dir='ltr'>REBUS</span> <span class='ocrx_word' id='word_1_4' title='bbox 745 331 967 380; x_wconf 73' lang='lat' dir='ltr'>snlllmaltlsslls</span> 
     </span>
    </p>
   </div>
   <div class='ocr_carea' id='block_1_2' title="bbox 150 463 1303 2886">
    <p class='ocr_par' dir='ltr' id='par_1_2' title="bbox 150 463 1303 2886">
     <span class='ocr_line' id='line_1_2' title="bbox 225 463 1301 558; baseline 0 -22"><span class='ocrx_word' id='word_1_5' title='bbox 225 471 292 538; x_wconf 88' lang='lat' dir='ltr'>iam</span> <span class='ocrx_word' id='word_1_6' title='bbox 313 465 452 537; x_wconf 88' lang='lat' dir='ltr'>tandem</span> <span class='ocrx_word' id='word_1_7' title='bbox 472 476 565 537; x_wconf 84' lang='lat' dir='ltr'>totus</span> <span class='ocrx_word' id='word_1_8' title='bbox 582 486 629 535; x_wconf 87' lang='lat' dir='ltr'>ex</span> <span class='ocrx_word' id='word_1_9' title='bbox 650 465 786 556; x_wconf 80' lang='lat' dir='ltr'>integro</span> <span class='ocrx_word' id='word_1_10' title='bbox 802 463 906 537; x_wconf 87' lang='lat' dir='ltr'>vobis</span> <span class='ocrx_word' id='word_1_11' title='bbox 927 464 1039 538; x_wconf 82' lang='lat' dir='ltr'>cedit:</span> <span class='ocrx_word' id='word_1_12' title='bbox 1057 467 1180 558; x_wconf 87' lang='lat' dir='ltr'>inquo</span> <span class='ocrx_word' id='word_1_13' title='bbox 1199 465 1245 537; x_wconf 90' lang='lat' dir='ltr'>de</span> <span class='ocrx_word' id='word_1_14' title='bbox 1262 487 1301 536; x_wconf 91' lang='lat' dir='ltr'>se</span> 
     </span>
     <span class='ocr_line' id='line_1_3' title="bbox 224 587 1302 682; baseline -0.001 -24"><span class='ocrx_word' id='word_1_15' title='bbox 224 589 280 659; x_wconf 86' lang='lat' dir='ltr'>alii</span> <span class='ocrx_word' id='word_1_16' title='bbox 301 587 472 660; x_wconf 85' lang='lat' dir='ltr'>iudicent:</span> <span class='ocrx_word' id='word_1_17' title='bbox 491 609 558 679; x_wconf 79' lang='lat' dir='ltr'>ego</span> <span class='ocrx_word' id='word_1_18' title='bbox 576 609 700 682; x_wconf 86' lang='lat' dir='ltr'><strong>nempe</strong></span> <span class='ocrx_word' id='word_1_19' title='bbox 713 589 780 658; x_wconf 93' lang='lat' dir='ltr'>iam</span> <span class='ocrx_word' id='word_1_20' title='bbox 796 588 876 658; x_wconf 89' lang='lat' dir='ltr'>binc</span> <span class='ocrx_word' id='word_1_21' title='bbox 894 599 1060 681; x_wconf 90' lang='lat' dir='ltr'>quantum</span> <span class='ocrx_word' id='word_1_22' title='bbox 1078 589 1173 672; x_wconf 89' lang='lat' dir='ltr'>mihi,</span> <span class='ocrx_word' id='word_1_23' title='bbox 1191 610 1302 680; x_wconf 87' lang='lat' dir='ltr'>quan-</span> 
     </span>
     <span class='ocr_line' id='line_1_4' title="bbox 225 711 1302 851; baseline 0.002 -71"><span class='ocrx_word' id='word_1_24' title='bbox 225 723 367 805; x_wconf 82' lang='lat' dir='ltr'>tumque</span> <span class='ocrx_word' id='word_1_25' title='bbox 389 711 472 782; x_wconf 86' lang='lat' dir='ltr'>vitae</span> <span class='ocrx_word' id='word_1_26' title='bbox 493 733 582 782; x_wconf 83' lang='lat' dir='ltr'>meae</span> <span class='ocrx_word' id='word_1_27' title='bbox 604 711 765 783; x_wconf 88' lang='lat' dir='ltr'>solatium</span> <span class='ocrx_word' id='word_1_28' title='bbox 786 711 975 851; x_wconf 48' lang='lat' dir='ltr'>decrescat,</span> <span class='ocrx_word' id='word_1_29' title='bbox 994 712 1160 802; x_wconf 79' lang='lat' dir='ltr'>intelligo,</span> <span class='ocrx_word' id='word_1_30' title='bbox 1181 722 1221 780; x_wconf 89' lang='lat' dir='ltr'>nt</span> <span class='ocrx_word' id='word_1_31' title='bbox 1246 732 1302 782; x_wconf 89' lang='lat' dir='ltr'>ac-</span> 
     </span>
     <span class='ocr_line' id='line_1_5' title="bbox 223 833 1303 918; baseline 0.003 -15"><span class='ocrx_word' id='word_1_32' title='bbox 223 833 383 904; x_wconf 83' lang='lat' dir='ltr'>cessione</span> <span class='ocrx_word' id='word_1_33' title='bbox 395 845 515 905; x_wconf 87' lang='lat' dir='ltr'>veslra</span> <span class='ocrx_word' id='word_1_34' title='bbox 532 836 645 918; x_wconf 75' lang='lat' dir='ltr'>laetus</span> <span class='ocrx_word' id='word_1_35' title='bbox 661 835 711 906; x_wconf 86' lang='lat' dir='ltr'>sic</span> <span class='ocrx_word' id='word_1_36' title='bbox 725 854 803 905; x_wconf 89' lang='lat' dir='ltr'>meo</span> <span class='ocrx_word' id='word_1_37' title='bbox 821 844 967 905; x_wconf 70' lang='lat' dir='ltr'>moestus</span> <span class='ocrx_word' id='word_1_38' title='bbox 984 833 1213 906; x_wconf 86' lang='lat' dir='ltr'>incommodo.</span> <span class='ocrx_word' id='word_1_39' title='bbox 1233 834 1303 906; x_wconf 82' lang='lat' dir='ltr'>Ant</span> 
     </span>
     <span class='ocr_line' id='line_1_6' title="bbox 223 955 1302 1044; baseline 0.001 -17"><span class='ocrx_word' id='word_1_40' title='bbox 223 959 314 1027; x_wconf 90' lang='lat' dir='ltr'>enim</span> <span class='ocrx_word' id='word_1_41' title='bbox 332 961 421 1029; x_wconf 89' lang='lat' dir='ltr'>male</span> <span class='ocrx_word' id='word_1_42' title='bbox 441 959 588 1044; x_wconf 85' lang='lat' dir='ltr'>aestimo,</span> <span class='ocrx_word' id='word_1_43' title='bbox 604 968 664 1029; x_wconf 88' lang='lat' dir='ltr'>aut</span> <span class='ocrx_word' id='word_1_44' title='bbox 676 957 753 1028; x_wconf 88' lang='lat' dir='ltr'>viro</span> <span class='ocrx_word' id='word_1_45' title='bbox 770 955 861 1028; x_wconf 91' lang='lat' dir='ltr'>bono</span> <span class='ocrx_word' id='word_1_46' title='bbox 881 958 1022 1029; x_wconf 87' lang='lat' dir='ltr'>invento</span> <span class='ocrx_word' id='word_1_47' title='bbox 1038 958 1171 1028; x_wconf 90' lang='lat' dir='ltr'>nullum</span> <span class='ocrx_word' id='word_1_48' title='bbox 1186 956 1302 1028; x_wconf 86' lang='lat' dir='ltr'>mains</span> 
     </span>
     <span class='ocr_line' id='line_1_7' title="bbox 224 1078 1302 1173; baseline 0.002 -22"><span class='ocrx_word' id='word_1_49' title='bbox 224 1084 368 1164; x_wconf 84' lang='lat' dir='ltr'>luorum,</span> <span class='ocrx_word' id='word_1_50' title='bbox 389 1083 479 1152; x_wconf 92' lang='lat' dir='ltr'>nulla</span> <span class='ocrx_word' id='word_1_51' title='bbox 498 1083 630 1153; x_wconf 80' lang='lat' dir='ltr'>iactura</span> <span class='ocrx_word' id='word_1_52' title='bbox 649 1081 760 1151; x_wconf 87' lang='lat' dir='ltr'>maior</span> <span class='ocrx_word' id='word_1_53' title='bbox 780 1080 926 1173; x_wconf 89' lang='lat' dir='ltr'>perdito.</span> <span class='ocrx_word' id='word_1_54' title='bbox 947 1078 1038 1163; x_wconf 86' lang='lat' dir='ltr'>Quid</span> <span class='ocrx_word' id='word_1_55' title='bbox 1057 1080 1114 1150; x_wconf 86' lang='lat' dir='ltr'>hie</span> <span class='ocrx_word' id='word_1_56' title='bbox 1134 1080 1229 1152; x_wconf 86' lang='lat' dir='ltr'>aliud</span> <span class='ocrx_word' id='word_1_57' title='bbox 1249 1080 1302 1152; x_wconf 90' lang='lat' dir='ltr'>di·</span> 
     </span>
     <span class='ocr_line' id='line_1_8' title="bbox 222 1202 1300 1297; baseline 0 -23"><span class='ocrx_word' id='word_1_58' title='bbox 222 1206 320 1274; x_wconf 78' lang='lat' dir='ltr'>cam?</span> <span class='ocrx_word' id='word_1_59' title='bbox 331 1203 363 1272; x_wconf 91' lang='lat' dir='ltr'>ll</span> <span class='ocrx_word' id='word_1_60' title='bbox 368 1206 437 1273; x_wconf 89' lang='lat' dir='ltr'>ulta</span> <span class='ocrx_word' id='word_1_61' title='bbox 449 1202 590 1295; x_wconf 88' lang='lat' dir='ltr'>quidem</span> <span class='ocrx_word' id='word_1_62' title='bbox 603 1203 671 1276; x_wconf 86' lang='lat' dir='ltr'>dici</span> <span class='ocrx_word' id='word_1_63' title='bbox 684 1214 837 1296; x_wconf 87' lang='lat' dir='ltr'>possent,</span> <span class='ocrx_word' id='word_1_64' title='bbox 852 1202 882 1274; x_wconf 93' lang='lat' dir='ltr'>si</span> <span class='ocrx_word' id='word_1_65' title='bbox 895 1212 934 1273; x_wconf 93' lang='lat' dir='ltr'>ut</span> <span class='ocrx_word' id='word_1_66' title='bbox 947 1202 1065 1273; x_wconf 89' lang='lat' dir='ltr'>talium</span> <span class='ocrx_word' id='word_1_67' title='bbox 1075 1205 1178 1297; x_wconf 91' lang='lat' dir='ltr'>plena</span> <span class='ocrx_word' id='word_1_68' title='bbox 1190 1225 1300 1288; x_wconf 88' lang='lat' dir='ltr'>mens,</span> 
     </span>
     <span class='ocr_line' id='line_1_9' title="bbox 225 1324 1300 1420; baseline 0 -24"><span class='ocrx_word' id='word_1_69' title='bbox 225 1327 275 1398; x_wconf 85' lang='lat' dir='ltr'>sio</span> <span class='ocrx_word' id='word_1_70' title='bbox 293 1326 376 1396; x_wconf 92' lang='lat' dir='ltr'>mihi</span> <span class='ocrx_word' id='word_1_71' title='bbox 396 1349 546 1398; x_wconf 87' lang='lat' dir='ltr'>vacuum</span> <span class='ocrx_word' id='word_1_72' title='bbox 565 1338 702 1420; x_wconf 90' lang='lat' dir='ltr'>tempus</span> <span class='ocrx_word' id='word_1_73' title='bbox 716 1339 821 1398; x_wconf 86' lang='lat' dir='ltr'>esset.</span> <span class='ocrx_word' id='word_1_74' title='bbox 835 1327 949 1398; x_wconf 89' lang='lat' dir='ltr'>Unum</span> <span class='ocrx_word' id='word_1_75' title='bbox 967 1324 1029 1397; x_wconf 92' lang='lat' dir='ltr'>tibi</span> <span class='ocrx_word' id='word_1_76' title='bbox 1041 1325 1158 1398; x_wconf 87' lang='lat' dir='ltr'>dicere</span> <span class='ocrx_word' id='word_1_77' title='bbox 1174 1327 1300 1410; x_wconf 87' lang='lat' dir='ltr'>ausim,</span> 
     </span>
     <span class='ocr_line' id='line_1_10' title="bbox 222 1447 1302 1540; baseline 0 -21"><span class='ocrx_word' id='word_1_78' title='bbox 222 1448 318 1540; x_wconf 78' lang='lat' dir='ltr'>quod</span> <span class='ocrx_word' id='word_1_79' title='bbox 342 1449 475 1519; x_wconf 67' lang='lat' dir='ltr'>‘Caesari</span> <span class='ocrx_word' id='word_1_80' title='bbox 500 1458 619 1520; x_wconf 80' lang='lat' dir='ltr'>nostro</span> <span class='ocrx_word' id='word_1_81' title='bbox 639 1449 774 1520; x_wconf 81' lang='lat' dir='ltr'>dixisse</span> <span class='ocrx_word' id='word_1_82' title='bbox 798 1471 908 1520; x_wconf 89' lang='lat' dir='ltr'>ausus</span> <span class='ocrx_word' id='word_1_83' title='bbox 929 1455 1028 1531; x_wconf 81' lang='lat' dir='ltr'>snm3</span> <span class='ocrx_word' id='word_1_84' title='bbox 1056 1447 1085 1519; x_wconf 90' lang='lat' dir='ltr'>si</span> <span class='ocrx_word' id='word_1_85' title='bbox 1106 1448 1237 1519; x_wconf 84' lang='lat' dir='ltr'>amoris</span> <span class='ocrx_word' id='word_1_86' title='bbox 1261 1469 1302 1519; x_wconf 84' lang='lat' dir='ltr'>ae</span> 
     </span>
     <span class='ocr_line' id='line_1_11' title="bbox 223 1570 1301 1664; baseline 0.003 -24"><span class='ocrx_word' id='word_1_87' title='bbox 223 1570 305 1663; x_wconf 83' lang='lat' dir='ltr'>fidei</span> <span class='ocrx_word' id='word_1_88' title='bbox 325 1570 490 1663; x_wconf 82' lang='lat' dir='ltr'>obligatio</span> <span class='ocrx_word' id='word_1_89' title='bbox 512 1593 637 1662; x_wconf 83' lang='lat' dir='ltr'>magna</span> <span class='ocrx_word' id='word_1_90' title='bbox 658 1586 722 1653; x_wconf 88' lang='lat' dir='ltr'>est,</span> <span class='ocrx_word' id='word_1_91' title='bbox 742 1574 887 1644; x_wconf 90' lang='lat' dir='ltr'>multum</span> <span class='ocrx_word' id='word_1_92' title='bbox 908 1583 944 1643; x_wconf 90' lang='lat' dir='ltr'>et</span> <span class='ocrx_word' id='word_1_93' title='bbox 964 1583 1002 1642; x_wconf 90' lang='lat' dir='ltr'>tu</span> <span class='ocrx_word' id='word_1_94' title='bbox 1021 1580 1128 1664; x_wconf 83' lang='lat' dir='ltr'>pater,</span> <span class='ocrx_word' id='word_1_95' title='bbox 1149 1582 1185 1642; x_wconf 88' lang='lat' dir='ltr'>et</span> <span class='ocrx_word' id='word_1_96' title='bbox 1200 1583 1301 1664; x_wconf 85' lang='lat' dir='ltr'>quot·</span> 
     </span>
     <span class='ocr_line' id='line_1_12' title="bbox 222 1687 1301 1788; baseline 0.002 -24"><span class='ocrx_word' id='word_1_97' title='bbox 222 1704 308 1786; x_wconf 88' lang='lat' dir='ltr'>quot</span> <span class='ocrx_word' id='word_1_98' title='bbox 332 1687 378 1764; x_wconf 92' lang='lat' dir='ltr'>ibi</span> <span class='ocrx_word' id='word_1_99' title='bbox 405 1693 491 1765; x_wconf 90' lang='lat' dir='ltr'>estis</span> <span class='ocrx_word' id='word_1_100' title='bbox 517 1691 653 1765; x_wconf 88' lang='lat' dir='ltr'>debetis</span> <span class='ocrx_word' id='word_1_101' title='bbox 679 1693 759 1766; x_wconf 86' lang='lat' dir='ltr'>huie</span> <span class='ocrx_word' id='word_1_102' title='bbox 784 1694 870 1766; x_wconf 83' lang='lat' dir='ltr'>viro.</span> <span class='ocrx_word' id='word_1_103' title='bbox 893 1695 984 1766; x_wconf 92' lang='lat' dir='ltr'>Nihil</span> <span class='ocrx_word' id='word_1_104' title='bbox 1009 1716 1111 1788; x_wconf 83' lang='lat' dir='ltr'>aeque</span> <span class='ocrx_word' id='word_1_105' title='bbox 1137 1695 1171 1765; x_wconf 93' lang='lat' dir='ltr'>in</span> <span class='ocrx_word' id='word_1_106' title='bbox 1198 1693 1301 1767; x_wconf 80' lang='lat' dir='ltr'>ternis</span> 
     </span>
     <span class='ocr_line' id='line_1_13' title="bbox 225 1816 1301 1901; baseline 0 -12"><span class='ocrx_word' id='word_1_107' title='bbox 225 1829 263 1889; x_wconf 90' lang='lat' dir='ltr'>ut</span> <span class='ocrx_word' id='word_1_108' title='bbox 285 1817 459 1888; x_wconf 84' lang='lat' dir='ltr'>Caesarem</span> <span class='ocrx_word' id='word_1_109' title='bbox 482 1829 518 1887; x_wconf 91' lang='lat' dir='ltr'>et</span> <span class='ocrx_word' id='word_1_110' title='bbox 536 1838 602 1888; x_wconf 90' lang='lat' dir='ltr'>vos</span> <span class='ocrx_word' id='word_1_111' title='bbox 624 1829 729 1901; x_wconf 85' lang='lat' dir='ltr'>amat,</span> <span class='ocrx_word' id='word_1_112' title='bbox 751 1829 787 1888; x_wconf 90' lang='lat' dir='ltr'>et</span> <span class='ocrx_word' id='word_1_113' title='bbox 808 1819 838 1888; x_wconf 91' lang='lat' dir='ltr'>si</span> <span class='ocrx_word' id='word_1_114' title='bbox 858 1818 943 1887; x_wconf 89' lang='lat' dir='ltr'>nibil</span> <span class='ocrx_word' id='word_1_115' title='bbox 962 1817 1008 1889; x_wconf 90' lang='lat' dir='ltr'>de</span> <span class='ocrx_word' id='word_1_116' title='bbox 1027 1816 1130 1888; x_wconf 91' lang='lat' dir='ltr'>vobis</span> <span class='ocrx_word' id='word_1_117' title='bbox 1150 1839 1301 1889; x_wconf 87' lang='lat' dir='ltr'>merere·</span> 
     </span>
     <span class='ocr_line' id='line_1_14' title="bbox 222 1939 1302 2033; baseline 0.003 -25"><span class='ocrx_word' id='word_1_118' title='bbox 222 1952 293 2024; x_wconf 83' lang='lat' dir='ltr'>tur,</span> <span class='ocrx_word' id='word_1_119' title='bbox 315 1950 413 2011; x_wconf 88' lang='lat' dir='ltr'>esset</span> <span class='ocrx_word' id='word_1_120' title='bbox 437 1952 553 2011; x_wconf 90' lang='lat' dir='ltr'>tamen</span> <span class='ocrx_word' id='word_1_121' title='bbox 575 1940 798 2011; x_wconf 88' lang='lat' dir='ltr'>humanitatis</span> <span class='ocrx_word' id='word_1_122' title='bbox 816 1953 920 2033; x_wconf 90' lang='lat' dir='ltr'>atque</span> <span class='ocrx_word' id='word_1_123' title='bbox 936 1940 1041 2011; x_wconf 92' lang='lat' dir='ltr'>animi</span> <span class='ocrx_word' id='word_1_124' title='bbox 1068 1939 1115 2011; x_wconf 91' lang='lat' dir='ltr'>tui</span> <span class='ocrx_word' id='word_1_125' title='bbox 1136 1961 1241 2033; x_wconf 78' lang='lat' dir='ltr'>opuS,</span> <span class='ocrx_word' id='word_1_126' title='bbox 1267 1952 1302 2013; x_wconf 89' lang='lat' dir='ltr'>et</span> 
     </span>
     <span class='ocr_line' id='line_1_15' title="bbox 222 2043 1300 2146; baseline -0.001 -12"><span class='ocrx_word' id='word_1_127' title='bbox 222 2071 432 2134; x_wconf 81' lang='lat' dir='ltr'>coeterorum</span> <span class='ocrx_word' id='word_1_128' title='bbox 459 2043 659 2134; x_wconf 78' lang='lat' dir='ltr'>Caesdreum</span> <span class='ocrx_word' id='word_1_129' title='bbox 682 2065 772 2134; x_wconf 84' lang='lat' dir='ltr'>latus</span> <span class='ocrx_word' id='word_1_130' title='bbox 793 2060 1034 2146; x_wconf 83' lang='lat' dir='ltr'>ambientium,</span> <span class='ocrx_word' id='word_1_131' title='bbox 1057 2064 1158 2134; x_wconf 88' lang='lat' dir='ltr'>talem</span> <span class='ocrx_word' id='word_1_132' title='bbox 1184 2061 1300 2135; x_wconf 78' lang='lat' dir='ltr'>virum</span> 
     </span>
     <span class='ocr_line' id='line_1_16' title="bbox 225 2185 1302 2279; baseline 0.002 -24"><span class='ocrx_word' id='word_1_133' title='bbox 225 2186 272 2256; x_wconf 86' lang='lat' dir='ltr'>ila</span> <span class='ocrx_word' id='word_1_134' title='bbox 297 2186 478 2279; x_wconf 82' lang='lat' dir='ltr'>complecti</span> <span class='ocrx_word' id='word_1_135' title='bbox 508 2199 544 2258; x_wconf 91' lang='lat' dir='ltr'>ut</span> <span class='ocrx_word' id='word_1_136' title='bbox 568 2209 615 2257; x_wconf 86' lang='lat' dir='ltr'>ex</span> <span class='ocrx_word' id='word_1_137' title='bbox 640 2187 764 2257; x_wconf 84' lang='lat' dir='ltr'>merito</span> <span class='ocrx_word' id='word_1_138' title='bbox 789 2196 882 2257; x_wconf 92' lang='lat' dir='ltr'>totus</span> <span class='ocrx_word' id='word_1_139' title='bbox 907 2194 942 2257; x_wconf 88' lang='lat' dir='ltr'>et</span> <span class='ocrx_word' id='word_1_140' title='bbox 970 2185 1120 2257; x_wconf 88' lang='lat' dir='ltr'>Caesaris</span> <span class='ocrx_word' id='word_1_141' title='bbox 1146 2198 1243 2258; x_wconf 89' lang='lat' dir='ltr'>esset</span> <span class='ocrx_word' id='word_1_142' title='bbox 1267 2197 1302 2258; x_wconf 90' lang='lat' dir='ltr'>et</span> 
     </span>
     <span class='ocr_line' id='line_1_17' title="bbox 222 2307 1299 2393; baseline 0.002 -16"><span class='ocrx_word' id='word_1_143' title='bbox 222 2318 354 2380; x_wconf 80' lang='lat' dir='ltr'>vester.</span> <span class='ocrx_word' id='word_1_144' title='bbox 375 2310 479 2379; x_wconf 85' lang='lat' dir='ltr'>Plura</span> <span class='ocrx_word' id='word_1_145' title='bbox 498 2312 569 2379; x_wconf 87' lang='lat' dir='ltr'>non</span> <span class='ocrx_word' id='word_1_146' title='bbox 588 2307 702 2380; x_wconf 87' lang='lat' dir='ltr'>dicam</span> <span class='ocrx_word' id='word_1_147' title='bbox 723 2309 842 2380; x_wconf 88' lang='lat' dir='ltr'>utilius</span> <span class='ocrx_word' id='word_1_148' title='bbox 859 2307 1041 2392; x_wconf 73' lang='lat' dir='ltr'>albitione,</span> <span class='ocrx_word' id='word_1_149' title='bbox 1056 2319 1096 2380; x_wconf 91' lang='lat' dir='ltr'>ut</span> <span class='ocrx_word' id='word_1_150' title='bbox 1110 2308 1158 2378; x_wconf 89' lang='lat' dir='ltr'>ait</span> <span class='ocrx_word' id='word_1_151' title='bbox 1170 2308 1299 2393; x_wconf 84' lang='lat' dir='ltr'>Cicero,</span> 
     </span>
     <span class='ocr_line' id='line_1_18' title="bbox 150 2430 1299 2524; baseline 0.002 -25"><span class='ocrx_word' id='word_1_152' title='bbox 150 2461 155 2470; x_wconf 54' lang='lat'><strong><em>¹</em></strong></span> <span class='ocrx_word' id='word_1_153' title='bbox 225 2440 258 2499; x_wconf 87' lang='lat' dir='ltr'>te</span> <span class='ocrx_word' id='word_1_154' title='bbox 284 2431 398 2522; x_wconf 87' lang='lat' dir='ltr'>ipsum</span> <span class='ocrx_word' id='word_1_155' title='bbox 424 2452 529 2522; x_wconf 89' lang='lat' dir='ltr'>quam</span> <span class='ocrx_word' id='word_1_156' title='bbox 560 2442 620 2502; x_wconf 87' lang='lat' dir='ltr'>aut</span> <span class='ocrx_word' id='word_1_157' title='bbox 645 2452 701 2502; x_wconf 92' lang='lat' dir='ltr'>me</span> <span class='ocrx_word' id='word_1_158' title='bbox 726 2442 787 2502; x_wconf 88' lang='lat' dir='ltr'>aut</span> <span class='ocrx_word' id='word_1_159' title='bbox 814 2452 1025 2522; x_wconf 88' lang='lat' dir='ltr'>quemquam</span> <span class='ocrx_word' id='word_1_160' title='bbox 1050 2430 1144 2524; x_wconf 89' lang='lat' dir='ltr'>loqui</span> <span class='ocrx_word' id='word_1_161' title='bbox 1171 2440 1299 2516; x_wconf 83' lang='lat' dir='ltr'>tecum,</span> 
     </span>
     <span class='ocr_line' id='line_1_19' title="bbox 226 2551 1301 2649; baseline 0.004 -29"><span class='ocrx_word' id='word_1_162' title='bbox 226 2552 420 2643; x_wconf 84' lang='lat' dir='ltr'>praesertim</span> <span class='ocrx_word' id='word_1_163' title='bbox 441 2552 487 2623; x_wconf 95' lang='lat' dir='ltr'>de</span> <span class='ocrx_word' id='word_1_164' title='bbox 507 2575 545 2623; x_wconf 88' lang='lat' dir='ltr'>re</span> <span class='ocrx_word' id='word_1_165' title='bbox 567 2551 625 2624; x_wconf 88' lang='lat' dir='ltr'>tibi</span> <span class='ocrx_word' id='word_1_166' title='bbox 647 2553 829 2624; x_wconf 90' lang='lat' dir='ltr'>notissima</span> <span class='ocrx_word' id='word_1_167' title='bbox 848 2574 912 2624; x_wconf 85' lang='lat' dir='ltr'>nee</span> <span class='ocrx_word' id='word_1_168' title='bbox 932 2553 1000 2624; x_wconf 89' lang='lat' dir='ltr'>iam</span> <span class='ocrx_word' id='word_1_169' title='bbox 1022 2554 1169 2649; x_wconf 89' lang='lat' dir='ltr'>amplius</span> <span class='ocrx_word' id='word_1_170' title='bbox 1192 2554 1301 2625; x_wconf 83' lang='lat' dir='ltr'>incul-</span> 
     </span>
     <span class='ocr_line' id='line_1_20' title="bbox 224 2673 1301 2771; baseline 0.006 -28"><span class='ocrx_word' id='word_1_171' title='bbox 224 2673 345 2745; x_wconf 87' lang='lat' dir='ltr'>canda.</span> <span class='ocrx_word' id='word_1_172' title='bbox 367 2676 527 2746; x_wconf 84' lang='lat' dir='ltr'>Feliciter</span> <span class='ocrx_word' id='word_1_173' title='bbox 547 2677 634 2760; x_wconf 87' lang='lat' dir='ltr'>vale,</span> <span class='ocrx_word' id='word_1_174' title='bbox 656 2687 692 2746; x_wconf 89' lang='lat' dir='ltr'>et</span> <span class='ocrx_word' id='word_1_175' title='bbox 711 2677 799 2747; x_wconf 84' lang='lat' dir='ltr'>inter</span> <span class='ocrx_word' id='word_1_176' title='bbox 817 2688 906 2762; x_wconf 71' lang='lat' dir='ltr'>tuos</span> <span class='ocrx_word' id='word_1_177' title='bbox 921 2675 951 2748; x_wconf 91' lang='lat' dir='ltr'>si</span> <span class='ocrx_word' id='word_1_178' title='bbox 971 2689 1006 2749; x_wconf 92' lang='lat' dir='ltr'>et</span> <span class='ocrx_word' id='word_1_179' title='bbox 1021 2678 1096 2771; x_wconf 90' lang='lat' dir='ltr'>ipse</span> <span class='ocrx_word' id='word_1_180' title='bbox 1112 2679 1208 2749; x_wconf 88' lang='lat' dir='ltr'>nulla</span> <span class='ocrx_word' id='word_1_181' title='bbox 1220 2678 1301 2749; x_wconf 84' lang='lat' dir='ltr'>lieet</span> 
     </span>
     <span class='ocr_line' id='line_1_21' title="bbox 227 2797 1031 2886; baseline 0.004 -19"><span class='ocrx_word' id='word_1_182' title='bbox 227 2821 264 2868; x_wconf 76' lang='lat' dir='ltr'>re</span> <span class='ocrx_word' id='word_1_183' title='bbox 284 2800 350 2869; x_wconf 89' lang='lat' dir='ltr'>alia</span> <span class='ocrx_word' id='word_1_184' title='bbox 372 2799 440 2869; x_wconf 91' lang='lat' dir='ltr'>nisi</span> <span class='ocrx_word' id='word_1_185' title='bbox 460 2801 609 2872; x_wconf 89' lang='lat' dir='ltr'>amando</span> <span class='ocrx_word' id='word_1_186' title='bbox 629 2797 787 2886; x_wconf 74' lang='lat' dir='ltr'>mereor,</span> <span class='ocrx_word' id='word_1_187' title='bbox 799 2823 856 2871; x_wconf 92' lang='lat' dir='ltr'>me</span> <span class='ocrx_word' id='word_1_188' title='bbox 876 2823 1031 2872; x_wconf 83' lang='lat' dir='ltr'>numera.</span> 
     </span>
    </p>
   </div>
   <div class='ocr_carea' id='block_1_3' title="bbox 273 2928 891 3018">
    <p class='ocr_par' dir='ltr' id='par_1_3' title="bbox 273 2928 891 3018">
     <span class='ocr_line' id='line_1_22' title="bbox 273 2928 891 3018; baseline 0.005 -20"><span class='ocrx_word' id='word_1_189' title='bbox 273 2928 283 2943; x_wconf 63' lang='lat'>⁵</span> <span class='ocrx_word' id='word_1_190' title='bbox 364 2945 520 3014; x_wconf 89' lang='lat' dir='ltr'>Mediolani,</span> <span class='ocrx_word' id='word_1_191' title='bbox 535 2946 609 3000; x_wconf 87' lang='lat' dir='ltr'>VIII.</span> <span class='ocrx_word' id='word_1_192' title='bbox 627 2946 765 3002; x_wconf 79' lang='lat' dir='ltr'>Kalendas</span> <span class='ocrx_word' id='word_1_193' title='bbox 779 2946 891 3018; x_wconf 81' lang='lat' dir='ltr'>Aprilis.</span> 
     </span>
    </p>
   </div>
   <div class='ocr_carea' id='block_1_4' title="bbox 721 3172 800 3180">
    <p class='ocr_par' dir='ltr' id='par_1_4' title="bbox 721 3172 800 3180">
     <span class='ocr_line' id='line_1_23' title="bbox 721 3172 800 3180; baseline -0.013 0"><span class='ocrx_word' id='word_1_194' title='bbox 721 3172 800 3180; x_wconf 70' lang='lat'><em>...—</em></span> 
     </span>
    </p>
   </div>
   <div class='ocr_carea' id='block_1_5' title="bbox 636 3363 891 3428">
    <p class='ocr_par' dir='ltr' id='par_1_5' title="bbox 636 3363 891 3428">
     <span class='ocr_line' id='line_1_24' title="bbox 636 3363 891 3428; baseline 0.012 -3"><span class='ocrx_word' id='word_1_195' title='bbox 636 3363 814 3427; x_wconf 79' lang='lat' dir='ltr'>EPISTULA</span> <span class='ocrx_word' id='word_1_196' title='bbox 835 3365 891 3428; x_wconf 58' lang='lat' dir='ltr'>llll.</span> 
     </span>
    </p>
   </div>
   <div class='ocr_carea' id='block_1_6' title="bbox 284 3532 1237 3585">
    <p class='ocr_par' dir='ltr' id='par_1_6' title="bbox 284 3532 1237 3585">
     <span class='ocr_line' id='line_1_25' title="bbox 284 3532 1237 3585; baseline 0.001 -3"><span class='ocrx_word' id='word_1_197' title='bbox 284 3533 475 3583; x_wconf 77' lang='lat' dir='ltr'>Flllnclsces</span> <span class='ocrx_word' id='word_1_198' title='bbox 497 3532 664 3582; x_wconf 73' lang='lat' dir='ltr'>PETRAIICA</span> <span class='ocrx_word' id='word_1_199' title='bbox 686 3533 810 3585; x_wconf 72' lang='lat' dir='ltr'>enable</span> <span class='ocrx_word' id='word_1_200' title='bbox 831 3535 872 3584; x_wconf 89' lang='lat' dir='ltr'>lv.</span> <span class='ocrx_word' id='word_1_201' title='bbox 895 3534 1087 3583; x_wconf 74' lang='lat' dir='ltr'>llleennloltl</span> <span class='ocrx_word' id='word_1_202' title='bbox 1108 3535 1134 3584; x_wconf 84' lang='lat' dir='ltr'>S.</span> <span class='ocrx_word' id='word_1_203' title='bbox 1157 3536 1184 3582; x_wconf 89' lang='lat' dir='ltr'>P.</span> <span class='ocrx_word' id='word_1_204' title='bbox 1206 3537 1237 3584; x_wconf 90' lang='lat' dir='ltr'>D.</span> 
     </span>
    </p>
   </div>
   <div class='ocr_carea' id='block_1_7' title="bbox 542 3671 976 3729">
    <p class='ocr_par' dir='ltr' id='par_1_7' title="bbox 542 3671 976 3729">
     <span class='ocr_line' id='line_1_26' title="bbox 542 3671 976 3729; baseline 0.012 -5"><span class='ocrx_word' id='word_1_205' title='bbox 542 3671 723 3726; x_wconf 83' lang='lat' dir='ltr'>Commendat</span> <span class='ocrx_word' id='word_1_206' title='bbox 737 3672 763 3726; x_wconf 91' lang='lat' dir='ltr'>ei</span> <span class='ocrx_word' id='word_1_207' title='bbox 776 3673 976 3729; x_wconf 82' lang='lat' dir='ltr'>Sacramorem.</span> 
     </span>
    </p>
   </div>
   <div class='ocr_carea' id='block_1_8' title="bbox 224 3874 1297 4242">
    <p class='ocr_par' dir='ltr' id='par_1_8' title="bbox 224 3874 1297 4242">
     <span class='ocr_line' id='line_1_27' title="bbox 323 3874 1297 3995; baseline 0.004 -23"><span class='ocrx_word' id='word_1_208' title='bbox 323 3874 485 3975; x_wconf 75' lang='lat' dir='ltr'>Audaces</span> <span class='ocrx_word' id='word_1_209' title='bbox 503 3910 538 3974; x_wconf 91' lang='lat' dir='ltr'>et</span> <span class='ocrx_word' id='word_1_210' title='bbox 559 3901 696 3974; x_wconf 90' lang='lat' dir='ltr'>timidos</span> <span class='ocrx_word' id='word_1_211' title='bbox 716 3922 814 3971; x_wconf 84' lang='lat' dir='ltr'>amor</span> <span class='ocrx_word' id='word_1_212' title='bbox 833 3903 923 3975; x_wconf 85' lang='lat' dir='ltr'>lacit.</span> <span class='ocrx_word' id='word_1_213' title='bbox 945 3903 1044 3994; x_wconf 83' lang='lat' dir='ltr'>Saepe</span> <span class='ocrx_word' id='word_1_214' title='bbox 1064 3901 1205 3995; x_wconf 91' lang='lat' dir='ltr'>quidem</span> <span class='ocrx_word' id='word_1_215' title='bbox 1230 3902 1297 3976; x_wconf 85' lang='lat' dir='ltr'>hoo</span> 
     </span>
     <span class='ocr_line' id='line_1_28' title="bbox 224 4022 1294 4118; baseline 0.004 -26"><span class='ocrx_word' id='word_1_216' title='bbox 224 4022 359 4095; x_wconf 85' lang='lat' dir='ltr'>dixisse</span> <span class='ocrx_word' id='word_1_217' title='bbox 375 4025 510 4109; x_wconf 80' lang='lat' dir='ltr'>videor,</span> <span class='ocrx_word' id='word_1_218' title='bbox 539 4046 638 4118; x_wconf 83' lang='lat' dir='ltr'>saepe</span> <span class='ocrx_word' id='word_1_219' title='bbox 652 4046 743 4095; x_wconf 84' lang='lat' dir='ltr'>nunc</span> <span class='ocrx_word' id='word_1_220' title='bbox 768 4025 871 4095; x_wconf 89' lang='lat' dir='ltr'>etiam</span> <span class='ocrx_word' id='word_1_221' title='bbox 893 4034 931 4095; x_wconf 93' lang='lat' dir='ltr'>nt</span> <span class='ocrx_word' id='word_1_222' title='bbox 956 4047 1109 4118; x_wconf 79' lang='lat' dir='ltr'>auguror</span> <span class='ocrx_word' id='word_1_223' title='bbox 1125 4023 1294 4098; x_wconf 86' lang='lat' dir='ltr'>dicturus.</span> 
     </span>
     <span class='ocr_line' id='line_1_29' title="bbox 224 4147 1295 4242; baseline 0.004 -26"><span class='ocrx_word' id='word_1_224' title='bbox 224 4147 273 4218; x_wconf 91' lang='lat' dir='ltr'>Ita</span> <span class='ocrx_word' id='word_1_225' title='bbox 290 4156 345 4224; x_wconf 85' lang='lat' dir='ltr'>est</span> <span class='ocrx_word' id='word_1_226' title='bbox 363 4149 476 4218; x_wconf 89' lang='lat' dir='ltr'>enim:</span> <span class='ocrx_word' id='word_1_227' title='bbox 494 4158 661 4242; x_wconf 81' lang='lat' dir='ltr'>expertus</span> <span class='ocrx_word' id='word_1_228' title='bbox 683 4149 814 4240; x_wconf 89' lang='lat' dir='ltr'>loquor.</span> <span class='ocrx_word' id='word_1_229' title='bbox 832 4150 876 4222; x_wconf 90' lang='lat' dir='ltr'>Et</span> <span class='ocrx_word' id='word_1_230' title='bbox 889 4147 992 4219; x_wconf 89' lang='lat' dir='ltr'>audet</span> <span class='ocrx_word' id='word_1_231' title='bbox 1009 4150 1161 4240; x_wconf 82' lang='lat' dir='ltr'>ingentia</span> <span class='ocrx_word' id='word_1_232' title='bbox 1178 4160 1214 4218; x_wconf 93' lang='lat' dir='ltr'>et</span> <span class='ocrx_word' id='word_1_233' title='bbox 1230 4150 1295 4220; x_wconf 89' lang='lat' dir='ltr'>mi·</span> 
     </span>
    </p>
   </div>
   <div class='ocr_carea' id='block_1_9' title="bbox 0 0 1370 4680">
    <p class='ocr_par' dir='ltr' id='par_1_9' title="bbox 0 0 1370 4680">
     <span class='ocr_line' id='line_1_30' title="bbox 0 0 1370 4680; baseline 0 0"><span class='ocrx_word' id='word_1_234' title='bbox 0 0 1370 4680; x_wconf 95' lang='lat' dir='ltr'> </span> 
     </span>
    </p>
   </div>
  </div>
 </body>
</html>
