2730 4680
202 344 206 357 .
262 309 354 357 uranu
376 307 878 359 rionsruusrruuns.-nrrsrom
900 311 964 359 vni.
1113 303 1150 364 73

83 444 196 516 deret:
224 443 428 537 adiuvitque
453 444 588 516 fortuna
613 446 793 531 virtulem,
822 457 859 517 ut
891 468 959 516 uon
985 450 1081 541 prius
1107 455 1152 526 ad

82 566 236 640 ordinem
255 587 366 655 comae
385 589 479 663 pars,
508 590 612 661 quam
634 578 705 640 tota
728 567 853 639 civitas
874 568 918 642 ad
944 568 1150 664 obsequium

83 703 262 763 remearet.
289 690 396 763 Cuius
417 689 495 763 facti
515 689 615 763 testis
636 699 751 763 statua
770 691 893 763 eodem
913 691 970 765 illo
990 696 1154 768 festinan-

83 813 125 889 tis
161 814 294 905 reginae
319 813 441 886 habitu
460 815 578 885 multis
603 814 742 885 saeoulis
762 815 796 884 in
821 835 864 886 ea
886 815 970 888 urhe
996 840 1156 910 perman-

84 937 135 1008 sit.
157 937 238 1008 Fuit
257 938 357 1030 apud'
375 937 523 1032 Scythas
544 936 715 1008 Thomiris
738 937 821 1008 tanti
847 938 952 1009 animi
974 942 1092 1031 regina
1119 952 1155 1013 ut

83 1059 303 1133 formidatum
321 1059 417 1130 illum
431 1061 673 1151 famosumque
691 1079 810 1149 regem
822 1056 917 1130 Asiae
929 1060 1055 1156 Cyrum
1075 1087 1155 1135 cum

83 1182 239 1255 ducentis
266 1182 418 1254 millibus
437 1183 621 1253 Persarum
643 1201 713 1252 uno
733 1180 853 1275 praelio
875 1184 1076 1273 trucidaret,
1104 1188 1156 1257 in-

85 1328 150 1398 que
170 1303 232 1377 filii
257 1305 444 1378 vindictam
465 1316 501 1376 et
525 1305 681 1377 solamen
702 1304 771 1388 sui,
799 1314 913 1377 tantas
934 1309 1063 1380 teneris
1084 1332 1157 1383 ma-

84 1427 184 1501 nibus
209 1428 309 1499 daret
328 1428 482 1512 inferias,
508 1429 619 1521 capite
640 1427 782 1522 insuper
806 1429 900 1521 regis
922 1440 1042 1504 trunco
1061 1443 1096 1503 et
1121 1432 1156 1503 in

85 1552 222 1645 plenum
247 1551 382 1622 cruoris
407 1560 521 1622 utrem
546 1571 676 1635 merso,
703 1550 913 1644 exprobrata
938 1553 1154 1642 crudelitate,

86 1673 175 1765 quod
196 1673 339 1745 humani
361 1674 542 1766 sanguinis
567 1673 689 1745 sitiens
709 1684 814 1766 atque
839 1675 1045 1768 insatiabilis
1066 1682 1156 1752 exti-

88 1794 193 1868 tisset.
228 1796 400 1887 Regnavit
431 1795 523 1891 apud
555 1797 737 1893 AEgyptios
771 1797 972 1892 Cleopatra:
1007 1801 1157 1874 Zenobia

89 1922 176 2014 apud
197 1923 334 2004 Persas
353 1943 434 2013 quae
456 1943 494 1992 se
515 1921 668 2013 reginam
691 1922 823 1994 diceret
839 1921 1013 1995 Orientis:
1034 1925 1158 1996 mulier

89 2041 222 2117 fiduciae
244 2043 397 2136 ingentis
422 2044 697 2137 clarissimeque
717 2044 880 2116 virtutis:
907 2044 996 2116 inter
1015 2059 1156 2132 caetera,

88 2167 176 2258 quod
196 2168 389 2260 Cleopatrae
406 2165 526 2252 defuit,
545 2166 714 2239 castitatis
735 2165 883 2252 eximiae,
903 2167 1002 2238 ouius
1020 2169 1157 2240 laudem
1200 2235 1202 2237 ,

88 2291 204 2364 formae
216 2289 342 2362 raritas
360 2290 569 2382 geminabat.
588 2293 718 2362 Harum
736 2300 882 2382 utraque
896 2292 1088 2362 Romanum
1107 2291 1160 2362 in-

90 2413 175 2485 vasit
194 2412 378 2506 imperium
400 2422 494 2486 tauto
520 2415 599 2485 nisu
622 2424 658 2484 ut
674 2412 772 2508 prior
796 2412 979 2505 ancipitem
1000 2411 1159 2506 Augusto
1181 2508 1183 2512 Ι

89 2535 264 2609 victoriam
285 2538 434 2608 faceret:
456 2524 654 2609 secundam¹
667 2557 754 2607 uero
774 2535 979 2608 Aurelianus
999 2538 1160 2632 princeps

90 2637 121 2732 et
139 2670 354 2753 pugnantem
380 2671 534 2732 metuere
559 2660 719 2732 videatur
738 2670 773 2731 et
797 2659 962 2732 domitam
983 2660 1160 2752 glorietur.

91 2785 136 2856 Ac
160 2806 205 2855 ue
229 2767 339 2855 totum
366 2781 431 2853 sihi
452 2783 606 2856 vindicet
630 2794 810 2867 vetustas,
842 2782 935 2879 apud
960 2804 1025 2855 nos
1050 2807 1161 2877 nuper

90 2929 155 2978 uon
175 2907 342 2998 exiguam
363 2905 550 2979 Mathildes
568 2906 744 2978 comitissa
764 2917 896 2999 partem
918 2907 1024 2978 ltaliae
1040 2929 1163 3000 posse-

90 3026 148 3125 dit,
176 3038 214 3099 et
239 3028 314 3121 ipsa
333 3029 478 3101 Romani
503 3027 638 3123 imperii
659 3049 725 3099 nou
748 3028 837 3098 levis
861 3031 999 3113 aemula,
1027 3038 1063 3100 et
1080 3050 1162 3123 quae

90 3151 180 3224 virili
195 3153 314 3226 animo
330 3150 420 3223 bella
439 3161 612 3236 tractaret,
626 3151 814 3244 imperiosa
831 3152 865 3222 iu
880 3173 974 3244 suos,
990 3151 1024 3222 iu
1042 3152 1162 3224 hostes

91 3276 266 3360 acerrima,
294 3273 538 3346 liberalissima
562 3273 598 3344 in
623 3272 765 3346 amicos:
801 3276 901 3347 cuius
928 3279 1105 3369 profusam
1129 3284 1165 3347 et

91 3399 276 3489 plusquam
300 3394 498 3467 foemineam
519 3395 713 3487 largitatem
727 3394 881 3468 Romana
902 3397 1076 3490 inprimis
1097 3399 1163 3468 llo-

91 3520 193 3592 clesia
208 3528 367 3591 testatur.
381 3518 513 3590 lllinora
526 3520 585 3590 illa
596 3519 740 3591 forsitan
754 3521 876 3606 relatu,
892 3542 978 3592 vera
992 3521 1093 3592 laude
1107 3521 1163 3590 vel

91 3644 183 3737 paria
203 3645 263 3714 vel
282 3642 425 3727 maiora,
448 3642 609 3715 miseram
630 3653 775 3715 matrem
796 3642 990 3715 incarcere
1010 3641 1163 3714 destina-

92 3775 156 3839 tam
185 3767 313 3840 ultimo
344 3765 510 3862 supplicio
535 3766 597 3838 sed
622 3767 921 3839 commiseratione
947 3773 1162 3836 reservatam

92 3909 126 3963 ut
136 3883 233 3964 'fame
249 3901 522 3975 consumeretur,
540 3899 686 3962 exorato
702 3889 847 3962 custode
862 3889 990 3981 saepius
1009 3888 1163 3960 admissa

94 4010 157 4086 filia
175 4016 242 4087 sed
261 4036 416 4087 excussa
432 4013 633 4105 diligentins
654 4013 783 4106 nequid
800 4012 971 4085 alimoniae
993 4013 1164 4088 subinser-

96 4150 140 4210 ret
159 4142 249 4214 clam
269 4136 436 4211 uberibus
454 4136 528 4211 suis
546 4135 652 4229 pavit.
670 4136 787 4210 Altera
804 4148 921 4210 autem
938 4139 1027 4232 patri
1041 4139 1162 4212 eodem
