2804 4656
296 309 390 357 muna
412 308 938 361 vrcnsruusraaruus.-ar1srona
960 310 1023 358 v1u.
1145 297 1200 361 207

121 445 208 527 meis
235 453 412 533 faciemus,
434 472 582 551 quorum
599 450 700 533 mihi,
723 449 788 522 etsi
811 470 882 523 non
901 450 1063 534 nimium,
1086 460 1121 522 at
1141 474 1204 544 pro

120 575 251 668 ingenii
272 596 313 646 ac
338 571 506 647 doctrinan
527 572 641 665 inopia
662 575 748 644 satis
769 584 837 656 est,
867 573 995 667 quibus
1023 574 1090 644 etsi
1116 576 1203 647 forte

120 720 246 770 onerer
265 695 380 790 potius
407 716 511 787 quam
538 718 652 779 orner,
681 698 782 787 longa
810 707 924 769 tamen
951 697 1204 771 consuetudine

121 819 172 892 sic
191 819 335 890 affectus
357 839 446 897 sum.
468 827 505 890 ut
531 819 606 890 sine
620 818 686 893 illis
708 839 789 891 esse
810 820 988 891 nesciam?
1008 820 1068 890 His
1090 829 1204 891 trans-

120 941 309 1026 vehendis,
339 941 518 1026 uirides,
546 942 682 1024 Caesar,
715 964 784 1013 non
813 942 951 1036 Alpium
986 945 1059 1015 sola
1089 940 1205 1015 obstat

120 1065 293 1158 asperitas
318 1065 573 1155 et'longissimi
602 1063 697 1137 labor
727 1064 875 1148 itineris,
904 1064 967 1136 sed
1001 1065 1203 1158 praedonum

120 1199 247 1270 metue,
281 1199 318 1259 et
347 1188 480 1259 viarum
516 1187 609 1259 mille
640 1188 806 1282 pericula,
839 1209 986 1279 quorum
1020 1187 1204 1257 aestimatio

121 1331 217 1405 saepe
235 1309 376 1403 quidem
391 1309 436 1410 ad
451 1310 533 1382 illud
548 1310 714 1404 sapientis
734 1311 954 1381 baebreorum
972 1309 1113 1381 flectere
1130 1308 1204 1380 ani-

120 1455 216 1504 mum
237 1454 292 1502 me
312 1433 418 1522 cogit,
441 1430 502 1504 ubi
523 1444 657 1504 cunctus
672 1455 724 1503 res
745 1432 890 1524 difficiles
911 1432 1105 1527 praegnauti
1126 1431 1202 1502 bre·

116 1557 227 1629 'vitate
238 1556 449 1647 pronuntiat.
473 1555 529 1626 Sic
549 1565 604 1626 est
624 1557 728 1641 enim,
751 1567 787 1626 et
807 1556 857 1626 sic
877 1576 958 1628 esse
974 1556 1033 1648 qui
1052 1552 1201 1635 dubitat,

119 1679 217 1749 vivat
238 1677 357 1762 modu,
376 1684 412 1784 qt
432 1686 512 1749 ante
534 1678 671 1749 senium
693 1678 878 1770 intelliget:
898 1699 978 1749 uam
998 1677 1152 1770 profecto
1173 1674 1203 1746 si

120 1801 235 1873 senuit
254 1799 439 1871 intellexit:
460 1800 627 1892 alioquin,
649 1823 718 1872 non
741 1802 867 1884 senuit,
891 1803 972 1871 mihi
995 1799 1115 1880 crede,
1139 1794 1204 1870 sed

118 1922 274 2007 marcuit,
294 1932 399 2014 atque
415 1923 525 1993 oculis
546 1924 675 1996 clausis
691 1923 754 1994 iter
767 1926 908 2014 longum
922 1923 1003 2014 egit.
1019 1922 1138 1993 Dicam
1153 1930 1203 1992 ta-

120 2065 199 2126 men
219 2047 307 2123 inter
325 2054 376 2117 tot
392 2045 544 2116 difficilia
565 2068 605 2117 ac
623 2048 791 2141 perplexa
810 2045 894 2138 quid
913 2046 1073 2136 cogitem.
1092 2044 1127 2113 Si
1145 2063 1203 2114 ce·

118 2166 222 2238 dente
241 2176 375 2250 aestate‚
399 2180 434 2238 et
455 2166 646 2259 superioris
667 2167 733 2238 mei
753 2166 864 2238 fidelis
884 2167 931 2238 tui
949 2185 1153 2249 consensus,
1167 2173 1203 2235 et

118 2290 324 2362 vicecomes
345 2291 529 2376 adfuerint,
551 2291 684 2374 venire,
706 2304 943 2383 quantamque
962 2286 1021 2360 tibi
1040 2286 1201 2380 placitum

119 2434 250 2484 moram
266 2412 415 2496 trahere,
430 2425 466 2485 et
478 2412 645 2486 librorum
660 2424 695 2485 et
709 2414 878 2496 sodalium
893 2423 928 2485 et
943 2410 1064 2505 patriae
1077 2408 1201 2481 absen-

120 2535 200 2608 tiam
223 2539 297 2608 sola
316 2536 465 2610 Caesarei
482 2541 601 2609 vultus
620 2548 736 2630 optata
756 2536 1001 2609 multummihi
1013 2533 1201 2629 praesentia
1318 2566 1320 2570 >

119 2659 302 2732 musulani.
325 2660 413 2730 Vive
436 2659 582 2732 feliciter
601 2671 636 2732 et
656 2664 749 2746 vale,
772 2662 906 2744 Caesar,
926 2659 1036 2730 nostri
1056 2677 1200 2729 memor.

261 2788 781 2876 aaavu‚xv.uuenaasaugusu'
1137 2800 1138 2803 ‘

620 3010 698 3019 ...-

533 3225 712 3290 EPISTULA
741 3227 785 3289 IX.

201 3397 395 3449 Fatuclsccs
416 3397 586 3447 Parauaea
608 3398 733 3454 canuno
754 3399 785 3448 lv
806 3399 869 3449 IMP.
893 3399 967 3450 AUG.
987 3401 1014 3449 S.
1037 3402 1065 3449 P.
1087 3402 1118 3450 D.

191 3539 228 3595 Se
242 3540 399 3595 deductum
413 3540 522 3595 nuntiat
533 3539 626 3598 itineri
641 3541 701 3596 eius
715 3540 823 3596 visendi
837 3541 925 3611 gralia
936 3539 1121 3611 suscipiendo.

222 3761 354 3847 Vicisti,
371 3763 497 3846 Caesar,
511 3775 545 3836 et
565 3767 678 3856 longae
701 3767 774 3856 viae
787 3762 950 3836 duritiem
963 3770 998 3832 et
1012 3780 1198 3833 senescen-

121 3886 165 3958 tis
186 3887 290 3958 animi
311 3887 493 3977 segnitiem
514 3888 615 3978 fregit
636 3888 833 3962 humanitas
851 3898 920 3958 tua.
943 3882 1197 3978 Expectabam,

120 4007 336 4095 differebam,
363 4009 590 4102 dicebamque
618 4011 744 4107 tacitus
772 4031 925 4082 mecum:
956 4006 1118 4102 praeeepti
1144 4007 1198 4079 sui

120 4133 353 4225 pmmissique
366 4130 433 4205 mei
450 4135 568 4205 forsan
583 4133 825 4208 obliviscetur:
840 4145 935 4205 certe
948 4131 1083 4202 interim
1098 4130 1198 4220 quie-
