2730 4680
205 309 244 366 :lb
332 295 339 311 ‘
549 318 590 364 uu
613 317 714 364 uncus
736 319 958 366 renuntiamus

207 453 283 524 ideo
296 454 424 523 malum
438 464 508 536 est,
524 453 607 543 quia
622 452 739 523 multis
751 440 901 546 peccati,
916 454 1034 524 multis
1049 455 1193 546 periculi
1207 478 1289 526 cau-

206 598 245 646 sa
258 576 333 654 lnit3
349 596 414 644 nec
428 576 555 644 malum
571 573 659 646 ideo*
670 568 800 645 ferrum
815 575 906 667 qnia,
921 575 999 647 lieet
1016 576 1050 646 in
1069 597 1155 647 usus
1178 577 1290 648 homi-

206 722 288 770 nnm
310 697 471 793 optimos²
493 698 527 765 in
549 698 718 768 culturam
743 710 854 781 terrae,
874 697 908 767 iu
928 700 1070 769 tutelam
1092 699 1213 792 patriae
1234 723 1291 771 re-

205 834 341 914 pertum
372 823 493 904 semel,
523 818 703 914 saepe'vol
730 822 828 918 exitii
860 823 1095 913 singulorum,
1111 805 1181 906 ¹‚vel
1206 821 1290 893 belli

203 947 315 1016 civilis
348 947 485 1018 occasio
518 958 594 1030 est,
634 945 788 1037 alioquin
823 946 853 1016 si
885 947 1003 1016 omnia
1035 946 1164 1038 quibus
1200 949 1290 1017 male

205 1078 348 1141 utuntur
367 1067 526 1139 lromines
544 1070 635 1138 mala
652 1060 781 1150 essent,
802 1066 886 1160 qnid
906 1069 1046 1141 omnino
1065 1069 1201 1161 uspiam
1221 1090 1290 1139 non

204 1196 357 1265 rnalum‘l
374 1193 449 1263 Non
466 1190 624 1285 corporei
646 1211 784 1274 sensus,
807 1212 874 1260 non
893 1192 1082 1282 ingenium,
1102 1215 1170 1262 non
1192 1214 1287 1284 ορεε,

203 1328 238 1386 ει
257 1318 334 1386 baec
349 1316 489 1407 'quibus
512 1314 688 1407 pascimur
712 1292 887 1385 alimenta.
912 1315 990 1407 lpsa
1008 1316 1071 1385 Dei
1093 1315 1291 1387 misericor·

204 1441 260 1510 dia
282 1453 317 1511 ει
337 1440 499 1532 patientia
521 1438 713 1510 abutuntur
737 1441 848 1521 multi,
873 1449 909 1510 ει
936 1461 1030 1531 saepe
1052 1462 1200 1531 quorum
1228 1462 1290 1511 na-

207 1581 284 1636 tnra
305 1566 434 1660 optima
453 1577 521 1649 est,
544 1566 652 1636 nostri
671 1566 900 1658 perversitate
924 1586 1009 1634 usus
1028 1577 1082 1634 est
1099 1564 1288 1658 pessimus,

205 1691 312 1758 Ronae
331 1688 494 1781 equidem
517 1691 615 1779 leges
638 1697 733 1770 sunt,
759 1686 957 1780 mundoque
977 1709 1046 1758 non
1068 1697 1201 1759 tantum
1225 1689 1289 1759 uti-

204 1817 254 1884 les
271 1813 336 1884 sed
354 1813 573 1883 necessariae.
588 1811 633 1881 At
650 1811 710 1903 qui
727 1814 843 1902 legum
863 1812 1084 1907 inexercitio
1100 1819 1291 1881 versantur

203 1948 239 2007 ει
259 1937 339 2008 boni
359 1949 394 2006 ει
414 1935 495 2006 mali
515 1957 594 2006 esse
615 1945 781 2026 possunt:
804 1946 838 2005 ει
859 1957 929 2027 qno
951 1937 1067 2026 plures
1088 1935 1168 2005 mali
1190 1943 1288 2016 sunt,

203 2082 245 2131 eo
263 2058 372 2129 maior
390 2069 444 2127 est
461 2056 629 2128 bonorum
649 2059 770 2148 gloria.
789 2057 1027 2127 Humanorum
1047 2077 1132 2126 sane
1149 2067 1289 2126 actuum

205 2183 334 2274 primas
352 2194 470 2275 partes
492 2191 588 2253 tenet
605 2181 740 2271 agentis
760 2179 915 2251 intentio.
935 2180 1078 2249 lllnllnm
1099 2179 1204 2249 refert
1219 2199 1291 2269 quo

204 2305 382 2395 proposito
404 2325 474 2372 rem
494 2302 708 2391 aggrediare.
728 2301 848 2392 Neque
865 2303 958 2370 enim
978 2322 1034 2370 res
1056 2301 1130 2392 ipsa
1148 2299 1213 2370 sed
1231 2308 1290 2368 tua

205 2447 304 2494 mens
330 2437 399 2507 εει,
427 2427 483 2494 cui
514 2426 590 2494 laus
617 2434 676 2493 aut
702 2423 912 2516 vituperatio
942 2423 1120 2494 debeatur.
1151 2423 1211 2494 llla
1236 2434 1291 2493 εει

205 2568 285 2638 ῳιεε
298 2559 332 2618 ει
348 2546 440 2617 bona
458 2547 492 2615 in
514 2549 659 2628 malum,
675 2557 710 2615 ct
724 2549 813 2617 mala
831 2567 911 2638 quae
927 2547 1092 2618 videntur
1110 2546 1143 2614 in
1159 2544 1290 2619 honum

188 2655 323 2744 'llectit
342 2671 403 2741 llla
421 2682 475 2740 εει
495 2691 576 2763 quae
600 2692 703 2741 unam
724 2672 957 2762 eamdemque
979 2693 1052 2740 rem
1077 2670 1121 2741 ad
1139 2681 1208 2740 tam
1228 2691 1291 2740 va-

206 2795 276 2864 rios
298 2791 386 2864 fines
409 2794 523 2880 trahit,
547 2804 671 2864 utnon
693 2816 750 2864 res
773 2817 841 2865 una
861 2794 923 2864 sed
944 2793 1025 2862 duae
1047 2813 1191 2886 prorsus
1208 2814 1291 2863 con-

207 2921 324 2988 trariae
343 2917 539 2989 videantur.
560 2917 663 2989 Vadit
683 2918 728 2990 ad
748 2920 913 3011 templum
937 2915 1103 2988 sacerdos
1126 2928 1163 2986 ut
1181 2917 1290 2987 sacris

206 3050 330 3111 vacet:
356 3038 455 3111 uadit
480 3040 616 3111 adulter
644 3051 680 3109 ut
706 3039 837 3111 libidini
865 3039 1017 3120 seruiat3
1044 3049 1080 3108 ει
1105 3048 1185 3108 ante
1210 3059 1291 3108 aras

160 3191 162 3196 ·
206 3162 251 3233 de
265 3164 457 3248 luxuria,et
471 3164 558 3234 intra
573 3164 686 3256 ipsum
699 3165 844 3257 lupanar
856 3162 900 3232 de
915 3161 1078 3255 pudicitia
1093 3160 1148 3250 agi
1162 3171 1289 3252 potest.

208 3288 289 3358 Saul
307 3309 371 3357 rex
386 3288 540 3358 servavit
554 3308 672 3377 regem
688 3285 870 3370 Amalech,
891 3307 960 3377 qua
973 3284 1154 3357 clementia
1167 3282 1291 3354 inexo-

207 3410 349 3483 rabilem
369 3409 455 3482 iram
478 3411 538 3482 Dei
559 3411 694 3480 meruit.
716 3409 867 3480 Phineos
886 3430 972 3478 uero
989 3405 1215 3478 lsraeliticum
1238 3408 1292 3477 vi-

207 3557 284 3605 rum
305 3548 340 3606 et
360 3535 592 3625 alienigenam
615 3532 794 3603 mulierem
817 3531 932 3622 gladio
952 3528 1107 3613 confixit,
1132 3551 1213 3619 quiae
1235 3535 1291 3599 se-

207 3659 338 3729 veritas
364 3668 400 3727 et
424 3659 495 3728 Deo
522 3669 663 3751 accepta
689 3669 724 3728 et
750 3657 875 3750 populo
903 3657 996 3726 utilis
1022 3666 1057 3727 et
1083 3653 1149 3724 sibi
1174 3653 1290 3724 extitit

207 3779 252 3849 ud
273 3791 474 3874 perpetuam
493 3783 617 3852 lamam
637 3779 777 3851 iustitiae
798 3779 960 3870 gloriosa.
980 3780 1070 3850 Ecce
1088 3800 1156 3847 non
1175 3764 1290 3848 cuins-

207 3925 358 3994 cumqne
378 3903 513 3988 indicio,
544 3903 607 3974 sed
635 3903 704 3988 Dei,
728 3903 878 3976 immane
904 3902 1038 3973 l'acinus
1065 3898 1289 3970 homicidium

140 4017 145 4027 ‘
209 4025 334 4114 placet,
369 4025 567 4099 hnmanitas
594 4024 811 4120 reprobatur.
834 4026 925 4096 blille
949 4025 1028 4095 talia
1049 4044 1231 4093 numerem
1260 4022 1289 4090 si

209 4168 353 4220 necesse
375 4151 439 4221 sit:
465 4151 526 4223 sed
554 4175 621 4223 uno
641 4152 792 4224 omnium
821 4164 961 4241 gustum
986 4147 1106 4220 babes.
1135 4149 1223 4218 luris
1246 4145 1288 4217 ad
