2934 4650
586 312 739 361 urrsronn
762 313 788 359 n.
1167 304 1223 364 lll

147 465 206 526 aut
239 454 344 537 oliva,
380 454 525 524 multum
559 474 731 549 cupressu
757 465 791 525 et
817 455 936 538 cedre,
966 458 1112 527 multum
1143 459 1227 551 pinu

144 580 328 670 palmaque
362 584 397 645 et
431 575 544 646 abiete
580 576 767 648 virentior:
795 600 972 669 nunquam
999 581 1080 670 gelu
1102 579 1225 665 nimio,

144 718 323 790 nunquam
346 699 461 766 calore
484 698 673 789 peruritur,
701 713 892 791 nunquam¹
913 698 1093 770 frondibus
1120 713 1225 773 caret.

144 818 309 891 Umbram
330 818 434 889 babet
456 817 737 905 saluberrimam,
761 823 911 892 fructum
931 842 1142 913 succumque
1162 822 1227 892 mi-

145 940 291 1011 rificum.
314 941 415 1014 Locis
437 940 556 1011 arduis
575 963 615 1011 ac
632 943 793 1035 repositis
815 942 957 1014 habitat.
980 943 1105 1014 Aditus
1124 943 1226 1017 modo

143 1062 316 1134 difficilis:
344 1074 470 1132 caetera
497 1063 748 1135 iucundissima
775 1075 855 1134 sunt
880 1072 984 1156 atque
1011 1064 1223 1136 dulcissima.

89 1188 93 1196 '
143 1184 253 1267 Quam
276 1193 314 1253 ut
335 1205 440 1254 nosse
464 1183 621 1276 possitis,
650 1207 719 1255 neu
746 1185 969 1257 similitudine
996 1187 1111 1278 aliqua
1138 1189 1225 1258 forte

143 1304 314 1389 fallamini,
338 1306 447 1396 signis
470 1307 558 1376 banc
579 1306 775 1378 describam
795 1308 889 1378 suis.
917 1309 1072 1392 Quatuor
1092 1320 1223 1380 tautum

142 1427 217 1498 haec
237 1429 317 1498 olim
339 1447 456 1496 ramos
484 1426 615 1512 habuit,
644 1427 726 1499 dnm
755 1430 847 1499 illam
874 1430 957 1500 fessi
991 1452 1134 1522 operum
1162 1454 1224 1524 pa-

142 1563 253 1622 stores
275 1549 413 1621 avidius
433 1553 705 1641 frequentarent.
730 1550 830 1620 Venit
850 1551 1047 1642 incognitus
1073 1553 1233 1624 eoelestis

142 1674 308 1766 agricola,
328 1685 364 1743 et
386 1674 521 1743 sarculo
543 1674 670 1742 cultam
696 1673 764 1766 pio,
785 1673 998 1765 serotinique
1027 1674 1115 1745 roris
1143 1696 1223 1745 sua·

142 1797 248 1867 vitate
268 1816 492 1886 conspersam
522 1794 627 1864 ramis
655 1795 753 1864 auxit
784 1816 823 1864 ac
856 1795 1038 1866 frondibus
1067 1796 1246 1898 nimium..

140 1919 248 1989 Hodie
270 1927 402 2010 septem
425 1916 543 2000 habet,
566 1893 715 2008 qnorum
738 1895 918 1988 inferiores
945 1928 1095 2008 quatuor
1122 1921 1222 1988 tellu-

140 2062 228 2123 rem,
269 2050 339 2110 tres
373 2037 531 2109 altissimi
566 2041 691 2109 coelum
727 2049 906 2129 spectant:
943 2041 1066 2110 ramuli
1105 2051 1221 2110 autem

139 2165 257 2253 plures
291 2171 373 2231 sunt
398 2161 442 2231 de
469 2159 597 2250 quibus
630 2182 721 2230 nunc
755 2154 916 2250 loquendi
939 2172 1081 2233 nonest
1110 2164 1221 2231 locus.

139 2284 210 2354 lllic
231 2283 373 2354 assidue
393 2282 511 2351 felices
533 2302 629 2351 aurae
649 2280 938 2368 circumsibilant,
959 2304 1097 2354 canorae
1116 2285 1221 2353 simul

137 2416 172 2476 et
190 2402 348 2476 candidae
370 2405 529 2475 volucres
553 2404 742 2488 nidificant,
762 2427 864 2499 poma
883 2405 1069 2496 praedulcia
1090 2405 1219 2477 divites

138 2550 253 2599 ramos
272 2533 443 2618 premunt.
467 2527 549 2598 lllite
571 2530 696 2609 solum,
723 2529 841 2599 herbae
868 2529 979 2598 variae
1000 2537 1035 2596 et
1058 2527 1221 2620 purpurei

138 2650 243 2720 llores
267 2659 410 2740 legunt:
434 2649 468 2717 in
492 2649 619 2740 quibus
648 2648 733 2719 levis
760 2650 955 2731 accubitus,
977 2650 1063 2719 odor
1084 2649 1245 2720 suavis»

137 2771 258 2852 simos,
274 2782 309 2840 el
323 2770 368 2841 ad
391 2792 428 2840 se
450 2774 570 2842 oculos
594 2773 736 2845 trahens
758 2774 864 2843 color.
882 2773 974 2842 Fons
996 2772 1038 2842 ad
1063 2771 1221 2841 umbram

138 2890 267 2959 nitidus
289 2893 488 2962 amoenitate
508 2894 726 2986 lympharum
750 2892 989 2982 scatebrisque
1011 2892 1221 2982 perennibus

138 3020 272 3095 manat,
296 3010 395 3080 cuius
424 3013 630 3082 incircuitu
667 3013 814 3083 roscidis
849 3012 1039 3101 cespitibus
1068 3012 1221 3103 ripisque

139 3132 335 3202 recentibus
361 3152 503 3203 cursum
518 3133 757 3215 fraenantibus,
784 3133 952 3206 undarum
977 3138 1042 3207 late
1064 3136 1220 3227 gratissi-

138 3277 232 3324 mum
257 3277 413 3325 murmur
435 3257 566 3348 strepit.
598 3257 680 3327 Haec
707 3256 812 3348 igitur
833 3279 970 3329 summa
992 3259 1125 3330 consilii
1153 3260 1219 3328 mei

138 3386 201 3446 set.
225 3375 395 3447 Arborem
419 3378 506 3449 hanc
527 3379 672 3469 quaerite
699 3380 792 3450 omni
815 3381 929 3451 studio
952 3391 988 3451 ut
1010 3381 1144 3451 facitis:
1168 3381 1219 3450 in-

136 3508 277 3568 ventam
299 3500 436 3592 cupidis
464 3501 554 3571 ulnis
582 3503 737 3593 arripite,
760 3514 795 3573 et
816 3513 945 3594 tenete,
973 3513 1008 3572 et
1039 3502 1155 3585 colite,
1184 3514 1219 3573 el

136 3629 273 3702 amate;
296 3623 406 3691 amari
425 3622 516 3693 enim
538 3634 619 3694 ante
634 3626 719 3696 alias
734 3626 839 3715 digna
860 3635 928 3707 est,
950 3646 1049 3695 sacra
1070 3643 1215 3704 comam,

136 3741 236 3813 utait
254 3743 360 3824 lllar0,
383 3756 419 3813 et
439 3747 573 3815 cunctis
596 3746 826 3818 bumanorum
852 3759 1001 3817 aestuum
1029 3744 1217 3838 vaporibus

134 3863 327 3936 inaccessa.
356 3868 492 3938 Haerete
514 3868 673 3937 certatim
699 3880 820 3939 trunco
840 3868 933 3938 illius
959 3867 1136 3960 usquead
1159 3889 1218 3938 ve-

136 4007 292 4078 speram,
328 4012 432 4062 nemo
465 4013 530 4062 vos
564 3991 644 4063 inde
680 3993 833 4064 divellet.
875 3993 1055 4084 Nusquam
1092 3991 1215 4062 melius

137 4114 289 4185 mansuri
324 4115 431 4198 estis,
467 4113 514 4184 ibi
548 4115 650 4202 enim,
673 4114 756 4186 mihi
778 4113 917 4197 credite,
952 4135 1017 4184 nec
1043 4113 1213 4184 Cancrum
