2738 4680
218 319 275 380 111
308 315 310 323 ’
553 332 594 379 33
617 329 962 390 33333313333333
1022 332 1024 337 ·

216 473 362 556 remitto,
385 495 427 541 ne
448 476 559 564 utique
585 471 716 542 doraum
741 468 950 545 demulceatis
971 491 1045 538 curn
1066 470 1221 560 coaequis
1245 467 1299 538 de-

215 593 390 665 scendetis:
408 605 443 666 et
459 570 645 688 praetorem
666 592 936 677 Praenestinum,
955 592 1051 685 quod
1065 615 1126 686 per
1142 593 1297 664 timorem

216 718 359 808 segnius
394 739 478 789 suos
504 718 657 788 duxerat
682 717 718 786 in
743 715 891 809 primam
918 715 1041 798 aciem,
1069 716 1191 786 lictore
1219 738 1297 787 cum

216 840 330 912 securi
348 840 457 911 accito
478 840 603 910 ludens
628 861 769 931 quoque
789 838 910 909 mortis
938 846 1087 922 terrore,
1114 841 1296 910 33313333

214 963 490 1061 increpitumque
511 962 708 1033 dimitteret.
731 961 1297 1053 [1333113313333333311310313-

216 1094 272 1156 tus
298 1087 447 1157 Messius
473 1087 545 1178 qui,
574 1085 670 1178 quod
695 1106 715 1154 a
740 1084 842 1154 Livio
870 1082 1148 1174 praetermissum
1176 1084 1295 1168 miror,

212 1207 304 1280 bello
336 1209 463 1302 punico
497 1208 665 1292 secundo,
695 1228 737 1277 eo
771 1205 893 1299 praelio
932 1207 1027 1297 quod
1061 1205 1107 1277 ad
1138 1205 1296 1276 Trebiam

214 1341 350 1422 gestum
374 1343 438 1419 est,
461 1333 615 1424 quinque
636 1329 857 1414 cohortibus,
880 1352 928 1400 33
953 1351 997 1400 33
1025 1329 1173 1400 31311333
1198 1332 1297 1402 33133

213 1454 409 1526 custodiam
443 1456 510 1526 illis
547 1453 787 1539 commiserat,
818 1453 973 1523 bostium
1004 1452 1041 1521 vi
1073 1452 1234 1539 deiectis,
1262 1468 1298 1524 31

212 1576 370 1647 eamdem
393 1579 483 1647 illico
504 1585 706 1671 repeterent
726 1577 929 1670 imperavit,
958 1597 1027 1647 nou
1053 1579 1134 1669 quia
1161 1576 1197 1648 id
1223 1574 1296 1647 fieri

214 1721 317 1792 posse
334 1700 536 1786 confideret,
561 1702 625 1772 sed
643 1711 680 1772 31
701 1701 887 1772 militarem
905 1702 1042 1794 culpam
1062 1699 1134 1770 acri
1151 1700 1297 1794 imperio

211 1825 414 1915 castigaret,
437 1824 638 1917 desertique
655 1827 720 1896 loci
740 1846 834 1895 mors
854 1824 1065 1917 supplicium
1083 1832 1189 1894 esset.
1204 1801 1296 1894 'illud

212 1947 303 2016 enim
327 1960 500 2042 praecepto
522 1948 677 2021 additum
699 1958 788 2033 erat,
812 1957 850 2019 31
872 1949 900 2018 31
922 1951 1001 2040 quis
1022 1970 1066 2019 ex
1088 1970 1130 2019 eo
1151 1969 1296 2019 numero

212 2069 247 2141 in
267 2081 383 2142 castra
404 2075 593 2168 relegeret,
617 2081 793 2166 tamquam
816 2071 928 2142 bostis
947 2071 1164 2144 occideretur
1179 2097 1186 2156 ;
1204 2074 1296 2165 quod

213 2196 346 2266 ultimae
373 2197 592 2267 necessitatis
619 2197 864 2268 acutissimum
892 2197 1006 2266 calcar
1032 2196 1194 2266 adactum
1223 2198 1296 2267 331-

212 2320 294 2403 313,
313 2330 348 2390 31
364 2318 607 2390 lassitudinem
624 2341 807 2412 corporum
827 2329 862 2390 et
879 2319 1165 2411 desperationem
1178 2343 1293 2392 rerum

211 2451 248 2511 et
271 2440 336 2511 loci
357 2441 594 2512 difficultatem
619 2455 655 2513 31
683 2443 835 2515 bostium
858 2441 993 2513 turbam
1014 2442 1110 2527 vicit,
1130 2444 1293 2537 quodque

212 2561 428 2654 impossibile
455 2563 536 2636 duci
560 2564 689 2635 invicto
721 2566 838 2636 visum
872 2576 959 2649 erat,
991 2565 1092 2636 victis
1128 2565 1293 2637 militibus

211 2707 356 2777 pronum
380 2687 468 2757 lecit.
488 2687 752 2759 Obversabatur
769 2688 886 2758 animo
904 2688 1011 2759 131133
1031 2689 1151 2760 Caesar
1168 2688 1237 2781 qui,
1259 2700 1294 2760 31

213 2809 432 2901 Tranquillus
454 2810 530 2902 ipse
552 2810 719 2896 meminit,
742 2813 938 2881 inclinatum
966 2813 1069 2881 aciem
1093 2813 1182 2879 solur
1210 2831 1293 2906 supe

211 2935 365 3017 restituit,
395 2930 556 3004 ‘obsistens
586 2935 788 3026 sapientibus
825 2937 1032 3024 retinensque
1070 2936 1230 3025 cinqulm,
1265 2941 1294 3000 et

211 3058 368 3125 contortis
405 3058 555 3147 saucibus
600 3069 794 3129 conuertens
832 3060 869 3127 in
914 3059 1052 3140 bostem,
1095 3069 1126 3127 et
1165 3055 1292 3148 quidem

210 3175 290 3248 adeo
327 3182 516 3270 plerumque
550 3181 706 3274 trepidos,
740 3194 777 3251 ut
809 3180 963 3271 aquilifer
994 3180 1141 3249 moranti
1171 3201 1205 3248 se
1240 3200 1292 3248 cu-

210 3300 300 3394 spide
320 3302 363 3370 cit
383 3304 612 3388 cornminutus,
636 3307 721 3374 nlius
742 3305 777 3374 in
799 3327 903 3374 manu
927 3301 1102 3373 detinentis
1126 3304 1293 3392 reliquerit

209 3429 350 3517 acquum.
380 3425 452 3496 Sub
481 3425 523 3495 iis
553 3425 702 3522 ducibus
729 3427 875 3499 militare
908 3426 1034 3499 durum
1070 3427 1195 3508 fateor,
1232 3421 1293 3494 sed

210 3546 340 3617 lenibat
360 3550 583 3640 asperitatem
607 3549 728 3639 gloria,
751 3549 916 3642 quodque
939 3550 1020 3619 vitae
1041 3549 1233 3642 periculum
1255 3568 1292 3615 33

210 3669 308 3741 labor
333 3671 548 3742 horrendum
570 3675 711 3756 lecerat,
734 3674 807 3743 3313
827 3675 941 3744 virtus
963 3671 1113 3766 optabile
1134 3668 1290 3740 faciebat.
1347 3736 1348 3740 ,

209 3792 289 3863 Rari
311 3791 358 3862 ibi
385 3797 597 3885 transfugae:
630 3795 699 3866 rari
733 3795 954 3866 desertores:
989 3792 1076 3866 fides
1110 3805 1145 3864 et
1179 3802 1291 3862 metus

210 3913 306 3984 leves
328 3915 462 3987 animos
483 3915 685 3988 fraenabant.
708 3917 815 3988 Erant
835 3919 998 4009 exemplo
1026 3915 1154 3987 Fabius
1181 3915 1291 3986 Maxi-

208 4057 303 4120 mus,
326 4039 385 4130 qui
406 4061 528 4110 omnes
550 4061 638 4132 quos
659 4039 810 4132 cepisset
827 4041 1047 4129 translegas,
1068 4037 1200 4108 truncis
1220 4057 1292 4105 33-

210 4157 313 4232 nibus
335 4160 517 4247 dimissos,
537 4164 654 4254 lugam
668 4163 901 4254 cogitantibus
920 4162 1167 4236 documentum
1182 4158 1288 4232 dedit.
