2992 4664
690 134 711 165 0

324 313 433 361 ‘blllllli
457 314 993 371 vtultsrllusuunnrus—ssrlsrotn
1015 319 1067 366 xll.
1183 307 1240 367 20?
1334 312 1341 316 ’

160 461 335 545 omnibuS,
360 464 389 531 si
411 462 507 533 solus
529 462 602 532 baec
624 463 808 555 patereris,
832 485 945 556 neque
974 464 1136 544 humana,
1159 469 1243 559 quin

160 594 195 656 et
216 584 297 655 trita
316 585 406 654 inter
428 584 585 656 homines
606 593 726 656 essent
739 605 819 676 quae
840 596 873 656 te
895 596 1071 678 premunt:
1094 589 1188 660 unde
1204 587 1242 658 fit

161 716 200 777 ut
219 707 468 798 conquiescere
481 705 623 787 debeas¹
642 726 801 776 summus
814 706 848 774 in
864 708 929 778 boc
942 731 1099 792 numero,
1117 712 1241 793 fateor,
1304 769 1306 773 .

161 829 314 899 sednon
335 849 434 899 unus.
457 828 527 899 lam
549 849 636 898 vero
653 827 697 898 de
716 827 905 899 imitatione
926 830 1245 921 quiddicam‘lDe-

161 949 265 1020 buisti
286 949 486 1042 praesagire,
509 949 591 1020 dum
617 960 682 1020 tam
706 951 774 1020 alte
794 949 858 1021 alis
885 953 988 1022 animi
1012 964 1045 1024 te
1067 953 1242 1025 sublatum

161 1092 335 1155 cerneres
358 1093 535 1164 nunquam
560 1069 620 1141 tibi
642 1070 825 1143 defuturos
854 1073 1055 1146 imitatores.
1082 1076 1243 1148 Gauden-

162 1199 244 1269 dum
267 1218 352 1267 vero
375 1198 475 1296 talem
499 1205 531 1267 te
551 1196 606 1265 oui
631 1196 727 1264 multi
762 1195 893 1267 similes
928 1196 1001 1267 lieri
1027 1199 1151 1284 velint,
1180 1202 1244 1272 sed

162 1343 232 1392 non
254 1321 352 1391 multi
374 1320 518 1413 possint.
541 1317 632 1402 Quid
665 1319 698 1386 ni
733 1331 848 1391 autem
884 1319 1039 1411 gaudeas
1075 1333 1111 1393 tu
1143 1323 1242 1414 primi

163 1464 303 1534 semper
329 1451 448 1513 certus
473 1442 552 1523 loci,
583 1463 660 1512 cum
689 1462 757 1532 ego
782 1441 925 1512 ultimus
952 1440 1130 1513 hominum
1157 1467 1244 1536 gau-

161 1564 279 1647 deam,
299 1587 364 1636 nec
385 1564 538 1655 gaudere
565 1575 619 1635 sat
644 1573 711 1646 est,
741 1566 870 1654 glorier
895 1586 1050 1657 quoque,
1077 1568 1161 1636 tanti
1188 1591 1244 1640 me

162 1710 256 1759 nuno
277 1686 369 1770 fieri,
395 1699 432 1759 ut
452 1688 496 1758 sit
518 1687 657 1779 aliquis,
682 1691 711 1756 si
735 1699 849 1758 tamen
862 1694 918 1757 est
935 1689 1078 1780 aliq-nis,
1093 1692 1152 1781 qui
1168 1691 1245 1760 imi-

163 1812 233 1880 tari·
247 1822 341 1904 optet
358 1834 399 1882 ac
421 1809 565 1902 fingere,
585 1809 668 1879 illud
691 1809 802 1899 magis
824 1811 1013 1899 gavisurus
1033 1815 1118 1883 tales
1135 1814 1244 1884 imita-

163 1941 259 2003 tores
279 1935 352 2004 fore
368 1933 427 2024 qui
451 1954 507 2002 me
530 1934 718 2023 superent?
731 1940 835 2021 atque
850 1930 945 2002 illum
967 1954 1033 2001 non
1051 1933 1242 2025 Apollinem

164 2064 276 2136 tuum,
306 2055 368 2126 sed
396 2077 510 2125 nrenm
538 2075 663 2124 verum
690 2053 818 2143 ingenii
843 2055 953 2123 Deum
982 2051 1132 2145 precor,
1152 2067 1188 2126 ut
1213 2057 1243 2125 si

162 2175 243 2267 quis
266 2199 320 2247 me
347 2177 537 2248 imitatione
564 2176 709 2267 dignum
736 2174 890 2259 duxerit,
918 2174 998 2244 nisu
1025 2176 1113 2246 laoili
1139 2200 1242 2268 quern

164 2298 322 2391 sequitur
340 2310 576 2392 consequatur
590 2321 630 2369 ac
648 2307 812 2367 transeat.
830 2298 902 2387 ago
922 2320 1056 2369 mecum
1072 2298 1157 2369 bene
1171 2301 1245 2389 glo-

164 2421 256 2491 riose
278 2422 488 2515 feliciterque
510 2421 566 2512 agi
588 2418 789 2500 credamsi
810 2420 995 2491 examinis
1017 2419 1131 2512 (nemo
1153 2421 1243 2491 enim

163 2542 231 2614 nisi
252 2551 348 2616 amet
367 2543 569 2636 imitabitur)
591 2546 720 2614 multos
747 2543 829 2612 mibi
851 2564 975 2635 pares,
998 2543 1245 2634 aliquantoque

164 2666 296 2738 felicius
319 2668 348 2738 si
370 2668 568 2760 superiores
589 2687 776 2760 aspexero,
804 2666 933 2757 quique
953 2687 999 2735 ex
1013 2663 1245 2735 imitatoribus

164 2788 233 2857 sint
253 2788 416 2859 victores
439 2788 474 2857 Si
494 2788 586 2859 enim
608 2787 758 2876 genitor,
774 2785 888 2855 carnis
904 2783 1009 2854 lilium
1027 2807 1065 2855 se
1081 2788 1244 2856 maiorem

164 2908 273 3003 cupit,
295 2909 380 3000 qnid
400 2920 519 3002 optare
540 2907 667 2978 debeat
687 2919 784 2999 pater
805 2906 957 2994 ingenii?
982 2907 1033 2976 Tu
1053 2908 1114 2998 qui
1139 2908 1246 2993 maio-v

163 3053 240 3107 rem
263 3031 500 3121 victoremque
518 3050 586 3099 non
601 3030 736 3109 metuis,
753 3028 945 3096 imitatores
963 3028 1198 3118 aequanimisl
1236 3085 1243 3099 .

165 3154 384 3244 Quamquam
402 3162 437 3222 et
456 3152 501 3221 de
522 3149 671 3220 victoria
688 3149 778 3218 inter
800 3160 832 3220 te
854 3162 888 3219 et
902 3172 980 3257 epm
996 3150 1040 3221 de
1054 3174 1123 3244 qno
1138 3156 1245 3225 multa

165 3276 334 3369 quereris
349 3275 548 3366 Virgilium,
584 3273 619 3342 in
652 3271 750 3342 libris
778 3272 1011 3343 Saturnalium
1048 3277 1243 3365 magnalis

165 3399 329 3491 pendeat,
352 3411 386 3469 et
407 3400 548 3491 quidam
568 3409 750 3491 propterea
772 3404 967 3467 nostrorum
991 3395 1081 3464 inter
1102 3416 1166 3463 vos
1180 3396 1245 3466 du-

166 3520 259 3590 biam
279 3525 429 3613 palmam
451 3524 574 3606 velint,
598 3522 654 3592 alii
675 3528 802 3591 certam
823 3517 868 3587 illi
884 3514 1036 3586 tribuant
1050 3513 1242 3598 victoriam;

166 3644 260 3734 quod
280 3668 348 3717 non
372 3655 440 3717 tam
464 3656 500 3715 ut
520 3645 726 3734 cuiusquam
746 3639 926 3713 sententiae
948 3639 1082 3708 faveam
1105 3648 1164 3706 aut
1183 3637 1244 3708 ad-

166 3788 303 3852 verser,
325 3792 431 3860 quam
454 3776 491 3838 ut
512 3767 607 3837 noris
628 3763 775 3857 quidde
797 3773 831 3833 te
852 3760 1057 3854 posteritas,
1079 3767 1115 3827 et
1138 3781 1243 3850 quam

118 3866 120 3870 ’
166 3887 264 3958 varie
286 3892 409 3971 sensit,
438 3885 739 3982 apposuimus
761 3892 874 3954 autem
897 3880 1087 3952 admoneor
1108 3890 1145 3948 ut
1164 3892 1244 3953 ante

166 4030 270 4100 quam
292 4011 430 4103 longius
447 4009 569 4082 abeam
594 4011 774 4099 Virgilium
790 4009 919 4100 ipsum,
942 4004 1042 4074 ouius
1061 4004 1184 4086 anima,
1207 4016 1244 4074 ut

168 4133 313 4207 Flaccus
345 4137 406 4218 ait,
435 4157 503 4208 non
535 4132 767 4203 candidiorem
799 4129 901 4201 aliam
932 4136 1022 4198 terra
1048 4127 1136 4211 tulit,
1165 4126 1241 4210 tibi,
