<?xml version="1.0" encoding="UTF-8"?>
<!DOCTYPE html PUBLIC "-//W3C//DTD XHTML 1.0 Transitional//EN"
    "http://www.w3.org/TR/xhtml1/DTD/xhtml1-transitional.dtd">
<html xmlns="http://www.w3.org/1999/xhtml" xml:lang="en" lang="en">
 <head>
  <title>
</title>
<meta http-equiv="Content-Type" content="text/html;charset=utf-8" />
  <meta name='ocr-system' content='tesseract 3.04.00' />
  <meta name='ocr-capabilities' content='ocr_page ocr_carea ocr_par ocr_line ocrx_word'/>
</head>
<body>
  <div class='ocr_page' id='page_1' title='image "./franciscipetrar00fracgoog_0098.png"; bbox 0 0 2730 4680; ppageno 0'>
   <div class='ocr_carea' id='block_1_1' title="bbox 289 296 1168 366">
    <p class='ocr_par' dir='ltr' id='par_1_1' title="bbox 289 296 1168 366">
     <span class='ocr_line' id='line_1_1' title="bbox 289 296 1168 366; baseline 0 -3"><span class='ocrx_word' id='word_1_1' title='bbox 289 315 381 364; x_wconf 82' lang='lat' dir='ltr'>nrnnn</span> <span class='ocrx_word' id='word_1_2' title='bbox 404 296 911 366; x_wconf 82' lang='lat' dir='ltr'>vreusruusrmuus.-nrrsrom</span> <span class='ocrx_word' id='word_1_3' title='bbox 933 316 973 365; x_wconf 85' lang='lat' dir='ltr'>ur.</span> <span class='ocrx_word' id='word_1_4' title='bbox 1134 304 1168 363; x_wconf 79' lang='lat' dir='ltr'>tl</span> 
     </span>
    </p>
   </div>
   <div class='ocr_carea' id='block_1_2' title="bbox 93 447 1175 893">
    <p class='ocr_par' dir='ltr' id='par_1_2' title="bbox 93 447 1175 893">
     <span class='ocr_line' id='line_1_2' title="bbox 95 447 1173 546; baseline 0.005 -28"><span class='ocrx_word' id='word_1_5' title='bbox 95 447 226 521; x_wconf 85' lang='lat' dir='ltr'>Curabo</span> <span class='ocrx_word' id='word_1_6' title='bbox 259 469 304 519; x_wconf 90' lang='lat' dir='ltr'>ne</span> <span class='ocrx_word' id='word_1_7' title='bbox 334 457 494 533; x_wconf 79' lang='lat' dir='ltr'>noceant,</span> <span class='ocrx_word' id='word_1_8' title='bbox 519 450 582 521; x_wconf 90' lang='lat' dir='ltr'>sed</span> <span class='ocrx_word' id='word_1_9' title='bbox 615 449 709 542; x_wconf 88' lang='lat' dir='ltr'>quod</span> <span class='ocrx_word' id='word_1_10' title='bbox 740 451 882 523; x_wconf 86' lang='lat' dir='ltr'>iuvidiae</span> <span class='ocrx_word' id='word_1_11' title='bbox 908 450 1087 546; x_wconf 87' lang='lat' dir='ltr'>proprium</span> <span class='ocrx_word' id='word_1_12' title='bbox 1110 464 1173 532; x_wconf 84' lang='lat' dir='ltr'>est,</span> 
     </span>
     <span class='ocr_line' id='line_1_3' title="bbox 95 573 1175 668; baseline 0.004 -27"><span class='ocrx_word' id='word_1_13' title='bbox 95 592 168 644; x_wconf 87' lang='lat' dir='ltr'>sese</span> <span class='ocrx_word' id='word_1_14' title='bbox 194 574 287 644; x_wconf 88' lang='lat' dir='ltr'>malo</span> <span class='ocrx_word' id='word_1_15' title='bbox 308 592 373 643; x_wconf 90' lang='lat' dir='ltr'>suo</span> <span class='ocrx_word' id='word_1_16' title='bbox 393 573 563 658; x_wconf 81' lang='lat' dir='ltr'>crucient,</span> <span class='ocrx_word' id='word_1_17' title='bbox 590 595 633 646; x_wconf 92' lang='lat' dir='ltr'>eo</span> <span class='ocrx_word' id='word_1_18' title='bbox 657 574 859 646; x_wconf 82' lang='lat' dir='ltr'>miseriores</span> <span class='ocrx_word' id='word_1_19' title='bbox 893 597 962 668; x_wconf 93' lang='lat' dir='ltr'>quo</span> <span class='ocrx_word' id='word_1_20' title='bbox 995 574 1175 647; x_wconf 83' lang='lat' dir='ltr'>nobiseum</span> 
     </span>
     <span class='ocr_line' id='line_1_4' title="bbox 93 696 1174 791; baseline 0.001 -24"><span class='ocrx_word' id='word_1_21' title='bbox 93 697 146 789; x_wconf 82' lang='lat' dir='ltr'>agi</span> <span class='ocrx_word' id='word_1_22' title='bbox 172 696 348 767; x_wconf 81' lang='lat' dir='ltr'>senserint</span> <span class='ocrx_word' id='word_1_23' title='bbox 373 696 519 767; x_wconf 82' lang='lat' dir='ltr'>felicius.</span> <span class='ocrx_word' id='word_1_24' title='bbox 546 697 623 768; x_wconf 93' lang='lat' dir='ltr'>Non</span> <span class='ocrx_word' id='word_1_25' title='bbox 649 696 760 789; x_wconf 86' lang='lat' dir='ltr'>patiar</span> <span class='ocrx_word' id='word_1_26' title='bbox 787 709 824 769; x_wconf 91' lang='lat' dir='ltr'>nt</span> <span class='ocrx_word' id='word_1_27' title='bbox 851 699 932 768; x_wconf 87' lang='lat' dir='ltr'>mali</span> <span class='ocrx_word' id='word_1_28' title='bbox 962 700 1040 791; x_wconf 91' lang='lat' dir='ltr'>plus</span> <span class='ocrx_word' id='word_1_29' title='bbox 1070 721 1174 790; x_wconf 88' lang='lat' dir='ltr'>quarn</span> 
     </span>
     <span class='ocr_line' id='line_1_5' title="bbox 95 817 1173 893; baseline -0.001 -3"><span class='ocrx_word' id='word_1_30' title='bbox 95 819 172 892; x_wconf 89' lang='lat' dir='ltr'>honi</span> <span class='ocrx_word' id='word_1_31' title='bbox 193 817 253 890; x_wconf 89' lang='lat' dir='ltr'>tibi</span> <span class='ocrx_word' id='word_1_32' title='bbox 275 819 436 890; x_wconf 89' lang='lat' dir='ltr'>attulisse</span> <span class='ocrx_word' id='word_1_33' title='bbox 461 827 581 891; x_wconf 91' lang='lat' dir='ltr'>nostra</span> <span class='ocrx_word' id='word_1_34' title='bbox 605 819 741 891; x_wconf 86' lang='lat' dir='ltr'>dicatur</span> <span class='ocrx_word' id='word_1_35' title='bbox 767 819 929 890; x_wconf 86' lang='lat' dir='ltr'>amicitia.</span> <span class='ocrx_word' id='word_1_36' title='bbox 957 818 1082 892; x_wconf 79' lang='lat' dir='ltr'>Afferri</span> <span class='ocrx_word' id='word_1_37' title='bbox 1112 818 1173 893; x_wconf 92' lang='lat' dir='ltr'>tibi</span> 
     </span>
    </p>
   </div>
   <div class='ocr_carea' id='block_1_3' title="bbox 93 942 1278 1779">
    <p class='ocr_par' dir='ltr' id='par_1_3' title="bbox 93 942 1278 1779">
     <span class='ocr_line' id='line_1_6' title="bbox 94 942 1174 1037; baseline 0.002 -24"><span class='ocrx_word' id='word_1_38' title='bbox 94 944 146 1014; x_wconf 86' lang='lat' dir='ltr'>vis</span> <span class='ocrx_word' id='word_1_39' title='bbox 178 965 248 1014; x_wconf 92' lang='lat' dir='ltr'>non</span> <span class='ocrx_word' id='word_1_40' title='bbox 281 953 409 1037; x_wconf 89' lang='lat' dir='ltr'>polest.</span> <span class='ocrx_word' id='word_1_41' title='bbox 443 943 494 1015; x_wconf 88' lang='lat' dir='ltr'>Ne</span> <span class='ocrx_word' id='word_1_42' title='bbox 527 955 561 1016; x_wconf 87' lang='lat' dir='ltr'>te</span> <span class='ocrx_word' id='word_1_43' title='bbox 595 943 848 1014; x_wconf 87' lang='lat' dir='ltr'>vilissimorum</span> <span class='ocrx_word' id='word_1_44' title='bbox 870 942 974 1014; x_wconf 75' lang='lat' dir='ltr'>minae</span> <span class='ocrx_word' id='word_1_45' title='bbox 995 944 1174 1016; x_wconf 89' lang='lat' dir='ltr'>hominum</span> 
     </span>
     <span class='ocr_line' id='line_1_7' title="bbox 95 1065 1278 1169; baseline 0.004 -34"><span class='ocrx_word' id='word_1_46' title='bbox 95 1065 267 1153; x_wconf 83' lang='lat' dir='ltr'>deiiciant,</span> <span class='ocrx_word' id='word_1_47' title='bbox 293 1088 392 1139; x_wconf 87' lang='lat' dir='ltr'>nave.</span> <span class='ocrx_word' id='word_1_48' title='bbox 420 1067 541 1139; x_wconf 88' lang='lat' dir='ltr'>Solare</span> <span class='ocrx_word' id='word_1_49' title='bbox 566 1079 730 1140; x_wconf 79' lang='lat' dir='ltr'>moestum</span> <span class='ocrx_word' id='word_1_50' title='bbox 752 1068 917 1140; x_wconf 90' lang='lat' dir='ltr'>animum.</span> <span class='ocrx_word' id='word_1_51' title='bbox 940 1068 1016 1138; x_wconf 91' lang='lat' dir='ltr'>Non</span> <span class='ocrx_word' id='word_1_52' title='bbox 1040 1076 1095 1140; x_wconf 88' lang='lat' dir='ltr'>est</span> <span class='ocrx_word' id='word_1_53' title='bbox 1120 1069 1176 1139; x_wconf 89' lang='lat' dir='ltr'>ille</span> <span class='ocrx_word' id='word_1_54' title='bbox 1276 1166 1278 1169; x_wconf 12' lang='lat' dir='ltr'>v</span> 
     </span>
     <span class='ocr_line' id='line_1_8' title="bbox 93 1189 1173 1283; baseline 0.002 -25"><span class='ocrx_word' id='word_1_55' title='bbox 93 1189 197 1262; x_wconf 90' lang='lat' dir='ltr'>miser</span> <span class='ocrx_word' id='word_1_56' title='bbox 218 1212 284 1261; x_wconf 86' lang='lat' dir='ltr'>nec</span> <span class='ocrx_word' id='word_1_57' title='bbox 303 1190 370 1261; x_wconf 91' lang='lat' dir='ltr'>erit</span> <span class='ocrx_word' id='word_1_58' title='bbox 385 1189 536 1283; x_wconf 90' lang='lat' dir='ltr'>quidem,</span> <span class='ocrx_word' id='word_1_59' title='bbox 553 1190 622 1261; x_wconf 93' lang='lat' dir='ltr'>nisi</span> <span class='ocrx_word' id='word_1_60' title='bbox 637 1212 675 1262; x_wconf 91' lang='lat' dir='ltr'>se</span> <span class='ocrx_word' id='word_1_61' title='bbox 695 1190 808 1262; x_wconf 85' lang='lat' dir='ltr'>laniat.</span> <span class='ocrx_word' id='word_1_62' title='bbox 830 1191 893 1262; x_wconf 86' lang='lat' dir='ltr'>llis</span> <span class='ocrx_word' id='word_1_63' title='bbox 920 1190 1043 1262; x_wconf 87' lang='lat' dir='ltr'>videre</span> <span class='ocrx_word' id='word_1_64' title='bbox 1069 1212 1173 1282; x_wconf 89' lang='lat' dir='ltr'>quam</span> 
     </span>
     <span class='ocr_line' id='line_1_9' title="bbox 94 1313 1173 1407; baseline 0.003 -23"><span class='ocrx_word' id='word_1_65' title='bbox 94 1336 159 1385; x_wconf 91' lang='lat' dir='ltr'>non</span> <span class='ocrx_word' id='word_1_66' title='bbox 186 1314 236 1385; x_wconf 89' lang='lat' dir='ltr'>sis</span> <span class='ocrx_word' id='word_1_67' title='bbox 263 1315 389 1386; x_wconf 77' lang='lat' dir='ltr'>miser-‘l</span> <span class='ocrx_word' id='word_1_68' title='bbox 422 1313 544 1406; x_wconf 78' lang='lat' dir='ltr'>Cogita</span> <span class='ocrx_word' id='word_1_69' title='bbox 575 1335 682 1407; x_wconf 89' lang='lat' dir='ltr'>quarn</span> <span class='ocrx_word' id='word_1_70' title='bbox 711 1315 830 1387; x_wconf 91' lang='lat' dir='ltr'>multis</span> <span class='ocrx_word' id='word_1_71' title='bbox 865 1314 1032 1386; x_wconf 88' lang='lat' dir='ltr'>invidiam</span> <span class='ocrx_word' id='word_1_72' title='bbox 1053 1315 1173 1387; x_wconf 85' lang='lat' dir='ltr'>iacias.</span> 
     </span>
     <span class='ocr_line' id='line_1_10' title="bbox 95 1436 1173 1529; baseline -0.001 -23"><span class='ocrx_word' id='word_1_73' title='bbox 95 1436 199 1508; x_wconf 91' lang='lat' dir='ltr'>Nemo</span> <span class='ocrx_word' id='word_1_74' title='bbox 220 1438 323 1509; x_wconf 92' lang='lat' dir='ltr'>simul</span> <span class='ocrx_word' id='word_1_75' title='bbox 346 1436 541 1508; x_wconf 90' lang='lat' dir='ltr'>invidiosus</span> <span class='ocrx_word' id='word_1_76' title='bbox 562 1445 597 1508; x_wconf 92' lang='lat' dir='ltr'>et</span> <span class='ocrx_word' id='word_1_77' title='bbox 617 1437 726 1509; x_wconf 91' lang='lat' dir='ltr'>miser</span> <span class='ocrx_word' id='word_1_78' title='bbox 743 1447 813 1509; x_wconf 90' lang='lat' dir='ltr'>est:</span> <span class='ocrx_word' id='word_1_79' title='bbox 832 1438 917 1510; x_wconf 90' lang='lat' dir='ltr'>dum</span> <span class='ocrx_word' id='word_1_80' title='bbox 937 1438 1085 1529; x_wconf 78' lang='lat' dir='ltr'>urgeris,</span> <span class='ocrx_word' id='word_1_81' title='bbox 1102 1446 1173 1510; x_wconf 81' lang='lat' dir='ltr'>sta:</span> 
     </span>
     <span class='ocr_line' id='line_1_11' title="bbox 97 1558 1172 1653; baseline 0.002 -23"><span class='ocrx_word' id='word_1_82' title='bbox 97 1560 174 1630; x_wconf 89' lang='lat' dir='ltr'>dum</span> <span class='ocrx_word' id='word_1_83' title='bbox 198 1560 350 1646; x_wconf 88' lang='lat' dir='ltr'>terreris,</span> <span class='ocrx_word' id='word_1_84' title='bbox 373 1558 458 1632; x_wconf 90' lang='lat' dir='ltr'>fide:</span> <span class='ocrx_word' id='word_1_85' title='bbox 481 1580 628 1650; x_wconf 80' lang='lat' dir='ltr'>assurge</span> <span class='ocrx_word' id='word_1_86' title='bbox 648 1559 730 1631; x_wconf 90' lang='lat' dir='ltr'>dum</span> <span class='ocrx_word' id='word_1_87' title='bbox 746 1561 926 1653; x_wconf 89' lang='lat' dir='ltr'>premeris:</span> <span class='ocrx_word' id='word_1_88' title='bbox 952 1560 1009 1632; x_wconf 91' lang='lat' dir='ltr'>dio</span> <span class='ocrx_word' id='word_1_89' title='bbox 1035 1562 1172 1646; x_wconf 87' lang='lat' dir='ltr'>animo,</span> 
     </span>
     <span class='ocr_line' id='line_1_12' title="bbox 95 1681 984 1779; baseline 0 -28"><span class='ocrx_word' id='word_1_90' title='bbox 95 1681 145 1754; x_wconf 90' lang='lat' dir='ltr'>dic</span> <span class='ocrx_word' id='word_1_91' title='bbox 166 1685 317 1779; x_wconf 84' lang='lat' dir='ltr'>corpori,</span> <span class='ocrx_word' id='word_1_92' title='bbox 340 1683 568 1776; x_wconf 76' lang='lat' dir='ltr'>virgilianum</span> <span class='ocrx_word' id='word_1_93' title='bbox 590 1683 674 1755; x_wconf 91' lang='lat' dir='ltr'>illud</span> <span class='ocrx_word' id='word_1_94' title='bbox 694 1683 984 1755; x_wconf 84' lang='lat' dir='ltr'>famosissimum:</span> 
     </span>
    </p>
   </div>
   <div class='ocr_carea' id='block_1_4' title="bbox 250 1841 963 1907">
    <p class='ocr_par' dir='ltr' id='par_1_4' title="bbox 250 1841 963 1907">
     <span class='ocr_line' id='line_1_13' title="bbox 250 1841 963 1907; baseline 0.004 -4"><span class='ocrx_word' id='word_1_95' title='bbox 250 1841 362 1904; x_wconf 86' lang='lat' dir='ltr'>Durate</span> <span class='ocrx_word' id='word_1_96' title='bbox 379 1849 409 1905; x_wconf 88' lang='lat' dir='ltr'>et</span> <span class='ocrx_word' id='word_1_97' title='bbox 427 1848 548 1906; x_wconf 87' lang='lat' dir='ltr'>vosmet</span> <span class='ocrx_word' id='word_1_98' title='bbox 566 1843 657 1906; x_wconf 84' lang='lat' dir='ltr'>rebus</span> <span class='ocrx_word' id='word_1_99' title='bbox 675 1849 795 1907; x_wconf 85' lang='lat' dir='ltr'>servate</span> <span class='ocrx_word' id='word_1_100' title='bbox 813 1844 963 1906; x_wconf 85' lang='lat' dir='ltr'>secundis.</span> 
     </span>
    </p>
   </div>
   <div class='ocr_carea' id='block_1_5' title="bbox 98 1986 453 2061">
    <p class='ocr_par' dir='ltr' id='par_1_5' title="bbox 98 1986 453 2061">
     <span class='ocr_line' id='line_1_14' title="bbox 98 1986 453 2061; baseline 0.02 -7"><span class='ocrx_word' id='word_1_101' title='bbox 98 1986 150 2059; x_wconf 86' lang='lat' dir='ltr'>llio</span> <span class='ocrx_word' id='word_1_102' title='bbox 170 1987 257 2059; x_wconf 92' lang='lat' dir='ltr'>illud</span> <span class='ocrx_word' id='word_1_103' title='bbox 277 1989 453 2061; x_wconf 88' lang='lat' dir='ltr'>eiusdem:</span> 
     </span>
    </p>
   </div>
   <div class='ocr_carea' id='block_1_6' title="bbox 250 2167 1091 2346">
    <p class='ocr_par' dir='ltr' id='par_1_6' title="bbox 250 2167 1091 2346">
     <span class='ocr_line' id='line_1_15' title="bbox 251 2167 1091 2248; baseline 0 -18"><span class='ocrx_word' id='word_1_104' title='bbox 251 2167 365 2230; x_wconf 85' lang='lat' dir='ltr'>Osooii</span> <span class='ocrx_word' id='word_1_105' title='bbox 381 2183 481 2247; x_wconf 85' lang='lat' dir='ltr'>neque</span> <span class='ocrx_word' id='word_1_106' title='bbox 498 2169 581 2232; x_wconf 88' lang='lat' dir='ltr'>enim</span> <span class='ocrx_word' id='word_1_107' title='bbox 599 2170 698 2248; x_wconf 78' lang='lat' dir='ltr'>ignari</span> <span class='ocrx_word' id='word_1_108' title='bbox 714 2183 822 2232; x_wconf 87' lang='lat' dir='ltr'>sumus</span> <span class='ocrx_word' id='word_1_109' title='bbox 839 2173 908 2231; x_wconf 88' lang='lat' dir='ltr'>ante</span> <span class='ocrx_word' id='word_1_110' title='bbox 925 2169 1091 2231; x_wconf 88' lang='lat' dir='ltr'>malorum:</span> 
     </span>
     <span class='ocr_line' id='line_1_16' title="bbox 250 2261 1071 2346; baseline 0.001 -20"><span class='ocrx_word' id='word_1_111' title='bbox 250 2261 273 2326; x_wconf 90' lang='lat'>0</span> <span class='ocrx_word' id='word_1_112' title='bbox 291 2263 370 2341; x_wconf 87' lang='lat' dir='ltr'>passi</span> <span class='ocrx_word' id='word_1_113' title='bbox 388 2264 546 2343; x_wconf 82' lang='lat' dir='ltr'>graviora,</span> <span class='ocrx_word' id='word_1_114' title='bbox 565 2266 645 2330; x_wconf 89' lang='lat' dir='ltr'>dabit</span> <span class='ocrx_word' id='word_1_115' title='bbox 661 2268 742 2331; x_wconf 83' lang='lat' dir='ltr'>[teus</span> <span class='ocrx_word' id='word_1_116' title='bbox 758 2266 805 2330; x_wconf 92' lang='lat' dir='ltr'>his</span> <span class='ocrx_word' id='word_1_117' title='bbox 822 2282 946 2346; x_wconf 88' lang='lat' dir='ltr'>quoque</span> <span class='ocrx_word' id='word_1_118' title='bbox 963 2267 1071 2328; x_wconf 83' lang='lat' dir='ltr'>finem:</span> 
     </span>
    </p>
   </div>
   <div class='ocr_carea' id='block_1_7' title="bbox 93 2423 1275 3628">
    <p class='ocr_par' dir='ltr' id='par_1_7' title="bbox 93 2423 1275 3628">
     <span class='ocr_line' id='line_1_17' title="bbox 95 2423 1172 2519; baseline 0.004 -26"><span class='ocrx_word' id='word_1_119' title='bbox 95 2424 156 2511; x_wconf 89' lang='lat' dir='ltr'>ille,</span> <span class='ocrx_word' id='word_1_120' title='bbox 180 2426 338 2517; x_wconf 87' lang='lat' dir='ltr'>inquam,</span> <span class='ocrx_word' id='word_1_121' title='bbox 361 2425 454 2496; x_wconf 86' lang='lat' dir='ltr'>Deus</span> <span class='ocrx_word' id='word_1_122' title='bbox 476 2428 536 2519; x_wconf 88' lang='lat' dir='ltr'>qui</span> <span class='ocrx_word' id='word_1_123' title='bbox 557 2425 634 2498; x_wconf 88' lang='lat' dir='ltr'>aliis</span> <span class='ocrx_word' id='word_1_124' title='bbox 656 2429 776 2498; x_wconf 91' lang='lat' dir='ltr'>multis</span> <span class='ocrx_word' id='word_1_125' title='bbox 797 2438 832 2499; x_wconf 92' lang='lat' dir='ltr'>et</span> <span class='ocrx_word' id='word_1_126' title='bbox 852 2426 961 2498; x_wconf 90' lang='lat' dir='ltr'>variis</span> <span class='ocrx_word' id='word_1_127' title='bbox 982 2423 1086 2497; x_wconf 90' lang='lat' dir='ltr'>finem</span> <span class='ocrx_word' id='word_1_128' title='bbox 1108 2423 1172 2497; x_wconf 90' lang='lat' dir='ltr'>de-</span> 
     </span>
     <span class='ocr_line' id='line_1_18' title="bbox 93 2547 1172 2642; baseline -0.001 -24"><span class='ocrx_word' id='word_1_129' title='bbox 93 2547 145 2620; x_wconf 91' lang='lat' dir='ltr'>dit.</span> <span class='ocrx_word' id='word_1_130' title='bbox 168 2550 275 2631; x_wconf 85' lang='lat' dir='ltr'>Cura,</span> <span class='ocrx_word' id='word_1_131' title='bbox 299 2547 458 2634; x_wconf 82' lang='lat' dir='ltr'>obsecro,</span> <span class='ocrx_word' id='word_1_132' title='bbox 482 2572 526 2621; x_wconf 91' lang='lat' dir='ltr'>ne</span> <span class='ocrx_word' id='word_1_133' title='bbox 548 2550 615 2622; x_wconf 89' lang='lat' dir='ltr'>tuis</span> <span class='ocrx_word' id='word_1_134' title='bbox 637 2559 674 2621; x_wconf 90' lang='lat' dir='ltr'>et</span> <span class='ocrx_word' id='word_1_135' title='bbox 692 2549 863 2622; x_wconf 90' lang='lat' dir='ltr'>bonorum</span> <span class='ocrx_word' id='word_1_136' title='bbox 881 2549 1036 2621; x_wconf 90' lang='lat' dir='ltr'>omnium</span> <span class='ocrx_word' id='word_1_137' title='bbox 1058 2547 1172 2642; x_wconf 91' lang='lat' dir='ltr'>publi-</span> 
     </span>
     <span class='ocr_line' id='line_1_19' title="bbox 95 2671 1173 2767; baseline -0.002 -24"><span class='ocrx_word' id='word_1_138' title='bbox 95 2672 137 2744; x_wconf 82' lang='lat' dir='ltr'>cis</span> <span class='ocrx_word' id='word_1_139' title='bbox 155 2671 320 2744; x_wconf 73' lang='lat' dir='ltr'>hostibus</span> <span class='ocrx_word' id='word_1_140' title='bbox 340 2680 512 2767; x_wconf 82' lang='lat' dir='ltr'>captatam</span> <span class='ocrx_word' id='word_1_141' title='bbox 533 2696 581 2745; x_wconf 81' lang='lat' dir='ltr'>ex</span> <span class='ocrx_word' id='word_1_142' title='bbox 603 2683 636 2745; x_wconf 87' lang='lat' dir='ltr'>te</span> <span class='ocrx_word' id='word_1_143' title='bbox 662 2673 840 2765; x_wconf 79' lang='lat' dir='ltr'>gaudendi</span> <span class='ocrx_word' id='word_1_144' title='bbox 870 2671 1031 2766; x_wconf 88' lang='lat' dir='ltr'>praebeas</span> <span class='ocrx_word' id='word_1_145' title='bbox 1062 2680 1173 2743; x_wconf 87' lang='lat' dir='ltr'>mate·</span> 
     </span>
     <span class='ocr_line' id='line_1_20' title="bbox 95 2795 1172 2889; baseline 0.002 -22"><span class='ocrx_word' id='word_1_146' title='bbox 95 2799 190 2883; x_wconf 86' lang='lat' dir='ltr'>riam,</span> <span class='ocrx_word' id='word_1_147' title='bbox 213 2819 305 2869; x_wconf 91' lang='lat' dir='ltr'>neve</span> <span class='ocrx_word' id='word_1_148' title='bbox 326 2797 394 2869; x_wconf 92' lang='lat' dir='ltr'>illis</span> <span class='ocrx_word' id='word_1_149' title='bbox 417 2820 568 2870; x_wconf 81' lang='lat' dir='ltr'>vacuum</span> <span class='ocrx_word' id='word_1_150' title='bbox 583 2798 697 2869; x_wconf 86' lang='lat' dir='ltr'>locum</span> <span class='ocrx_word' id='word_1_151' title='bbox 713 2797 884 2888; x_wconf 76' lang='lat' dir='ltr'>linquens</span> <span class='ocrx_word' id='word_1_152' title='bbox 905 2796 1051 2889; x_wconf 86' lang='lat' dir='ltr'>patriam</span> <span class='ocrx_word' id='word_1_153' title='bbox 1070 2795 1172 2869; x_wconf 87' lang='lat' dir='ltr'>dese-</span> 
     </span>
     <span class='ocr_line' id='line_1_21' title="bbox 95 2917 1169 3014; baseline -0.002 -25"><span class='ocrx_word' id='word_1_154' title='bbox 95 2921 232 2992; x_wconf 88' lang='lat' dir='ltr'>rendam</span> <span class='ocrx_word' id='word_1_155' title='bbox 254 2932 366 3014; x_wconf 78' lang='lat' dir='ltr'>putes</span> <span class='ocrx_word' id='word_1_156' title='bbox 384 2919 460 2991; x_wconf 91' lang='lat' dir='ltr'>Non</span> <span class='ocrx_word' id='word_1_157' title='bbox 485 2930 540 2992; x_wconf 88' lang='lat' dir='ltr'>est</span> <span class='ocrx_word' id='word_1_158' title='bbox 566 2918 655 2992; x_wconf 90' lang='lat' dir='ltr'>firmi</span> <span class='ocrx_word' id='word_1_159' title='bbox 683 2917 790 2990; x_wconf 89' lang='lat' dir='ltr'>animi</span> <span class='ocrx_word' id='word_1_160' title='bbox 816 2919 849 2987; x_wconf 92' lang='lat' dir='ltr'>in</span> <span class='ocrx_word' id='word_1_161' title='bbox 876 2917 986 2990; x_wconf 89' lang='lat' dir='ltr'>solido</span> <span class='ocrx_word' id='word_1_162' title='bbox 1012 2918 1169 3003; x_wconf 85' lang='lat' dir='ltr'>fundati,</span> 
     </span>
     <span class='ocr_line' id='line_1_22' title="bbox 94 3038 1171 3135; baseline -0.003 -23"><span class='ocrx_word' id='word_1_163' title='bbox 94 3044 175 3116; x_wconf 92' lang='lat' dir='ltr'>levis</span> <span class='ocrx_word' id='word_1_164' title='bbox 197 3065 296 3116; x_wconf 67' lang='lat' dir='ltr'>auree</span> <span class='ocrx_word' id='word_1_165' title='bbox 317 3042 457 3115; x_wconf 83' lang='lat' dir='ltr'>[latibus</span> <span class='ocrx_word' id='word_1_166' title='bbox 492 3043 626 3135; x_wconf 82' lang='lat' dir='ltr'>agitari.</span> <span class='ocrx_word' id='word_1_167' title='bbox 649 3041 824 3114; x_wconf 86' lang='lat' dir='ltr'>Cannensi</span> <span class='ocrx_word' id='word_1_168' title='bbox 856 3039 955 3113; x_wconf 88' lang='lat' dir='ltr'>clade</span> <span class='ocrx_word' id='word_1_169' title='bbox 983 3038 1171 3113; x_wconf 87' lang='lat' dir='ltr'>debilitatis</span> 
     </span>
     <span class='ocr_line' id='line_1_23' title="bbox 95 3163 1173 3250; baseline -0.003 -13"><span class='ocrx_word' id='word_1_170' title='bbox 95 3168 223 3250; x_wconf 87' lang='lat' dir='ltr'>animis,</span> <span class='ocrx_word' id='word_1_171' title='bbox 240 3177 381 3241; x_wconf 88' lang='lat' dir='ltr'>auctore</span> <span class='ocrx_word' id='word_1_172' title='bbox 397 3167 535 3238; x_wconf 84' lang='lat' dir='ltr'>Caeoilio</span> <span class='ocrx_word' id='word_1_173' title='bbox 549 3167 696 3250; x_wconf 88' lang='lat' dir='ltr'>lletello,</span> <span class='ocrx_word' id='word_1_174' title='bbox 715 3163 899 3236; x_wconf 88' lang='lat' dir='ltr'>eonsilium</span> <span class='ocrx_word' id='word_1_175' title='bbox 919 3163 1040 3235; x_wconf 87' lang='lat' dir='ltr'>initum</span> <span class='ocrx_word' id='word_1_176' title='bbox 1060 3166 1173 3235; x_wconf 88' lang='lat' dir='ltr'>luerat</span> 
     </span>
     <span class='ocr_line' id='line_1_24' title="bbox 94 3283 1171 3383; baseline -0.003 -26"><span class='ocrx_word' id='word_1_177' title='bbox 94 3290 195 3362; x_wconf 87' lang='lat' dir='ltr'>ltaliae</span> <span class='ocrx_word' id='word_1_178' title='bbox 213 3291 465 3383; x_wconf 85' lang='lat' dir='ltr'>relinquendae.</span> <span class='ocrx_word' id='word_1_179' title='bbox 493 3289 533 3361; x_wconf 95' lang='lat' dir='ltr'>ld</span> <span class='ocrx_word' id='word_1_180' title='bbox 559 3286 711 3359; x_wconf 83' lang='lat' dir='ltr'>Africani</span> <span class='ocrx_word' id='word_1_181' title='bbox 739 3296 820 3358; x_wconf 89' lang='lat' dir='ltr'>tuno</span> <span class='ocrx_word' id='word_1_182' title='bbox 846 3283 1075 3357; x_wconf 85' lang='lat' dir='ltr'>adolescentis</span> <span class='ocrx_word' id='word_1_183' title='bbox 1097 3285 1171 3355; x_wconf 91' lang='lat' dir='ltr'>vir-</span> 
     </span>
     <span class='ocr_line' id='line_1_25' title="bbox 94 3408 1275 3506; baseline -0.008 -25"><span class='ocrx_word' id='word_1_184' title='bbox 94 3421 159 3485; x_wconf 90' lang='lat' dir='ltr'>tute</span> <span class='ocrx_word' id='word_1_185' title='bbox 176 3413 385 3486; x_wconf 86' lang='lat' dir='ltr'>discussum</span> <span class='ocrx_word' id='word_1_186' title='bbox 418 3424 487 3496; x_wconf 86' lang='lat' dir='ltr'>est,</span> <span class='ocrx_word' id='word_1_187' title='bbox 522 3411 583 3505; x_wconf 92' lang='lat' dir='ltr'>qui</span> <span class='ocrx_word' id='word_1_188' title='bbox 617 3410 736 3481; x_wconf 82' lang='lat' dir='ltr'>stricto</span> <span class='ocrx_word' id='word_1_189' title='bbox 769 3408 885 3500; x_wconf 82' lang='lat' dir='ltr'>gladio</span> <span class='ocrx_word' id='word_1_190' title='bbox 918 3429 1024 3500; x_wconf 90' lang='lat' dir='ltr'>super</span> <span class='ocrx_word' id='word_1_191' title='bbox 1056 3410 1170 3498; x_wconf 83' lang='lat' dir='ltr'>capita</span> <span class='ocrx_word' id='word_1_192' title='bbox 1272 3502 1275 3506; x_wconf 12' lang='grc' dir='ltr'>ι</span> 
     </span>
     <span class='ocr_line' id='line_1_26' title="bbox 94 3530 1171 3628; baseline -0.006 -24"><span class='ocrx_word' id='word_1_193' title='bbox 94 3538 358 3628; x_wconf 77' lang='lat' dir='ltr'>consultantium</span> <span class='ocrx_word' id='word_1_194' title='bbox 393 3533 617 3607; x_wconf 88' lang='lat' dir='ltr'>iureiurando</span> <span class='ocrx_word' id='word_1_195' title='bbox 649 3530 829 3616; x_wconf 79' lang='lat' dir='ltr'>astrinxit,</span> <span class='ocrx_word' id='word_1_196' title='bbox 861 3551 922 3602; x_wconf 89' lang='lat' dir='ltr'>eos</span> <span class='ocrx_word' id='word_1_197' title='bbox 959 3549 1073 3621; x_wconf 88' lang='lat' dir='ltr'>neque</span> <span class='ocrx_word' id='word_1_198' title='bbox 1109 3549 1171 3620; x_wconf 92' lang='lat' dir='ltr'>pa·</span> 
     </span>
    </p>
   </div>
   <div class='ocr_carea' id='block_1_8' title="bbox 95 3647 1170 3871">
    <p class='ocr_par' dir='ltr' id='par_1_8' title="bbox 95 3647 1170 3871">
     <span class='ocr_line' id='line_1_27' title="bbox 95 3647 1170 3751; baseline -0.009 -24"><span class='ocrx_word' id='word_1_199' title='bbox 95 3661 186 3730; x_wconf 91' lang='lat' dir='ltr'>triam</span> <span class='ocrx_word' id='word_1_200' title='bbox 218 3659 436 3744; x_wconf 89' lang='lat' dir='ltr'>deserturos,</span> <span class='ocrx_word' id='word_1_201' title='bbox 471 3677 584 3750; x_wconf 89' lang='lat' dir='ltr'>neque</span> <span class='ocrx_word' id='word_1_202' title='bbox 620 3673 789 3751; x_wconf 90' lang='lat' dir='ltr'>passuros</span> <span class='ocrx_word' id='word_1_203' title='bbox 821 3651 950 3724; x_wconf 90' lang='lat' dir='ltr'>deseri.</span> <span class='ocrx_word' id='word_1_204' title='bbox 984 3648 1085 3721; x_wconf 81' lang='lat' dir='ltr'>Ande</span> <span class='ocrx_word' id='word_1_205' title='bbox 1114 3647 1170 3718; x_wconf 90' lang='lat' dir='ltr'>vir</span> 
     </span>
     <span class='ocr_line' id='line_1_28' title="bbox 95 3764 1170 3871; baseline -0.009 -27"><span class='ocrx_word' id='word_1_206' title='bbox 95 3772 123 3844; x_wconf 92' lang='lat' dir='ltr'>in</span> <span class='ocrx_word' id='word_1_207' title='bbox 145 3777 260 3871; x_wconf 88' lang='lat' dir='ltr'>primo</span> <span class='ocrx_word' id='word_1_208' title='bbox 286 3779 434 3847; x_wconf 82' lang='lat' dir='ltr'>fortunae</span> <span class='ocrx_word' id='word_1_209' title='bbox 464 3794 658 3857; x_wconf 90' lang='lat' dir='ltr'>murmure,</span> <span class='ocrx_word' id='word_1_210' title='bbox 687 3768 783 3864; x_wconf 93' lang='lat' dir='ltr'>quod</span> <span class='ocrx_word' id='word_1_211' title='bbox 810 3768 1017 3840; x_wconf 84' lang='lat' dir='ltr'>adolescens</span> <span class='ocrx_word' id='word_1_212' title='bbox 1045 3764 1079 3833; x_wconf 90' lang='lat' dir='ltr'>in</span> <span class='ocrx_word' id='word_1_213' title='bbox 1105 3786 1170 3836; x_wconf 89' lang='lat' dir='ltr'>ex-</span> 
     </span>
    </p>
   </div>
   <div class='ocr_carea' id='block_1_9' title="bbox 95 3886 1170 4110">
    <p class='ocr_par' dir='ltr' id='par_1_9' title="bbox 95 3886 1170 4110">
     <span class='ocr_line' id='line_1_29' title="bbox 95 3886 1170 3983; baseline -0.008 -17"><span class='ocrx_word' id='word_1_214' title='bbox 95 3905 197 3973; x_wconf 88' lang='lat' dir='ltr'>tremo</span> <span class='ocrx_word' id='word_1_215' title='bbox 215 3901 293 3973; x_wconf 89' lang='lat' dir='ltr'>eins</span> <span class='ocrx_word' id='word_1_216' title='bbox 317 3903 462 3971; x_wconf 86' lang='lat' dir='ltr'>vulnere</span> <span class='ocrx_word' id='word_1_217' title='bbox 490 3909 545 3970; x_wconf 90' lang='lat' dir='ltr'>est</span> <span class='ocrx_word' id='word_1_218' title='bbox 564 3916 685 3968; x_wconf 90' lang='lat' dir='ltr'>ausus.</span> <span class='ocrx_word' id='word_1_219' title='bbox 708 3893 809 3965; x_wconf 84' lang='lat' dir='ltr'>Ande</span> <span class='ocrx_word' id='word_1_220' title='bbox 831 3892 865 3961; x_wconf 94' lang='lat' dir='ltr'>in</span> <span class='ocrx_word' id='word_1_221' title='bbox 890 3900 924 3962; x_wconf 91' lang='lat' dir='ltr'>te</span> <span class='ocrx_word' id='word_1_222' title='bbox 938 3890 1051 3983; x_wconf 87' lang='lat' dir='ltr'>ipsum</span> <span class='ocrx_word' id='word_1_223' title='bbox 1074 3886 1170 3979; x_wconf 88' lang='lat' dir='ltr'>quod</span> 
     </span>
     <span class='ocr_line' id='line_1_30' title="bbox 96 4013 1170 4110; baseline -0.007 -21"><span class='ocrx_word' id='word_1_224' title='bbox 96 4021 142 4096; x_wconf 87' lang='lat' dir='ltr'>ille</span> <span class='ocrx_word' id='word_1_225' title='bbox 174 4026 211 4094; x_wconf 93' lang='lat' dir='ltr'>in</span> <span class='ocrx_word' id='word_1_226' title='bbox 246 4025 347 4096; x_wconf 89' lang='lat' dir='ltr'>alios:</span> <span class='ocrx_word' id='word_1_227' title='bbox 382 4021 472 4095; x_wconf 87' lang='lat' dir='ltr'>aude</span> <span class='ocrx_word' id='word_1_228' title='bbox 506 4020 541 4090; x_wconf 93' lang='lat' dir='ltr'>in</span> <span class='ocrx_word' id='word_1_229' title='bbox 571 4037 691 4103; x_wconf 87' lang='lat' dir='ltr'>unum,</span> <span class='ocrx_word' id='word_1_230' title='bbox 718 4015 814 4110; x_wconf 91' lang='lat' dir='ltr'>quod</span> <span class='ocrx_word' id='word_1_231' title='bbox 847 4016 904 4084; x_wconf 89' lang='lat' dir='ltr'>ille</span> <span class='ocrx_word' id='word_1_232' title='bbox 931 4013 964 4081; x_wconf 91' lang='lat' dir='ltr'>in</span> <span class='ocrx_word' id='word_1_233' title='bbox 999 4013 1170 4108; x_wconf 88' lang='lat' dir='ltr'>plurimos</span> 
     </span>
    </p>
   </div>
   <div class='ocr_carea' id='block_1_10' title="bbox 96 4136 1170 4320">
    <p class='ocr_par' dir='ltr' id='par_1_10' title="bbox 96 4136 1170 4320">
     <span class='ocr_line' id='line_1_31' title="bbox 96 4136 1170 4229; baseline -0.009 -15"><span class='ocrx_word' id='word_1_234' title='bbox 96 4165 195 4220; x_wconf 85' lang='lat' dir='ltr'>ausus</span> <span class='ocrx_word' id='word_1_235' title='bbox 235 4158 301 4219; x_wconf 83' lang='lat' dir='ltr'>est.</span> <span class='ocrx_word' id='word_1_236' title='bbox 346 4141 585 4218; x_wconf 87' lang='lat' dir='ltr'>Consternatis</span> <span class='ocrx_word' id='word_1_237' title='bbox 627 4138 808 4214; x_wconf 83' lang='lat' dir='ltr'>affectibus</span> <span class='ocrx_word' id='word_1_238' title='bbox 834 4136 988 4229; x_wconf 79' lang='lat' dir='ltr'>gladium</span> <span class='ocrx_word' id='word_1_239' title='bbox 1023 4136 1170 4209; x_wconf 86' lang='lat' dir='ltr'>rationis</span> 
     </span>
     <span class='ocr_line' id='line_1_32' title="bbox 211 4257 1016 4320; baseline -0.015 -1"><span class='ocrx_word' id='word_1_240' title='bbox 211 4279 247 4320; x_wconf 92' lang='grc' dir='ltr'>ιιι.</span> <span class='ocrx_word' id='word_1_241' title='bbox 999 4257 1016 4307; x_wconf 88' lang='lat' dir='ltr'>o</span> 
     </span>
    </p>
   </div>
   <div class='ocr_carea' id='block_1_11' title="bbox 0 0 1370 4680">
    <p class='ocr_par' dir='ltr' id='par_1_11' title="bbox 0 0 1370 4680">
     <span class='ocr_line' id='line_1_33' title="bbox 0 0 1370 4680; baseline 0 0"><span class='ocrx_word' id='word_1_242' title='bbox 0 0 1370 4680; x_wconf 95' lang='lat' dir='ltr'> </span> 
     </span>
    </p>
   </div>
  </div>
 </body>
</html>
