2804 4656
306 317 398 368 LIBER
420 315 741 374 vlcllstlttlsottltltrUS.
755 317 957 368 -erlstotl
983 322 1001 368 l.
1138 305 1193 368 251

112 460 243 554 quibus
274 460 456 534 eliciebam
486 472 524 542 ,et
557 484 662 554 supra
693 471 833 534 aetatenr
864 461 1080 534 ruminabam
1104 482 1196 556 prae·

113 595 247 656 sentem
265 586 489 677 futurumque
507 584 597 657 illico
615 595 742 657 statum
765 607 891 656 meum.
911 584 1080 656 Notabam
1098 593 1194 658 certa

113 705 182 778 lide
207 729 277 778 non
298 707 485 779 verborum
508 707 669 800 phaleras
688 707 751 780 sed
768 729 825 780 res
839 710 949 800 ipsas,
968 707 1106 778 miserae
1128 711 1195 781 sci-

112 830 194 901 licet
225 830 309 901 vitae
341 831 445 901 huius
479 831 676 922 angustias,
712 830 935 916 brevitatem,
957 831 1192 911 velocitatem,

107 952 384 1036 festinationem,
419 956 567 1048 lapsum,
590 976 747 1039 cursuro,
774 956 948 1037 volatum,
970 955 1194 1046 occultasque

111 1075 280 1161 fallaciae,
304 1084 441 1169 tempus
468 1075 702 1171 irreparabile,
722 1077 892 1148 caducum
924 1087 959 1148 et
992 1073 1194 1146 mutabilem

112 1198 196 1268 vitae
216 1200 350 1281 liorem,
370 1200 465 1272 rosei
482 1201 554 1272 oris
574 1199 708 1271 lluxum
726 1198 847 1283 decus,
861 1198 1056 1270 irraditurae
1071 1200 1195 1270 iuren-

113 1319 197 1390 tutis
220 1315 397 1392 e'ffraenam
434 1324 567 1413 sogam,
602 1334 638 1393 et
669 1323 784 1394 tacitae
815 1319 1015 1414 obrepentis
1045 1318 1194 1390 insidias

113 1443 314 1526 senectutis,
333 1442 377 1514 ad
398 1454 596 1516 extremum
617 1466 725 1536 rogas
745 1457 782 1516 ct
801 1443 944 1515 morbos
965 1450 1002 1513 et
1022 1441 1195 1513 tristitiam

112 1573 150 1636 et
168 1565 322 1636 laborem
344 1574 380 1636 et
400 1566 578 1640 indomitae
605 1568 727 1639 mortis
754 1565 1009 1637 inclementiam
1033 1565 1195 1657 implaca-

112 1685 287 1780 bilemque
306 1688 480 1760 duritiem.
502 1690 590 1774 Quae
610 1712 688 1761 cum
711 1688 841 1760 scholae
865 1697 969 1780 atque
994 1687 1063 1757 aevi
1088 1686 1195 1758 comi·

79 1876 83 1884 .
113 1807 208 1882 tibus
227 1811 387 1904 quaedam
405 1811 507 1904 quasi
528 1812 663 1882 somnia
679 1811 902 1903 viderentur,
922 1809 1005 1880 mibi
1019 1809 1086 1882 iam
1102 1819 1191 1893 tunc,

112 1935 229 2005 omnia
262 1935 438 2008 videntem
473 1945 581 2008 testor
613 1935 733 2018 Deum,
761 1944 797 2005 et
821 1955 908 2005 vera
936 1945 972 2005 et
990 1954 1078 2026 pene
1102 1952 1194 2027 prae-

73 2093 75 2096 >
114 2059 225 2129 sentia
257 2057 476 2130 ridebantur.
505 2061 549 2132 Et
575 2079 638 2129 scu
665 2056 722 2129 ille
749 2057 820 2129 oris
846 2079 954 2129 verus
982 2056 1102 2139 decor,
1128 2077 1193 2127 seu

112 2201 211 2253 error
239 2192 337 2255 esset
367 2181 482 2254 aetatis
517 2182 642 2277 (terme
673 2179 765 2252 enim
798 2201 918 2251 omnes
951 2179 1192 2251 adolescentes

112 2303 180 2374 sibi
209 2305 451 2377 formosissimi
484 2303 663 2389 videntur,
699 2304 764 2376 etsi
786 2303 963 2375 deformes
983 2300 1083 2395 sint),
1108 2301 1192 2371 mibi

114 2446 182 2497 non
205 2427 303 2501 alteri
332 2427 465 2499 dictum
485 2427 603 2513 rebar,
626 2426 787 2519 quotiens
810 2425 1002 2518 pastorium
1024 2423 1109 2496 illud
1135 2425 1192 2494 vel

114 2550 265 2638 legerem
289 2553 345 2621 vel
366 2550 543 2623 audirem:

90 2807 99 2817 ,
174 2726 176 2732 ’
272 2741 295 2804 0
314 2742 448 2805 formose
464 2759 558 2822 puer,
575 2743 708 2829 nimium
725 2758 762 2804 ne
780 2741 869 2804 crede
887 2742 990 2803 colori.

112 2919 190 2990 Scio
211 2939 277 3007 ego
303 2939 358 2989 me
381 2939 505 2988 verum
531 2918 636 3010 loqui.
671 2917 742 2988 Scit
772 2926 808 2987 et
838 2919 895 2989 ille
919 2920 1060 3003 mellae,
1083 2939 1188 3011 quem

111 3047 237 3110 testem
263 3036 343 3108 ieci:
377 3058 447 3129 quo
484 3039 596 3129 magis
627 3037 664 3110 id
683 3045 850 3130 reputans
880 3038 1002 3109 miror·
1018 3060 1074 3111 me
1100 3043 1190 3112 tales

112 3166 200 3234 inter
225 3182 329 3232 curas
355 3160 565 3232 iuvenilibus
594 3172 711 3232 tamen
742 3159 919 3233 amoribus
947 3173 984 3233 et
1011 3163 1191 3267 erroribus

112 3285 267 3378 potuisse
290 3282 431 3378 raptari.
465 3284 604 3355 Sentio:
640 3285 756 3356 lomus
785 3306 900 3356 rerum
932 3285 1112 3359 hebetavit
1137 3286 1191 3358 vi-

112 3429 204 3493 sum,
231 3417 266 3480 et
289 3415 377 3479 aetas
400 3405 624 3498 impetuosior
643 3408 816 3500 praevium
836 3408 922 3480 illud
941 3408 1046 3480 animi
1070 3411 1187 3479 lumen

111 3521 292 3608 extinxit*
319 3533 387 3605 Sed
408 3532 496 3604 bene
516 3531 632 3617 habet,
658 3532 688 3604 si
712 3535 770 3604 vel
793 3554 887 3604 nnnc
913 3532 1034 3604 videre
1059 3531 1189 3625 aliquid

112 3658 257 3751 incipio:
293 3656 514 3729 felicissimus
548 3657 688 3751 quidem
721 3669 776 3729 est
804 3677 909 3749 quem
943 3657 1061 3728 nullus
1090 3675 1189 3727 error

170 3920 172 3923 ’
204 3920 211 3948 ¹
229 3919 336 3970 Primam
351 3920 417 3970 banc
434 3919 490 3969 libri
503 3917 726 3983 lllllV.cpistolam
736 3916 1029 3980 unusedldttcrispinos
1042 3915 1185 3982 (turudum,

113 3999 181 4060 leot,
194 4015 220 4066 p.
229 3999 299 4065 469),
309 4000 353 4051 sed
365 4000 432 4049 illam
445 3999 543 4050 rerbts:
558 3999 642 4051 tumeo
653 3999 799 4059 extinxerit,
813 3999 946 4050 subiuncto
958 3999 1026 4058 Vale,
1037 3998 1186 4051 terminavit.

110 4081 196 4133 Ouinia
212 4096 267 4146 quae
282 4089 421 4147 sequuntur
436 4083 521 4147 ibique
536 4082 636 4145 penitus
651 4082 841 4142 desiderantur,
859 4094 890 4131 en
907 4080 994 4132 codice
1012 4080 1187 4134 Passiooeiano

111 4163 251 4216 bibliotecae
265 4163 370 4215 Urbane
383 4165 508 4228 bragellrae
521 4162 558 4227 (ll.
577 4165 598 4214 l.
614 4163 653 4226 lt)
664 4164 772 4217 fideliter
783 4161 963 4225 decerpsimus.
