<?xml version="1.0" encoding="UTF-8"?>
<!DOCTYPE html PUBLIC "-//W3C//DTD XHTML 1.0 Transitional//EN"
    "http://www.w3.org/TR/xhtml1/DTD/xhtml1-transitional.dtd">
<html xmlns="http://www.w3.org/1999/xhtml" xml:lang="en" lang="en">
 <head>
  <title>
</title>
<meta http-equiv="Content-Type" content="text/html;charset=utf-8" />
  <meta name='ocr-system' content='tesseract 3.04.00' />
  <meta name='ocr-capabilities' content='ocr_page ocr_carea ocr_par ocr_line ocrx_word'/>
</head>
<body>
  <div class='ocr_page' id='page_1' title='image "./franciscipetrar00fracgoog_0389.png"; bbox 0 0 2934 4650; ppageno 0'>
   <div class='ocr_carea' id='block_1_1' title="bbox 153 293 770 358">
    <p class='ocr_par' dir='ltr' id='par_1_1' title="bbox 153 293 770 358">
     <span class='ocr_line' id='line_1_1' title="bbox 153 293 770 358; baseline 0.008 -6"><span class='ocrx_word' id='word_1_1' title='bbox 153 293 209 353; x_wconf 77' lang='lat' dir='ltr'>:tta</span> <span class='ocrx_word' id='word_1_2' title='bbox 610 309 770 358; x_wconf 76' lang='lat' dir='ltr'>vantsumu</span> 
     </span>
    </p>
   </div>
   <div class='ocr_carea' id='block_1_2' title="bbox 151 449 1257 2391">
    <p class='ocr_par' dir='ltr' id='par_1_2' title="bbox 151 449 1257 2391">
     <span class='ocr_line' id='line_1_2' title="bbox 153 449 1236 544; baseline 0.007 -22"><span class='ocrx_word' id='word_1_3' title='bbox 153 473 221 522; x_wconf 90' lang='lat' dir='ltr'>una</span> <span class='ocrx_word' id='word_1_4' title='bbox 252 451 328 523; x_wconf 88' lang='lat' dir='ltr'>acie</span> <span class='ocrx_word' id='word_1_5' title='bbox 361 449 565 524; x_wconf 70' lang='lat' dir='ltr'>cecidisset:</span> <span class='ocrx_word' id='word_1_6' title='bbox 598 453 698 525; x_wconf 90' lang='lat' dir='ltr'>cuius</span> <span class='ocrx_word' id='word_1_7' title='bbox 723 453 810 544; x_wconf 82' lang='lat' dir='ltr'>legis</span> <span class='ocrx_word' id='word_1_8' title='bbox 832 454 942 524; x_wconf 88' lang='lat' dir='ltr'>causa</span> <span class='ocrx_word' id='word_1_9' title='bbox 967 454 1031 527; x_wconf 87' lang='lat' dir='ltr'>fuit</span> <span class='ocrx_word' id='word_1_10' title='bbox 1056 477 1100 527; x_wconf 93' lang='lat' dir='ltr'>ne</span> <span class='ocrx_word' id='word_1_11' title='bbox 1132 479 1236 530; x_wconf 89' lang='lat' dir='ltr'>more</span> 
     </span>
     <span class='ocr_line' id='line_1_3' title="bbox 151 577 1235 670; baseline 0.006 -24"><span class='ocrx_word' id='word_1_12' title='bbox 151 577 282 669; x_wconf 84' lang='lat' dir='ltr'>ingenii</span> <span class='ocrx_word' id='word_1_13' title='bbox 304 578 447 649; x_wconf 89' lang='lat' dir='ltr'>humani</span> <span class='ocrx_word' id='word_1_14' title='bbox 466 577 512 649; x_wconf 91' lang='lat' dir='ltr'>ad</span> <span class='ocrx_word' id='word_1_15' title='bbox 532 577 678 669; x_wconf 79' lang='lat' dir='ltr'>gloriam</span> <span class='ocrx_word' id='word_1_16' title='bbox 700 597 794 670; x_wconf 89' lang='lat' dir='ltr'>saepe</span> <span class='ocrx_word' id='word_1_17' title='bbox 815 599 882 648; x_wconf 92' lang='lat' dir='ltr'>non</span> <span class='ocrx_word' id='word_1_18' title='bbox 904 578 1008 651; x_wconf 87' lang='lat' dir='ltr'>rectis</span> <span class='ocrx_word' id='word_1_19' title='bbox 1030 579 1235 653; x_wconf 84' lang='lat' dir='ltr'><strong>tramitibus</strong></span> 
     </span>
     <span class='ocr_line' id='line_1_4' title="bbox 151 698 1234 795; baseline 0.003 -24"><span class='ocrx_word' id='word_1_20' title='bbox 151 698 358 792; x_wconf 76' lang='lat' dir='ltr'>aspirantis,</span> <span class='ocrx_word' id='word_1_21' title='bbox 381 700 427 772; x_wconf 93' lang='lat' dir='ltr'>ob</span> <span class='ocrx_word' id='word_1_22' title='bbox 444 698 609 793; x_wconf 75' lang='lat' dir='ltr'>quaelibet</span> <span class='ocrx_word' id='word_1_23' title='bbox 634 701 724 772; x_wconf 90' lang='lat' dir='ltr'>levia</span> <span class='ocrx_word' id='word_1_24' title='bbox 744 699 867 794; x_wconf 89' lang='lat' dir='ltr'>praelia</span> <span class='ocrx_word' id='word_1_25' title='bbox 885 701 1080 775; x_wconf 89' lang='lat' dir='ltr'>immaturae</span> <span class='ocrx_word' id='word_1_26' title='bbox 1104 725 1234 795; x_wconf 89' lang='lat' dir='ltr'>quem-</span> 
     </span>
     <span class='ocr_line' id='line_1_5' title="bbox 151 822 1232 923; baseline 0.004 -29"><span class='ocrx_word' id='word_1_27' title='bbox 151 844 255 915; x_wconf 90' lang='lat' dir='ltr'>quam</span> <span class='ocrx_word' id='word_1_28' title='bbox 277 824 407 895; x_wconf 85' lang='lat' dir='ltr'>laureae</span> <span class='ocrx_word' id='word_1_29' title='bbox 424 822 595 915; x_wconf 76' lang='lat' dir='ltr'>cupiditas</span> <span class='ocrx_word' id='word_1_30' title='bbox 611 823 657 895; x_wconf 91' lang='lat' dir='ltr'>ad</span> <span class='ocrx_word' id='word_1_31' title='bbox 674 824 839 919; x_wconf 90' lang='lat' dir='ltr'>triumphi</span> <span class='ocrx_word' id='word_1_32' title='bbox 857 836 953 917; x_wconf 85' lang='lat' dir='ltr'>spem</span> <span class='ocrx_word' id='word_1_33' title='bbox 972 825 1232 923; x_wconf 76' lang='lat' dir='ltr'>praecipitanter</span> 
     </span>
     <span class='ocr_line' id='line_1_6' title="bbox 152 945 1233 1040; baseline 0.005 -23"><span class='ocrx_word' id='word_1_34' title='bbox 152 949 337 1029; x_wconf 86' lang='lat' dir='ltr'>attolleret,</span> <span class='ocrx_word' id='word_1_35' title='bbox 353 967 443 1016; x_wconf 86' lang='lat' dir='ltr'>neve</span> <span class='ocrx_word' id='word_1_36' title='bbox 460 945 645 1039; x_wconf 88' lang='lat' dir='ltr'>aliquando</span> <span class='ocrx_word' id='word_1_37' title='bbox 664 945 776 1017; x_wconf 92' lang='lat' dir='ltr'>virtus</span> <span class='ocrx_word' id='word_1_38' title='bbox 793 947 924 1038; x_wconf 81' lang='lat' dir='ltr'>exigua</span> <span class='ocrx_word' id='word_1_39' title='bbox 940 948 1082 1040; x_wconf 85' lang='lat' dir='ltr'>indigno</span> <span class='ocrx_word' id='word_1_40' title='bbox 1099 949 1233 1022; x_wconf 90' lang='lat' dir='ltr'>donata</span> 
     </span>
     <span class='ocr_line' id='line_1_7' title="bbox 152 1055 1229 1165; baseline 0.001 -24"><span class='ocrx_word' id='word_1_41' title='bbox 152 1071 311 1163; x_wconf 81' lang='lat' dir='ltr'>praemio,</span> <span class='ocrx_word' id='word_1_42' title='bbox 330 1079 365 1141; x_wconf 93' lang='lat' dir='ltr'>et</span> <span class='ocrx_word' id='word_1_43' title='bbox 380 1069 619 1161; x_wconf 85' lang='lat' dir='ltr'>indignatione</span> <span class='ocrx_word' id='word_1_44' title='bbox 636 1069 761 1160; x_wconf 81' lang='lat' dir='ltr'>dignos</span> <span class='ocrx_word' id='word_1_45' title='bbox 779 1071 996 1154; x_wconf 89' lang='lat' dir='ltr'>accenderet,</span> <span class='ocrx_word' id='word_1_46' title='bbox 1012 1084 1046 1143; x_wconf 94' lang='lat' dir='ltr'>et</span> <span class='ocrx_word' id='word_1_47' title='bbox 1058 1055 1229 1165; x_wconf 83' lang='lat' dir='ltr'>Populum</span> 
     </span>
     <span class='ocr_line' id='line_1_8' title="bbox 152 1191 1231 1296; baseline 0.002 -32"><span class='ocrx_word' id='word_1_48' title='bbox 152 1195 343 1271; x_wconf 84' lang='lat' dir='ltr'>Romanum</span> <span class='ocrx_word' id='word_1_49' title='bbox 363 1192 528 1287; x_wconf 89' lang='lat' dir='ltr'>impensis</span> <span class='ocrx_word' id='word_1_50' title='bbox 546 1191 846 1286; x_wconf 89' lang='lat' dir='ltr'>impertinentibus</span> <span class='ocrx_word' id='word_1_51' title='bbox 867 1203 1117 1296; x_wconf 83' lang='lat' dir='ltr'>praegravaret.</span> <span class='ocrx_word' id='word_1_52' title='bbox 1136 1193 1231 1277; x_wconf 87' lang='lat' dir='ltr'>Quid</span> 
     </span>
     <span class='ocr_line' id='line_1_9' title="bbox 152 1314 1229 1389; baseline 0.002 -3"><span class='ocrx_word' id='word_1_53' title='bbox 152 1339 244 1388; x_wconf 91' lang='lat' dir='ltr'>nunc</span> <span class='ocrx_word' id='word_1_54' title='bbox 263 1316 397 1388; x_wconf 75' lang='lat' dir='ltr'>dicam‘.l</span> <span class='ocrx_word' id='word_1_55' title='bbox 421 1314 584 1387; x_wconf 83' lang='lat' dir='ltr'>Adulatio</span> <span class='ocrx_word' id='word_1_56' title='bbox 604 1316 716 1387; x_wconf 91' lang='lat' dir='ltr'>omnis</span> <span class='ocrx_word' id='word_1_57' title='bbox 737 1316 883 1388; x_wconf 86' lang='lat' dir='ltr'>fortibus</span> <span class='ocrx_word' id='word_1_58' title='bbox 904 1317 991 1388; x_wconf 85' lang='lat' dir='ltr'>viris</span> <span class='ocrx_word' id='word_1_59' title='bbox 1012 1318 1124 1388; x_wconf 87' lang='lat' dir='ltr'>invisa</span> <span class='ocrx_word' id='word_1_60' title='bbox 1148 1326 1229 1389; x_wconf 89' lang='lat' dir='ltr'>est:</span> 
     </span>
     <span class='ocr_line' id='line_1_10' title="bbox 152 1437 1232 1524; baseline 0.001 -15"><span class='ocrx_word' id='word_1_61' title='bbox 152 1440 216 1512; x_wconf 91' lang='lat' dir='ltr'>sed</span> <span class='ocrx_word' id='word_1_62' title='bbox 236 1438 453 1511; x_wconf 88' lang='lat' dir='ltr'>reddendum</span> <span class='ocrx_word' id='word_1_63' title='bbox 471 1459 555 1508; x_wconf 90' lang='lat' dir='ltr'>vero</span> <span class='ocrx_word' id='word_1_64' title='bbox 577 1437 822 1510; x_wconf 88' lang='lat' dir='ltr'>testimonium.</span> <span class='ocrx_word' id='word_1_65' title='bbox 845 1438 891 1512; x_wconf 81' lang='lat' dir='ltr'>At</span> <span class='ocrx_word' id='word_1_66' title='bbox 910 1448 986 1511; x_wconf 81' lang='lat' dir='ltr'>uon·</span> <span class='ocrx_word' id='word_1_67' title='bbox 1000 1439 1111 1524; x_wconf 88' lang='lat' dir='ltr'>aliter,</span> <span class='ocrx_word' id='word_1_68' title='bbox 1134 1440 1232 1512; x_wconf 88' lang='lat' dir='ltr'>dicat</span> 
     </span>
     <span class='ocr_line' id='line_1_11' title="bbox 152 1559 1229 1656; baseline 0 -24"><span class='ocrx_word' id='word_1_69' title='bbox 152 1560 297 1654; x_wconf 89' lang='lat' dir='ltr'>aliquis,</span> <span class='ocrx_word' id='word_1_70' title='bbox 320 1559 386 1630; x_wconf 91' lang='lat' dir='ltr'>nisi</span> <span class='ocrx_word' id='word_1_71' title='bbox 412 1560 495 1631; x_wconf 91' lang='lat' dir='ltr'>dum</span> <span class='ocrx_word' id='word_1_72' title='bbox 522 1561 622 1630; x_wconf 89' lang='lat' dir='ltr'>alteri</span> <span class='ocrx_word' id='word_1_73' title='bbox 649 1560 802 1641; x_wconf 89' lang='lat' dir='ltr'>scribas;</span> <span class='ocrx_word' id='word_1_74' title='bbox 837 1562 932 1635; x_wconf 91' lang='lat' dir='ltr'>illum</span> <span class='ocrx_word' id='word_1_75' title='bbox 967 1561 1059 1633; x_wconf 91' lang='lat' dir='ltr'>enim</span> <span class='ocrx_word' id='word_1_76' title='bbox 1093 1561 1229 1656; x_wconf 90' lang='lat' dir='ltr'>ipsum,</span> 
     </span>
     <span class='ocr_line' id='line_1_12' title="bbox 152 1679 1229 1775; baseline -0.002 -21"><span class='ocrx_word' id='word_1_77' title='bbox 152 1704 256 1775; x_wconf 90' lang='lat' dir='ltr'>quem</span> <span class='ocrx_word' id='word_1_78' title='bbox 277 1681 482 1774; x_wconf 82' lang='lat' dir='ltr'>alloqueris,</span> <span class='ocrx_word' id='word_1_79' title='bbox 507 1679 649 1753; x_wconf 88' lang='lat' dir='ltr'>laudare</span> <span class='ocrx_word' id='word_1_80' title='bbox 676 1681 844 1753; x_wconf 89' lang='lat' dir='ltr'>muliebre</span> <span class='ocrx_word' id='word_1_81' title='bbox 864 1683 967 1753; x_wconf 86' lang='lat' dir='ltr'>nimis</span> <span class='ocrx_word' id='word_1_82' title='bbox 988 1705 1027 1755; x_wconf 92' lang='lat' dir='ltr'>ac</span> <span class='ocrx_word' id='word_1_83' title='bbox 1053 1693 1229 1769; x_wconf 91' lang='lat' dir='ltr'>tenerum,</span> 
     </span>
     <span class='ocr_line' id='line_1_13' title="bbox 151 1805 1232 1898; baseline 0.005 -25"><span class='ocrx_word' id='word_1_84' title='bbox 151 1805 289 1898; x_wconf 89' lang='lat' dir='ltr'>ipsique</span> <span class='ocrx_word' id='word_1_85' title='bbox 315 1825 559 1897; x_wconf 90' lang='lat' dir='ltr'>nonnunquam</span> <span class='ocrx_word' id='word_1_86' title='bbox 588 1807 643 1876; x_wconf 91' lang='lat' dir='ltr'>vel</span> <span class='ocrx_word' id='word_1_87' title='bbox 663 1805 817 1877; x_wconf 88' lang='lat' dir='ltr'>laudanti</span> <span class='ocrx_word' id='word_1_88' title='bbox 841 1805 1046 1877; x_wconf 82' lang='lat' dir='ltr'>damnosum</span> <span class='ocrx_word' id='word_1_89' title='bbox 1072 1807 1129 1876; x_wconf 81' lang='lat' dir='ltr'>vel</span> <span class='ocrx_word' id='word_1_90' title='bbox 1154 1808 1232 1877; x_wconf 91' lang='lat' dir='ltr'>lau-</span> 
     </span>
     <span class='ocr_line' id='line_1_14' title="bbox 152 1926 1230 2013; baseline -0.001 -14"><span class='ocrx_word' id='word_1_91' title='bbox 152 1927 243 2001; x_wconf 88' lang='lat' dir='ltr'>dato.</span> <span class='ocrx_word' id='word_1_92' title='bbox 265 1927 379 2000; x_wconf 87' lang='lat' dir='ltr'>Credo</span> <span class='ocrx_word' id='word_1_93' title='bbox 397 1928 427 1998; x_wconf 93' lang='lat' dir='ltr'>si</span> <span class='ocrx_word' id='word_1_94' title='bbox 445 1927 603 2000; x_wconf 87' lang='lat' dir='ltr'>adulator</span> <span class='ocrx_word' id='word_1_95' title='bbox 620 1927 755 2013; x_wconf 88' lang='lat' dir='ltr'>laudet,</span> <span class='ocrx_word' id='word_1_96' title='bbox 775 1939 835 1999; x_wconf 89' lang='lat' dir='ltr'>aut</span> <span class='ocrx_word' id='word_1_97' title='bbox 858 1928 887 1998; x_wconf 93' lang='lat' dir='ltr'>si</span> <span class='ocrx_word' id='word_1_98' title='bbox 907 1926 1069 2002; x_wconf 90' lang='lat' dir='ltr'>laudetur</span> <span class='ocrx_word' id='word_1_99' title='bbox 1088 1930 1230 2000; x_wconf 87' lang='lat' dir='ltr'>stultus.</span> 
     </span>
     <span class='ocr_line' id='line_1_15' title="bbox 151 2050 1232 2145; baseline -0.001 -22"><span class='ocrx_word' id='word_1_100' title='bbox 151 2053 244 2141; x_wconf 84' lang='lat' dir='ltr'>Inter</span> <span class='ocrx_word' id='word_1_101' title='bbox 264 2051 385 2143; x_wconf 84' lang='lat' dir='ltr'>doctos</span> <span class='ocrx_word' id='word_1_102' title='bbox 405 2057 520 2122; x_wconf 89' lang='lat' dir='ltr'>autem</span> <span class='ocrx_word' id='word_1_103' title='bbox 539 2071 580 2122; x_wconf 89' lang='lat' dir='ltr'>ac</span> <span class='ocrx_word' id='word_1_104' title='bbox 597 2050 786 2145; x_wconf 89' lang='lat' dir='ltr'>prudentes</span> <span class='ocrx_word' id='word_1_105' title='bbox 808 2052 917 2134; x_wconf 86' lang='lat' dir='ltr'>viros,</span> <span class='ocrx_word' id='word_1_106' title='bbox 937 2073 1023 2123; x_wconf 85' lang='lat' dir='ltr'>vcra</span> <span class='ocrx_word' id='word_1_107' title='bbox 1038 2053 1115 2122; x_wconf 89' lang='lat' dir='ltr'>laus</span> <span class='ocrx_word' id='word_1_108' title='bbox 1132 2072 1232 2122; x_wconf 84' lang='lat' dir='ltr'>verae</span> 
     </span>
     <span class='ocr_line' id='line_1_16' title="bbox 152 2173 1233 2266; baseline 0.001 -22"><span class='ocrx_word' id='word_1_109' title='bbox 152 2173 293 2245; x_wconf 86' lang='lat' dir='ltr'>virtutis</span> <span class='ocrx_word' id='word_1_110' title='bbox 312 2184 368 2245; x_wconf 90' lang='lat' dir='ltr'>est</span> <span class='ocrx_word' id='word_1_111' title='bbox 393 2173 565 2245; x_wconf 87' lang='lat' dir='ltr'>stimulus.</span> <span class='ocrx_word' id='word_1_112' title='bbox 588 2173 779 2246; x_wconf 89' lang='lat' dir='ltr'>lnardescit</span> <span class='ocrx_word' id='word_1_113' title='bbox 797 2175 858 2266; x_wconf 88' lang='lat' dir='ltr'>qui</span> <span class='ocrx_word' id='word_1_114' title='bbox 879 2175 1007 2259; x_wconf 89' lang='lat' dir='ltr'>laudat,</span> <span class='ocrx_word' id='word_1_115' title='bbox 1027 2173 1233 2246; x_wconf 90' lang='lat' dir='ltr'>accenditur</span> 
     </span>
     <span class='ocr_line' id='line_1_17' title="bbox 153 2290 1257 2391; baseline -0.002 -21"><span class='ocrx_word' id='word_1_116' title='bbox 153 2300 213 2391; x_wconf 90' lang='lat' dir='ltr'>qui</span> <span class='ocrx_word' id='word_1_117' title='bbox 233 2297 417 2370; x_wconf 90' lang='lat' dir='ltr'>laudatur:</span> <span class='ocrx_word' id='word_1_118' title='bbox 446 2319 560 2390; x_wconf 88' lang='lat' dir='ltr'>neque</span> <span class='ocrx_word' id='word_1_119' title='bbox 589 2296 783 2389; x_wconf 84' lang='lat' dir='ltr'>aliquando</span> <span class='ocrx_word' id='word_1_120' title='bbox 795 2290 1018 2371; x_wconf 89' lang='lat' dir='ltr'>metuendum</span> <span class='ocrx_word' id='word_1_121' title='bbox 1045 2307 1169 2369; x_wconf 88' lang='lat' dir='ltr'>estne</span> <span class='ocrx_word' id='word_1_122' title='bbox 1193 2296 1257 2368; x_wconf 83' lang='lat' dir='ltr'>in&#39;</span> 
     </span>
    </p>
   </div>
   <div class='ocr_carea' id='block_1_3' title="bbox 29 2418 1278 2521">
    <p class='ocr_par' dir='ltr' id='par_1_3' title="bbox 29 2418 1278 2521">
     <span class='ocr_line' id='line_1_18' title="bbox 29 2418 1278 2521; baseline -0.005 -26"><span class='ocrx_word' id='word_1_123' title='bbox 29 2514 33 2521; x_wconf 20' lang='lat'><strong>³</strong></span> <span class='ocrx_word' id='word_1_124' title='bbox 151 2424 287 2494; x_wconf 91' lang='lat' dir='ltr'>animos</span> <span class='ocrx_word' id='word_1_125' title='bbox 309 2421 498 2491; x_wconf 89' lang='lat' dir='ltr'>altissimos</span> <span class='ocrx_word' id='word_1_126' title='bbox 526 2434 739 2512; x_wconf 85' lang='lat' dir='ltr'>serenosque</span> <span class='ocrx_word' id='word_1_127' title='bbox 762 2429 978 2492; x_wconf 91' lang='lat' dir='ltr'>terrenarum</span> <span class='ocrx_word' id='word_1_128' title='bbox 1002 2418 1129 2491; x_wconf 90' lang='lat' dir='ltr'>nebula</span> <span class='ocrx_word' id='word_1_129' title='bbox 1155 2439 1232 2490; x_wconf 89' lang='lat' dir='ltr'>sor·</span> <span class='ocrx_word' id='word_1_130' title='bbox 1276 2512 1278 2516; x_wconf 12' lang='lat' dir='ltr'>v</span> 
     </span>
    </p>
   </div>
   <div class='ocr_carea' id='block_1_4' title="bbox 33 2542 1249 4241">
    <p class='ocr_par' dir='ltr' id='par_1_4' title="bbox 33 2542 1249 4241">
     <span class='ocr_line' id='line_1_19' title="bbox 151 2542 1232 2641; baseline -0.003 -20"><span class='ocrx_word' id='word_1_131' title='bbox 151 2549 248 2621; x_wconf 91' lang='lat' dir='ltr'>dium</span> <span class='ocrx_word' id='word_1_132' title='bbox 269 2545 380 2641; x_wconf 89' lang='lat' dir='ltr'>possit</span> <span class='ocrx_word' id='word_1_133' title='bbox 399 2544 577 2638; x_wconf 90' lang='lat' dir='ltr'>obrepere.</span> <span class='ocrx_word' id='word_1_134' title='bbox 601 2545 651 2615; x_wconf 89' lang='lat' dir='ltr'>De</span> <span class='ocrx_word' id='word_1_135' title='bbox 675 2565 745 2637; x_wconf 91' lang='lat' dir='ltr'>quo</span> <span class='ocrx_word' id='word_1_136' title='bbox 765 2542 847 2615; x_wconf 90' lang='lat' dir='ltr'>alibi</span> <span class='ocrx_word' id='word_1_137' title='bbox 870 2544 1037 2638; x_wconf 90' lang='lat' dir='ltr'>pluribus.</span> <span class='ocrx_word' id='word_1_138' title='bbox 1065 2545 1165 2616; x_wconf 88' lang='lat' dir='ltr'>Nune</span> <span class='ocrx_word' id='word_1_139' title='bbox 1184 2546 1232 2618; x_wconf 89' lang='lat' dir='ltr'>ad</span> 
     </span>
     <span class='ocr_line' id='line_1_20' title="bbox 151 2665 1231 2761; baseline -0.001 -21"><span class='ocrx_word' id='word_1_140' title='bbox 151 2682 196 2741; x_wconf 89' lang='lat' dir='ltr'>tc·</span> <span class='ocrx_word' id='word_1_141' title='bbox 207 2667 323 2740; x_wconf 88' lang='lat' dir='ltr'>redeo.</span> <span class='ocrx_word' id='word_1_142' title='bbox 349 2667 384 2737; x_wconf 94' lang='lat' dir='ltr'>Si</span> <span class='ocrx_word' id='word_1_143' title='bbox 405 2688 491 2758; x_wconf 81' lang='lat' dir='ltr'>ergo</span> <span class='ocrx_word' id='word_1_144' title='bbox 511 2665 591 2736; x_wconf 91' lang='lat' dir='ltr'>belli</span> <span class='ocrx_word' id='word_1_145' title='bbox 610 2667 723 2737; x_wconf 88' lang='lat' dir='ltr'>victor</span> <span class='ocrx_word' id='word_1_146' title='bbox 740 2668 839 2738; x_wconf 85' lang='lat' dir='ltr'>lusor</span> <span class='ocrx_word' id='word_1_147' title='bbox 856 2665 1007 2739; x_wconf 87' lang='lat' dir='ltr'>hostium</span> <span class='ocrx_word' id='word_1_148' title='bbox 1024 2677 1059 2739; x_wconf 90' lang='lat' dir='ltr'>et</span> <span class='ocrx_word' id='word_1_149' title='bbox 1075 2667 1231 2761; x_wconf 90' lang='lat' dir='ltr'>quinque</span> 
     </span>
     <span class='ocr_line' id='line_1_21' title="bbox 105 2776 1231 2884; baseline 0 -23"><span class='ocrx_word' id='word_1_150' title='bbox 105 2850 108 2853; x_wconf 10' lang='lat' dir='ltr'>a</span> <span class='ocrx_word' id='word_1_151' title='bbox 154 2791 298 2862; x_wconf 90' lang='lat' dir='ltr'>millium</span> <span class='ocrx_word' id='word_1_152' title='bbox 333 2791 530 2861; x_wconf 85' lang='lat' dir='ltr'>interfector</span> <span class='ocrx_word' id='word_1_153' title='bbox 562 2789 773 2882; x_wconf 89' lang='lat' dir='ltr'>triumphum</span> <span class='ocrx_word' id='word_1_154' title='bbox 808 2790 1018 2874; x_wconf 90' lang='lat' dir='ltr'>merebatur,</span> <span class='ocrx_word' id='word_1_155' title='bbox 1050 2789 1135 2884; x_wconf 89' lang='lat' dir='ltr'>quid</span> <span class='ocrx_word' id='word_1_156' title='bbox 1160 2776 1231 2863; x_wconf 86' lang='lat' dir='ltr'>non</span> 
     </span>
     <span class='ocr_line' id='line_1_22' title="bbox 153 2912 1229 3006; baseline -0.002 -20"><span class='ocrx_word' id='word_1_157' title='bbox 153 2923 305 2988; x_wconf 90' lang='lat' dir='ltr'>meretur</span> <span class='ocrx_word' id='word_1_158' title='bbox 339 2924 478 2986; x_wconf 89' lang='lat' dir='ltr'>centum</span> <span class='ocrx_word' id='word_1_159' title='bbox 512 2913 656 2984; x_wconf 92' lang='lat' dir='ltr'>millium</span> <span class='ocrx_word' id='word_1_160' title='bbox 689 2933 709 2982; x_wconf 92' lang='lat' dir='ltr'>e</span> <span class='ocrx_word' id='word_1_161' title='bbox 742 2912 817 2983; x_wconf 89' lang='lat' dir='ltr'>suis</span> <span class='ocrx_word' id='word_1_162' title='bbox 849 2923 911 2984; x_wconf 91' lang='lat' dir='ltr'>aut</span> <span class='ocrx_word' id='word_1_163' title='bbox 940 2915 1049 2986; x_wconf 89' lang='lat' dir='ltr'>multo</span> <span class='ocrx_word' id='word_1_164' title='bbox 1077 2912 1229 3006; x_wconf 92' lang='lat' dir='ltr'>plurium</span> 
     </span>
     <span class='ocr_line' id='line_1_23' title="bbox 151 3034 1229 3131; baseline -0.003 -21"><span class='ocrx_word' id='word_1_165' title='bbox 151 3049 390 3120; x_wconf 87' lang='lat' dir='ltr'>conservator,</span> <span class='ocrx_word' id='word_1_166' title='bbox 413 3036 611 3111; x_wconf 88' lang='lat' dir='ltr'>conciliator</span> <span class='ocrx_word' id='word_1_167' title='bbox 631 3034 796 3119; x_wconf 88' lang='lat' dir='ltr'>hostium,</span> <span class='ocrx_word' id='word_1_168' title='bbox 825 3036 920 3129; x_wconf 91' lang='lat' dir='ltr'>pacis</span> <span class='ocrx_word' id='word_1_169' title='bbox 946 3046 1080 3122; x_wconf 86' lang='lat' dir='ltr'>auctor,</span> <span class='ocrx_word' id='word_1_170' title='bbox 1105 3036 1229 3131; x_wconf 78' lang='lat' dir='ltr'>patriae</span> 
     </span>
     <span class='ocr_line' id='line_1_24' title="bbox 152 3159 1227 3254; baseline 0.001 -24"><span class='ocrx_word' id='word_1_171' title='bbox 152 3161 364 3254; x_wconf 76' lang='lat' dir='ltr'>sospitator?</span> <span class='ocrx_word' id='word_1_172' title='bbox 381 3162 463 3230; x_wconf 89' lang='lat' dir='ltr'>Haec</span> <span class='ocrx_word' id='word_1_173' title='bbox 480 3181 544 3254; x_wconf 91' lang='lat' dir='ltr'>pro</span> <span class='ocrx_word' id='word_1_174' title='bbox 565 3168 610 3244; x_wconf 91' lang='lat' dir='ltr'>te,</span> <span class='ocrx_word' id='word_1_175' title='bbox 632 3170 729 3253; x_wconf 90' lang='lat' dir='ltr'>pater</span> <span class='ocrx_word' id='word_1_176' title='bbox 747 3161 887 3252; x_wconf 89' lang='lat' dir='ltr'>optime,</span> <span class='ocrx_word' id='word_1_177' title='bbox 906 3160 1071 3231; x_wconf 87' lang='lat' dir='ltr'>dixerim:</span> <span class='ocrx_word' id='word_1_178' title='bbox 1093 3183 1157 3232; x_wconf 89' lang='lat' dir='ltr'>nec</span> <span class='ocrx_word' id='word_1_179' title='bbox 1174 3159 1227 3231; x_wconf 86' lang='lat' dir='ltr'>in-</span> 
     </span>
     <span class='ocr_line' id='line_1_25' title="bbox 152 3278 1227 3378; baseline -0.001 -23"><span class='ocrx_word' id='word_1_180' title='bbox 152 3283 253 3369; x_wconf 89' lang='lat' dir='ltr'>sist0‚</span> <span class='ocrx_word' id='word_1_181' title='bbox 287 3304 332 3354; x_wconf 88' lang='lat' dir='ltr'>ne</span> <span class='ocrx_word' id='word_1_182' title='bbox 364 3284 452 3355; x_wconf 83' lang='lat' dir='ltr'>forte</span> <span class='ocrx_word' id='word_1_183' title='bbox 485 3282 595 3378; x_wconf 73' lang='lat' dir='ltr'>solida</span> <span class='ocrx_word' id='word_1_184' title='bbox 628 3285 703 3364; x_wconf 89' lang='lat' dir='ltr'>laus</span> <span class='ocrx_word' id='word_1_185' title='bbox 733 3278 872 3375; x_wconf 88' lang='lat' dir='ltr'>incipiat</span> <span class='ocrx_word' id='word_1_186' title='bbox 903 3282 1046 3352; x_wconf 93' lang='lat' dir='ltr'>nimium</span> <span class='ocrx_word' id='word_1_187' title='bbox 1081 3292 1227 3354; x_wconf 87' lang='lat' dir='ltr'>tractata</span> 
     </span>
     <span class='ocr_line' id='line_1_26' title="bbox 152 3403 1224 3488; baseline -0.003 -8"><span class='ocrx_word' id='word_1_188' title='bbox 152 3411 365 3481; x_wconf 88' lang='lat' dir='ltr'>mollescere.</span> <span class='ocrx_word' id='word_1_189' title='bbox 399 3406 438 3478; x_wconf 88' lang='lat' dir='ltr'>ld</span> <span class='ocrx_word' id='word_1_190' title='bbox 467 3405 602 3476; x_wconf 85' lang='lat' dir='ltr'>dixisse</span> <span class='ocrx_word' id='word_1_191' title='bbox 620 3405 763 3488; x_wconf 87' lang='lat' dir='ltr'>ausim,</span> <span class='ocrx_word' id='word_1_192' title='bbox 798 3416 833 3476; x_wconf 90' lang='lat' dir='ltr'>et</span> <span class='ocrx_word' id='word_1_193' title='bbox 867 3403 1007 3476; x_wconf 90' lang='lat' dir='ltr'>siluisse</span> <span class='ocrx_word' id='word_1_194' title='bbox 1034 3405 1224 3477; x_wconf 92' lang='lat' dir='ltr'>noluerim:</span> 
     </span>
     <span class='ocr_line' id='line_1_27' title="bbox 150 3526 1226 3625; baseline -0.004 -22"><span class='ocrx_word' id='word_1_195' title='bbox 150 3534 282 3603; x_wconf 89' lang='lat' dir='ltr'>nullum</span> <span class='ocrx_word' id='word_1_196' title='bbox 316 3526 599 3600; x_wconf 84' lang='lat' dir='ltr'>armatumbelli</span> <span class='ocrx_word' id='word_1_197' title='bbox 629 3526 766 3625; x_wconf 83' lang='lat' dir='ltr'>ducem,</span> <span class='ocrx_word' id='word_1_198' title='bbox 801 3534 969 3621; x_wconf 87' lang='lat' dir='ltr'>quantum</span> <span class='ocrx_word' id='word_1_199' title='bbox 998 3537 1031 3598; x_wconf 89' lang='lat' dir='ltr'>te</span> <span class='ocrx_word' id='word_1_200' title='bbox 1060 3527 1226 3599; x_wconf 92' lang='lat' dir='ltr'>inermem</span> 
     </span>
     <span class='ocr_line' id='line_1_28' title="bbox 33 3649 1228 3749; baseline -0.004 -23"><span class='ocrx_word' id='word_1_201' title='bbox 33 3680 34 3685; x_wconf 46' lang='lat'>¹</span> <span class='ocrx_word' id='word_1_202' title='bbox 150 3655 246 3749; x_wconf 90' lang='lat' dir='ltr'>pacis</span> <span class='ocrx_word' id='word_1_203' title='bbox 264 3653 434 3736; x_wconf 87' lang='lat' dir='ltr'>nuntium,</span> <span class='ocrx_word' id='word_1_204' title='bbox 456 3651 579 3746; x_wconf 74' lang='lat' dir='ltr'>patriae</span> <span class='ocrx_word' id='word_1_205' title='bbox 598 3650 797 3722; x_wconf 88' lang='lat' dir='ltr'>contulisse.</span> <span class='ocrx_word' id='word_1_206' title='bbox 812 3650 978 3734; x_wconf 86' lang='lat' dir='ltr'>Quotiens</span> <span class='ocrx_word' id='word_1_207' title='bbox 997 3649 1228 3722; x_wconf 91' lang='lat' dir='ltr'>inundassent</span> 
     </span>
     <span class='ocr_line' id='line_1_29' title="bbox 150 3775 1228 3872; baseline -0.003 -22"><span class='ocrx_word' id='word_1_208' title='bbox 150 3781 264 3872; x_wconf 90' lang='lat' dir='ltr'>campi</span> <span class='ocrx_word' id='word_1_209' title='bbox 287 3799 460 3849; x_wconf 85' lang='lat' dir='ltr'>caesorum</span> <span class='ocrx_word' id='word_1_210' title='bbox 488 3775 681 3868; x_wconf 79' lang='lat' dir='ltr'>sanguine-‘l</span> <span class='ocrx_word' id='word_1_211' title='bbox 714 3776 880 3860; x_wconf 89' lang='lat' dir='ltr'>Quotiens</span> <span class='ocrx_word' id='word_1_212' title='bbox 914 3775 1056 3848; x_wconf 89' lang='lat' dir='ltr'>ssumina</span> <span class='ocrx_word' id='word_1_213' title='bbox 1086 3775 1228 3847; x_wconf 90' lang='lat' dir='ltr'>rubuis-</span> 
     </span>
     <span class='ocr_line' id='line_1_30' title="bbox 151 3890 1249 3985; baseline -0.002 -12"><span class='ocrx_word' id='word_1_214' title='bbox 151 3905 253 3974; x_wconf 78' lang='lat' dir='ltr'>sent?</span> <span class='ocrx_word' id='word_1_215' title='bbox 286 3900 452 3985; x_wconf 88' lang='lat' dir='ltr'>Quotiens</span> <span class='ocrx_word' id='word_1_216' title='bbox 487 3907 603 3970; x_wconf 87' lang='lat' dir='ltr'>vester</span> <span class='ocrx_word' id='word_1_217' title='bbox 636 3890 813 3970; x_wconf 86' lang='lat' dir='ltr'>rubuisset</span> <span class='ocrx_word' id='word_1_218' title='bbox 837 3899 995 3970; x_wconf 86' lang='lat' dir='ltr'>Oceanus</span> <span class='ocrx_word' id='word_1_219' title='bbox 1022 3908 1057 3970; x_wconf 89' lang='lat' dir='ltr'>et</span> <span class='ocrx_word' id='word_1_220' title='bbox 1076 3902 1249 3972; x_wconf 88' lang='lat' dir='ltr'>lacerata·</span> 
     </span>
     <span class='ocr_line' id='line_1_31' title="bbox 150 4020 1227 4108; baseline -0.004 -11"><span class='ocrx_word' id='word_1_221' title='bbox 150 4025 323 4099; x_wconf 86' lang='lat' dir='ltr'>cadavera</span> <span class='ocrx_word' id='word_1_222' title='bbox 346 4023 504 4096; x_wconf 88' lang='lat' dir='ltr'>litoribus</span> <span class='ocrx_word' id='word_1_223' title='bbox 523 4020 753 4108; x_wconf 74' lang='lat' dir='ltr'>reddidisset.l</span> <span class='ocrx_word' id='word_1_224' title='bbox 771 4021 867 4093; x_wconf 91' lang='lat' dir='ltr'>Unus</span> <span class='ocrx_word' id='word_1_225' title='bbox 891 4029 927 4094; x_wconf 92' lang='lat' dir='ltr'>tu</span> <span class='ocrx_word' id='word_1_226' title='bbox 943 4021 1100 4094; x_wconf 88' lang='lat' dir='ltr'>venturis</span> <span class='ocrx_word' id='word_1_227' title='bbox 1127 4023 1227 4093; x_wconf 88' lang='lat' dir='ltr'>malis</span> 
     </span>
     <span class='ocr_line' id='line_1_32' title="bbox 148 4144 1227 4241; baseline -0.003 -23"><span class='ocrx_word' id='word_1_228' title='bbox 148 4169 190 4218; x_wconf 89' lang='lat' dir='ltr'>ac</span> <span class='ocrx_word' id='word_1_229' title='bbox 210 4168 318 4241; x_wconf 90' lang='lat' dir='ltr'>prope</span> <span class='ocrx_word' id='word_1_230' title='bbox 339 4147 406 4218; x_wconf 90' lang='lat' dir='ltr'>iam</span> <span class='ocrx_word' id='word_1_231' title='bbox 429 4144 664 4239; x_wconf 84' lang='lat' dir='ltr'>praesentibus</span> <span class='ocrx_word' id='word_1_232' title='bbox 682 4144 873 4220; x_wconf 86' lang='lat' dir='ltr'>occurristi.</span> <span class='ocrx_word' id='word_1_233' title='bbox 891 4146 1018 4218; x_wconf 90' lang='lat' dir='ltr'>Posses</span> <span class='ocrx_word' id='word_1_234' title='bbox 1041 4147 1170 4218; x_wconf 87' lang='lat' dir='ltr'>utinam</span> <span class='ocrx_word' id='word_1_235' title='bbox 1192 4154 1227 4215; x_wconf 87' lang='lat' dir='ltr'>et</span> 
     </span>
    </p>
   </div>
   <div class='ocr_carea' id='block_1_5' title="bbox 0 0 1472 4646">
    <p class='ocr_par' dir='ltr' id='par_1_5' title="bbox 0 0 1472 4646">
     <span class='ocr_line' id='line_1_33' title="bbox 0 0 1472 4646; baseline 0 0"><span class='ocrx_word' id='word_1_236' title='bbox 0 0 1472 4646; x_wconf 95' lang='lat' dir='ltr'> </span> 
     </span>
    </p>
   </div>
  </div>
 </body>
</html>
