2940 4650
584 322 739 372 urrsroul
760 324 780 372 1.
1166 315 1225 377 503

146 478 214 542 tam
237 468 419 561 repentina
439 466 583 538 mutatio
605 485 721 537 rerum
749 463 825 536 luit.
852 466 989 559 Septem
1011 467 1102 539 enim
1129 490 1228 541 men-

79 636 82 639 ·
146 591 237 663 sium
266 609 335 659 non
360 585 509 681 amplius
536 584 650 678 spatio
679 587 790 656 lraena
823 585 1025 678 reipublicae
1060 589 1170 659 tenuit
1190 602 1229 661 ut

146 717 209 787 vix
230 713 275 785 ab
296 711 428 803 origine
449 709 569 782 mundi
591 709 703 781 maius
721 708 851 802 aliquid
872 719 1112 802 attemptatum
1131 725 1226 798 rear,

148 850 183 910 et
212 837 242 908 si
275 834 505 906 successisset
531 841 575 905 ul
594 842 758 926 caeperat,
792 832 951 903 divinum
978 830 1094 923 potius
1122 854 1231 925 quam

148 958 338 1031 humanum
360 975 449 1048 opus
470 976 552 1026 esse
578 953 769 1025 videretur.
799 956 845 1026 Et
873 955 1027 1048 prolecto
1059 954 1230 1048 quidquid

149 1079 194 1152 ab
220 1077 359 1150 homine
385 1077 474 1148 hene
500 1075 615 1169 agitur
640 1075 797 1148 divinum
818 1095 907 1170 opus
928 1085 993 1148 est.
1015 1076 1103 1148 Huic
1127 1098 1227 1168 ergo,

148 1223 253 1294 quem
276 1211 403 1272 vestrae
423 1197 545 1291 gloriae
562 1219 632 1268 nou
653 1196 831 1270 ambitioni
861 1198 1011 1291 propriae
1032 1197 1229 1272 desudasse

148 1333 270 1395 notum
282 1333 347 1404 est,
363 1323 462 1394 lavor
483 1319 576 1392 haud
595 1319 725 1391 dubius
738 1319 910 1403 debetur;
932 1320 976 1391 de
997 1331 1127 1393 eventu
1147 1321 1231 1393 For-

149 1456 233 1518 tuna
253 1445 425 1538 culpanda
444 1455 508 1516 est.
531 1444 566 1514 Si
587 1443 667 1541 quis
688 1452 806 1514 aulem
830 1452 947 1537 torpor
968 1444 1116 1537 ferventi
1137 1445 1231 1535 prin·

149 1566 238 1660 cipio
267 1566 468 1646 intervenit;
502 1564 667 1636 humanae
692 1565 852 1638 varietati
880 1575 986 1657 atque
1008 1564 1232 1636 imbecillitati

149 1690 288 1759 veniam
309 1685 391 1758 date
408 1711 415 1754 :
432 1696 468 1757 ct
486 1686 570 1756 dum
588 1686 667 1756 licet
684 1685 858 1758 vindicate
877 1686 989 1756 civem
1009 1695 1166 1757 vestrum
1188 1683 1233 1754 ab

149 1807 289 1890 iniuria,
310 1808 371 1898 qui
390 1805 529 1877 Graecos
556 1828 577 1878 a
602 1805 849 1887 Macedonum,
882 1804 1017 1875 Siculos
1043 1825 1065 1874 a
1089 1803 1233 1875 Cartha·

151 1929 365 2022 ginensium,
387 1927 580 2019 Campanos
601 1948 622 1997 a
643 1926 850 2011 Samnitum,
870 1927 1003 1997 Tuscos
1021 1947 1041 1996 a
1057 1925 1233 1997 Gallorum

151 2050 288 2123 iniuriis
325 2070 395 2120 non
428 2050 505 2121 sine
537 2049 639 2140 gravi
670 2057 792 2120 vestro
825 2047 980 2141 periculo
1013 2046 1233 2118 vindicastis.

150 2174 361 2244 Extenuatae
395 2182 490 2253 suut,
523 2170 647 2253 fateor,
682 2191 766 2262 opes
800 2179 953 2253 vestrae3
987 2180 1022 2240 at
1055 2190 1233 2260 nunquam

151 2297 231 2390 plus
264 2296 457 2366 animorum
492 2291 650 2384 patribus
683 2292 813 2364 vestris
839 2292 905 2363 luit
929 2314 1034 2385 quam
1067 2291 1151 2363 dum
1178 2313 1234 2363 ro-

151 2437 257 2487 mana
287 2425 476 2509 paupertas
510 2415 611 2486 dives
646 2413 813 2486 virtutum
850 2417 973 2506 viguit.
1013 2414 1233 2486 Imminulam

151 2549 305 2610 vestram
328 2537 514 2630 potentiam
536 2558 706 2608 essenon
727 2536 872 2630 ignoro:
895 2536 958 2609 sed
981 2538 1065 2608 mihi
1086 2538 1231 2621 credite,
1283 2520 1284 2523 ¹

152 2661 182 2733 si
214 2684 284 2754 qua
313 2659 450 2754 pristini
481 2657 662 2751 sanguinis
695 2670 795 2751 gutta
821 2672 994 2753 superest,
1025 2681 1095 2732 nou
1122 2680 1234 2753 parva

150 2783 252 2855 vobis
272 2792 328 2854 est
350 2783 530 2864 maiestas,
549 2804 662 2875 neque
679 2781 865 2853 mediocris
883 2783 1083 2855 auctoritas.
1098 2783 1233 2856 Audete

152 2902 293 2997 aliquid,
308 2903 430 2975 adiuro
443 2923 517 2985 vos
534 2926 595 2995 per
617 2905 820 2975 memoriam
842 2926 960 2976 rerum
982 2903 1251 2993 humanarum,‘

152 3047 215 3120 per
235 3024 402 3096 maiorum
425 3024 561 3094 cineres
583 3045 623 3094 ac
644 3024 807 3114 gloriam,
843 3046 905 3117 per
929 3046 1057 3096 nomen
1081 3027 1231 3120 imperii,

80 3184 83 3191 .
153 3170 216 3241 per
233 3144 508 3217 inisericordiam
531 3145 611 3216 lesu
633 3144 762 3216 Christi
779 3146 840 3239 qui
861 3146 957 3240 diligi
982 3149 1179 3242 proximum
1199 3162 1235 3223 et

154 3287 360 3339 succurrere
378 3265 475 3337 iubet
492 3265 639 3336 alllictis.
661 3264 812 3351 ludere,
834 3289 908 3353 oro,
930 3268 1062 3360 aliquid
1083 3291 1234 3362 praeser-

153 3390 213 3460 tim
247 3387 347 3459 cuius
378 3399 413 3459 et
443 3387 588 3458 honesta
613 3387 748 3480 petitio,
771 3398 806 3460 et
827 3389 1049 3462 inhonestum
1074 3413 1115 3462 ac
1135 3400 1235 3485 torpe

154 3512 328 3583 silentium
363 3520 439 3582 est:
474 3520 509 3581 et
542 3510 572 3580 si
606 3533 676 3584 non
710 3524 852 3604 propter
889 3514 981 3584 illius
1008 3518 1172 3599 salutem,
1199 3525 1235 3586 at

153 3644 296 3728 propter
323 3642 482 3704 vestrum
512 3631 621 3704 decus
646 3633 772 3705 audete
797 3634 944 3728 aliquid,
967 3635 996 3706 si
1018 3636 1128 3732 vultis
1153 3659 1234 3710 esse

153 3754 295 3847 aliquid.
317 3754 372 3824 Nil
393 3754 509 3826 minus
531 3777 712 3827 romanum
734 3765 790 3828 est
807 3777 914 3848 quam
940 3758 1053 3831 timor.
1078 3759 1235 3832 Praedico

153 3885 269 3947 autem
297 3874 414 3961 vobio,
443 3877 605 3969 quoniam
640 3878 669 3948 si
703 3878 845 3963 timetis,
876 3879 905 3950 si
935 3900 1000 3952 vos
1026 3880 1124 3971 ipsos
1153 3902 1235 3952 oon-

123 4068 131 4073 ..
154 3997 321 4080 temnitis,
344 3996 443 4067 multi
461 4018 526 4069 vos
544 4020 685 4092 quoque
702 4009 938 4085 contemnent,
957 4011 1091 4073 metuet
1107 4004 1233 4074 nullus.

155 4116 215 4190 Sin
233 4120 350 4212 sperni
363 4121 454 4192 nolle
467 4121 640 4213 ceperitis,
655 4125 756 4216 longe
770 4126 907 4216 lateque
922 4124 1236 4217 metuemiui,quod
