2934 4650
212 278 273 339 ltu
674 291 840 342 vlnmnun

215 431 392 517 timebitis,
422 452 486 501 nec
520 431 684 501 Leonem.
715 431 802 504 Vale
834 433 959 518 amice,
996 443 1033 504 et
1070 428 1321 507 clarissimum

215 556 311 625 illum
332 554 447 624 virum
467 553 762 646 percunctationis
784 565 855 625 tnae
876 555 1116 648 responsique
1147 558 1224 629 mei
1246 579 1321 651 par·
1407 549 1411 555 ’

217 678 370 770 ticipem‚
404 696 521 768 quem,
544 684 634 746 leste
655 676 781 760 anime,
812 676 984 770 profunde
1005 677 1144 769 diligo,
1170 688 1237 751 tuo
1262 701 1319 750 ore

215 800 302 870 meis
329 797 449 868 verbis
475 797 602 869 iterum
635 809 741 890 atque
774 799 900 869 iterum
936 801 1080 871 salvere
1115 801 1224 874 iube.
1251 804 1320 874 Me

215 920 357 992 diolani.

637 1259 816 1325 urlslotn
837 1260 882 1323 tl.

291 1423 486 1472 rnanclscus
508 1422 679 1471 PETRARCA
700 1422 843 1472 domnulo
865 1420 1069 1471 tununnuzlo
1090 1392 1120 1472 vS.
1145 1425 1178 1472 P.
1202 1427 1235 1474 D.

480 1553 664 1609 Commendat
678 1555 703 1609 ei
718 1555 859 1610 Donatum
874 1553 1033 1609 Aretinum.

192 1866 197 1873 ,
316 1785 490 1870 Quamdiu
521 1783 684 1878 placitum
718 1785 792 1853 Deo
824 1783 901 1865 luit,
929 1781 1117 1872 magnifice
1137 1797 1178 1856 et
1200 1787 1307 1857 caris-

220 1908 308 1978 sime
336 1907 380 1976 mi
414 1906 566 1988 domine,
601 1905 685 1974 mibi
720 1926 930 1975 conservare
965 1906 1306 1978 reverendissimum

217 2042 350 2122 patrem
387 2040 423 2101 et
458 2029 638 2100 dominum
678 2049 794 2098 meum
833 2027 1012 2098 dominnm
1052 2026 1303 2113 sabinensem,

215 2174 337 2223 omnes
359 2152 539 2223 molestias
561 2171 658 2222 meas
679 2150 753 2242 ipse
773 2148 946 2243 portabat,
969 2171 1034 2219 nec
1054 2170 1208 2222 necesse
1228 2163 1304 2222 erat

215 2296 281 2345 vos
302 2286 363 2346 aut
382 2276 468 2346 alios
494 2273 655 2345 dominos
680 2275 738 2342 vel
773 2273 903 2343 amicos
934 2293 1174 2366 praegravare.
1204 2274 1304 2345 Nunc

216 2389 412 2490 postquam,
434 2398 505 2467 Deo
524 2399 672 2479 volente,
694 2395 823 2466 dictum
838 2394 1016 2466 dominum
1031 2396 1143 2479 amisi,
1161 2418 1230 2468 seu
1242 2420 1305 2469 ve·

218 2519 290 2590 rius
324 2518 489 2611 praemisi,
525 2538 633 2609 cogor
664 2518 708 2588 ad
742 2519 827 2589 alios
859 2539 1038 2589 recurrere
1070 2528 1105 2588 et
1141 2521 1301 2593 sarcinas

214 2660 313 2711 meas
336 2641 424 2711 inter
449 2639 610 2712 dominos
635 2641 766 2734 partiri.
794 2641 966 2725 Quoniam
991 2662 1077 2731 ergo
1103 2639 1148 2710 de
1175 2643 1297 2727 vobis,

213 2762 376 2852 quamvis
410 2763 495 2833 nibil
530 2784 679 2846 merear,
714 2764 862 2835 multum
890 2785 1009 2855 spero,
1045 2784 1173 2853 magna
1206 2763 1300 2837 fidu-

214 2883 268 2953 cia
307 2884 352 2956 de
389 2895 509 2957 vestra
548 2883 727 2957 nobilitate
753 2908 794 2957 ac
830 2885 960 2957 virtute
992 2895 1171 2978 concepta,
1215 2888 1302 2958 lato

214 3027 286 3076 rem
312 3010 535 3100 praesentium
563 3009 733 3080 Donatum
767 3008 812 3079 de
846 3006 964 3077 Aretio
993 3005 1144 3076 amicum
1180 3029 1299 3079 meum

214 3125 454 3197 fidelissimum
478 3138 607 3199 vestrae
627 3129 897 3221 magnificentiae
914 3127 1169 3211 recommendo,
1190 3151 1301 3221 quem

213 3247 280 3341 ipsi
300 3247 440 3318 domino
461 3248 633 3320 Cardinali
655 3251 1025 3323 recommendaveram
1040 3276 1047 3319 :
1065 3260 1100 3320 et
1115 3249 1184 3319 iam
1205 3251 1302 3322 ince-

214 3380 313 3461 perat
346 3369 412 3440 sibi
445 3368 666 3454 benefacere,
697 3374 727 3442 ei
762 3372 791 3442 si
808 3371 944 3443 diutins
978 3371 1136 3452 vixisset,
1169 3392 1301 3462 magna

214 3492 280 3562 sibi
294 3493 500 3585 promiserat
514 3514 551 3563 se
565 3495 748 3563 facturum.
768 3495 812 3564 Et
825 3516 899 3571 vos.
916 3493 1065 3576 domine,
1083 3492 1164 3564 huic
1180 3493 1299 3566 eidem

213 3625 252 3685 ut
276 3614 351 3710 ipse
378 3617 462 3685 mihi
488 3617 615 3702 retulit,
643 3617 711 3687 mei
737 3637 855 3687 amore
881 3617 1013 3686 litteras
1031 3616 1300 3687 recommenda-

214 3737 319 3808 torias
335 3738 481 3810 dedistis
502 3737 546 3809 ad
567 3737 744 3808 dominum
764 3737 912 3822 Castelli,
930 3757 1082 3830 proquo
1102 3734 1207 3806 vobis
1225 3747 1301 3809 tota

213 3868 327 3930 mente
361 3861 533 3950 regratior
563 3859 654 3954 (siclt
681 3871 716 3931 et
741 3883 826 3952 rogo
854 3860 882 3930 si
910 3881 989 3931 cum
1016 3858 1147 3929 bonore
1173 3871 1301 3931 vestro

214 3989 249 4046 et
268 3978 483 4074 beneplacito
505 3981 580 4053 fieri
600 3993 728 4075 potest,
755 3983 850 4075 quod
876 3981 1009 4054 faciatis
1039 3981 1073 4051 ei
1106 3980 1151 4052 de
1178 3981 1301 4074 aliquo

214 4100 324 4172 officio
345 4104 519 4195 provideri
541 4105 733 4178 secundum
754 4104 946 4178 decentiam
966 4114 1078 4177 status
1098 4103 1164 4175 sui.
1185 4105 1301 4197 Spero
