2992 4664
328 309 420 355 urhun
445 307 978 366 iircnsmosousnrus—sersaoni
1004 311 1032 354 x.
1167 294 1222 352 llll

289 451 443 534 Quarum
466 450 627 543 praesidio
647 451 821 523 semideos
841 450 948 521 duces

292 575 458 656 Drusum,
481 583 516 644 et
536 571 716 665 Scipiadas
737 572 859 643 vivere
879 573 1069 653 cernimus,

290 695 360 764 Nec
381 716 451 765 non
471 706 506 765 et
527 688 680 785 ieliquos
703 696 830 789 inclyta
849 691 1011 784 gentibus

291 820 355 888 Per
376 839 464 910 quos
483 818 646 889 edomitis
667 819 776 888 Roma
797 818 916 908 iugum
939 815 1063 909 dedit„

291 940 328 1010 ln
350 941 451 1032 queis
472 941 691 1033 praeradians
712 941 842 1011 lumine
864 939 982 1011 vivido
1072 921 1074 928 ¹

290 1062 335 1135 Ut
356 1065 408 1134 sol
429 1063 572 1135 emicuit
591 1064 792 1136 Caesareum
814 1082 937 1153 genus.
1056 1108 1060 1114 =

291 1186 479 1258 Haeodum
500 1196 538 1256 tu
559 1186 744 1259 modulans
765 1208 821 1257 me
842 1184 1005 1279 cupidum
1027 1184 1144 1276 praeis,

291 1312 365 1380 Buc
385 1321 445 1380 aut
463 1311 616 1381 velivolo
637 1311 668 1380 si
688 1306 773 1380 libet
793 1330 952 1401 aequore;
973 1295 979 1301 ⁷

289 1435 362 1504 Duc
382 1432 554 1505 aut‘aerio
575 1431 706 1504 vertice
725 1433 928 1512 montium;.

291 1557 365 1627 Duc
381 1570 416 1627 et
435 1578 498 1649 per
518 1555 639 1648 liquidi
661 1555 794 1628 Tiberis
816 1557 935 1627 alveos
997 1599 998 1605 κ

292 1679 367 1762 Qua
390 1679 472 1770 ripis
494 1678 585 1749 Anio
604 1701 687 1749 rura
708 1699 833 1750 secans
851 1680 935 1759 ruit,
1011 1733 1014 1740 .

290 1801 377 1871 Olim
400 1811 499 1893 grata
522 1801 594 1883 tibi,
618 1801 702 1872 dum
724 1819 873 1891 superos
894 1802 989 1883 eolis

290 1924 388 1996 Unde
409 1924 486 1996 haec
507 1934 540 1995 te
560 1923 732 1995 meditans
754 1944 845 1992 nunc
868 1921 927 1992 tibi
951 1925 1047 2001 texui

221 2104 223 2111 ,
269 2047 473 2131 -Nostrum,
496 2047 626 2128 Flacca,
648 2035 865 2127 decusrduo
886 2066 947 2136 per
968 2046 1162 2136 inhospitas

291 2171 465 2242 Silvarum
485 2169 649 2253 latebras
672 2178 707 2240 el
728 2167 882 2260 gelidum
903 2165 1079 2257 Algidum,

207 2380 212 2393 ‚
290 2296 479 2386 Baianique
501 2295 599 2364 sinus
621 2301 746 2383 stagna
763 2292 942 2383 tepentia.

291 2418 527 2510 Sabinumque
548 2418 658 2498 lacus,
681 2436 834 2505 ruraque
855 2413 961 2485 ssorea

292 2541 513 2633 Soractisque
535 2543 655 2631 iugum
676 2537 760 2611 dum
781 2536 923 2608 nivibus
942 2537 1046 2628 riget3

170 2665 174 2673 '
292 2666 365 2734 Duo
386 2685 443 2733 me
462 2663 700 2734 Brundusium
721 2661 858 2732 tramite
879 2658 997 2740 devio;

291 2784 466 2856 Lassabor
486 2787 628 2855 minime
648 2797 683 2855 et
702 2783 842 2855 vatibus
864 2780 991 2853 obvius

292 2907 512 2995 Congressus
534 2904 687 2998 placidos
708 2905 880 2995 excipiam
901 2903 1025 2974 libens.

290 3028 365 3097 Non
386 3049 442 3096 me
463 3028 641 3120 proposito
663 3026 830 3116 temporis
848 3036 908 3096 aut
927 3026 992 3096 loci

291 3149 460 3219 Bessaotet
478 3149 594 3219 iacies,
618 3147 678 3219 lbo
700 3149 774 3240 pari
795 3148 926 3240 impetu
1002 3198 1004 3202 s

294 3274 357 3344 Vel
377 3271 460 3344 dum
481 3273 563 3344 saeta
585 3280 722 3342 uterum
745 3293 870 3362 magna
891 3294 1018 3365 parens
1040 3285 1158 3356 tumet,

293 3400 355 3467 Vel
376 3397 460 3469 dum
480 3417 538 3467 ros
559 3394 674 3466 nimiis
697 3394 828 3466 solibus
849 3400 951 3477 aruit,

290 3521 354 3592 Vel
374 3521 457 3592 dum
479 3520 647 3614 pomifero
667 3519 760 3590 lasoe
782 3529 934 3590 tremunt
955 3517 1086 3599 trabes,

293 3643 356 3713 Vel
376 3643 459 3713 dum
482 3650 573 3712 terra
596 3643 674 3732 gelu
697 3641 816 3730 segnis
837 3639 1017 3710 inhorruit.

291 3766 440 3836 Visurus
463 3766 602 3835 veniam
623 3766 736 3835 littora
758 3762 961 3857 Cycladum,

291 3891 441 3962 Visurus
460 3887 595 3959 Thracii
617 3909 794 3958 murmura
815 3885 1002 3978 Bosphori,

291 4012 440 4084 Visurus
461 4010 589 4106 Lybies
612 4012 692 4081 avia
713 4009 870 4091 torridae,

187 4168 189 4171 ·
291 4135 657 4229 Nimbosiqueprocul
677 4135 804 4221 frigora
826 4133 981 4203 Caucasi.
