2738 4680
222 287 260 348 aa
559 303 601 349 nn
622 302 722 351 nnaus
744 303 966 353 rrurnrrnrnus

222 438 500 532 ordiendumque
522 440 721 511 succiditur.
754 441 894 512 Illorum
926 461 1013 511 vero
1046 441 1128 511 vitae
1155 442 1302 534 peractis

222 564 343 634 officiis
366 563 482 633 felices
503 563 695 656 otiosaeque
728 564 883 656 reliquiae
917 574 1009 636 suut.
1040 566 1172 636 Horum
1199 565 1305 655 igitur

222 687 424 779 imperfecta
443 685 586 771 desinit,
609 687 744 759 illorum
766 689 919 782 perlecta
939 688 1043 759 durat
1062 687 1153 773 vita,
1175 700 1211 760 ct
1232 699 1304 760 tum

223 811 365 881 demum
384 811 550 906 iucunda,
570 823 644 883 tum
661 833 748 883 vera
768 810 840 883 vita
861 833 943 882 esse
969 811 1099 904 incipit,
1120 811 1204 883 dum
1226 836 1307 907 per-

223 936 309 1004 lecta
330 942 395 1004 est.
418 932 501 1004 Mihi
523 936 583 1004 uni
600 955 648 1005 ex
668 956 789 1005 eorum
811 955 920 1026 grege
937 935 996 1028 qui
1015 934 1167 1005 medium
1190 937 1305 1006 locum

224 1065 356 1143 tenent,
380 1058 436 1129 cui
457 1081 520 1129 nec
537 1059 621 1130 dum
639 1069 791 1151 peracta,
810 1080 875 1129 nec
892 1058 926 1127 in
945 1059 1088 1148 longum
1104 1058 1304 1152 cupiditatis

223 1182 369 1275 imperio
389 1181 637 1276 protrahenda,
659 1204 908 1274 nunquamque
927 1181 1127 1274 peragenda
1146 1183 1221 1254 vila
1240 1195 1303 1265 est,

224 1306 277 1376 cui
299 1305 440 1398 aliquid,
464 1306 519 1377 cui
541 1308 688 1376 multum
709 1306 815 1390 desit,
840 1304 904 1376 sed
925 1304 1060 1376 linitum
1084 1314 1223 1388 tamen,
1250 1306 1305 1375 cui

224 1438 395 1522 praeterea
416 1429 460 1500 ad
480 1429 680 1523 peragenda
704 1449 784 1522 quae
810 1404 976 1520 superant
1002 1450 1070 1499 non
1098 1429 1216 1498 multis
1239 1449 1306 1498 sae-

224 1552 310 1622 culis
333 1553 378 1622 sil
397 1574 502 1643 opus:
532 1553 596 1624 sed
623 1562 754 1623 tantum
784 1560 939 1645 tempore
964 1573 1054 1645 opus
1081 1551 1141 1636 sit,
1164 1560 1200 1622 et
1222 1555 1306 1623 solae

226 1675 389 1765 temporis
415 1675 589 1766 angustiae
623 1676 825 1757 timeantur,
852 1697 893 1746 ea
918 1696 1023 1767 quam
1055 1673 1131 1744 dixi
1163 1675 1306 1747 laxandi

225 1798 390 1890 temporis
413 1799 614 1869 necessaria
645 1819 703 1868 ars
737 1798 886 1869 videtur.
919 1798 957 1868 ld
991 1798 1126 1867 interim
1154 1818 1305 1890 quonam

132 1924 142 1936 “
226 1923 329 1994 modo
350 1922 425 1994 fieri
446 1934 552 2016 queat
572 1922 832 2017 percontabere.
853 1924 976 1994 Totum
991 1923 1024 1993 in
1043 1921 1154 2017 ipsius
1173 1933 1307 2014 tempo-

226 2049 272 2119 ris
293 2047 554 2143 dispensatione
575 2048 745 2119 consistit.
767 2047 932 2119 Fundunt
951 2046 1034 2117 vina
1050 2045 1148 2128 ebrii,
1167 2043 1306 2114 obsessi

225 2171 328 2244 etiam
363 2172 464 2265 aquis
495 2181 660 2264 parcunt3
695 2170 972 2265 prodigalitatem
1009 2168 1123 2260 copia,
1163 2177 1306 2258 egestas

225 2295 472 2390 parsimoniam
495 2295 594 2388 parit.
617 2296 716 2388 Saepe
739 2294 806 2365 sub
826 2305 1021 2366 extremum
1044 2290 1128 2384 quid
1149 2290 1195 2361 ab
1213 2289 1307 2360 initio

226 2418 400 2508 agendum
422 2418 547 2487 fuisset
567 2438 735 2511 apparere
753 2416 887 2507 incipit,
907 2417 1013 2485 immo
1035 2435 1215 2506 uunquam
1235 2414 1307 2482 fere

227 2539 409 2611 consilium
429 2549 464 2611 et
484 2541 630 2610 facultas
651 2550 786 2611 coeunt.
809 2538 919 2610 Hebet
940 2538 1025 2609 illud
1049 2537 1132 2607 dum
1154 2537 1233 2606 baec
1253 2534 1308 2603 vi-

227 2675 296 2755 get,
331 2663 485 2756 dumque
518 2662 603 2735 illud
633 2663 838 2749 intenditur,
860 2663 938 2735 baec
959 2660 1134 2733 lentescit:
1155 2659 1308 2750 alioquin

227 2787 378 2860 feliciora
403 2798 524 2858 essent
549 2788 701 2888 bumana
726 2787 881 2880 negotia,
910 2798 945 2858 et
971 2794 1151 2880 ceptorum
1189 2782 1307 2852 exitus

227 2911 389 2980 laetiores.
411 2910 511 2982 Nunc
531 2912 615 2981 mibi
636 2910 899 3003 nosseincipit,
926 2931 1031 3005 posse
1058 2905 1200 2990 desinit3
1225 2907 1308 2975 mal-

228 3034 294 3102 lem
317 3032 429 3126 prius,
446 3035 590 3108 sednon
605 3036 834 3107 estiuvenilis
850 3032 979 3126 ingenii
993 3030 1139 3124 tempori
1157 3029 1306 3123 pretium

228 3158 416 3251 imponere.
450 3159 539 3229 Male
567 3159 659 3229 enim
690 3159 841 3230 aestimat
860 3157 1020 3251 quisquis
1041 3153 1218 3226 abundat:
1245 3174 1308 3245 par

228 3290 284 3352 est
301 3290 416 3351 aulem
439 3279 631 3366 abundare,
650 3291 820 3372 quantum
842 3281 887 3352 ad
900 3280 977 3350 baec
990 3279 1122 3364 attinet,
1143 3286 1180 3348 el
1199 3274 1309 3347 abun-

229 3407 314 3478 dare
337 3427 375 3475 se
394 3404 550 3475 credere.
579 3403 754 3496 Siquidem
775 3426 874 3476 error
899 3402 1011 3474 omnis
1039 3424 1106 3478 non
1128 3400 1164 3470 in
1188 3399 1306 3497 rebus

229 3528 293 3599 sed
329 3529 364 3597 in
401 3527 562 3622 opinione
602 3527 772 3599 consistit.
811 3529 902 3598 Nulli
935 3525 1131 3598 mortalium
1169 3533 1307 3617 tempus

228 3651 392 3734 abundat,
409 3652 472 3723 sed
487 3650 633 3722 huiusce
655 3653 705 3722 rei
723 3652 903 3745 penuriam
920 3671 989 3720 nou
1003 3671 1050 3720 ex
1064 3668 1167 3742 aequo
1185 3668 1308 3718 omues

229 3775 433 3868 intelligunt.
456 3776 627 3868 Equidem
649 3775 743 3846 omni
765 3775 858 3847 aetati
878 3776 991 3868 caligo
1011 3773 1150 3847 venturi
1179 3781 1309 3863 tempo-

229 3899 277 3967 ris
292 3920 392 3993 aeque
407 3899 624 3984 suffunditur,
641 3898 794 3992 nihilque
808 3902 886 3993 plus
901 3899 986 3971 certi
1008 3896 1114 3970 habet
1132 3896 1309 3967 florentis-

229 4021 339 4092 simus
360 4023 577 4108 adolescens
600 4046 705 4117 quam
722 4045 918 4116 procurvus
936 4031 971 4093 et
987 4019 1161 4114 capularis
1184 4039 1306 4101 senex,

228 4142 294 4212 nisi
315 4147 409 4236 quod
424 4149 501 4240 plus
517 4155 645 4240 sperat,
664 4169 776 4240 eoque
794 4148 925 4241 saepius
944 4157 980 4217 et
1000 4145 1144 4236 gravius
1163 4142 1230 4212 bac
1249 4161 1307 4239 spo
