2738 4680
179 311 238 369 tm
519 323 560 370 ns
581 323 682 370 annus
704 320 927 368 saltrcmnmus

179 488 286 561 prope
312 468 397 537 nihil
426 463 700 558 inexpugnabile
728 464 846 537 multis
874 463 1020 536 sortibus
1047 467 1134 536 viris
1161 467 1262 540 unius

180 611 278 660 more
306 589 559 683 pugnantibus,
595 588 656 659 ubi
681 589 796 659 virtus
822 599 857 658 et
881 588 1031 660 eruditio
1056 591 1107 660 rei
1133 589 1263 663 bellicae

180 712 216 784 in
247 736 356 785 unum
382 725 520 784 coeunt.
551 715 636 784 Haec
660 722 786 808 nempe
813 713 905 785 acies
925 711 1040 784 dirum
1061 713 1146 783 vicit
1171 715 1263 784 Han-

180 836 348 921 nibalem,
380 835 640 928 magnanimum
665 837 837 931 Pyrrhum
862 836 981 927 fregit,
1009 836 1204 930 Syphacem
1229 838 1263 906 in

180 980 374 1043 carcerem,
401 960 530 1030 Persen
557 959 592 1027 in
618 959 772 1040 vincula,
799 956 1033 1027 Mithridatem
1054 956 1090 1026 in
1117 969 1262 1030 mortem

180 1082 274 1174 egit:
309 1081 519 1153 Antiochum
553 1103 684 1173 reguo,
719 1081 848 1175 Cyrum
884 1080 1010 1172 opibus
1030 1081 1144 1166 exuit,
1172 1082 1262 1173 pira·
1356 1061 1359 1068 ³

181 1215 236 1277 tas
268 1207 413 1299 pelago:
447 1203 523 1276 haec
563 1206 728 1276 Punicam
760 1207 912 1275 classem
948 1214 1021 1276 toto
1058 1214 1262 1295 regnantem

66 1316 70 1327 '
181 1329 268 1400 mari
283 1329 357 1400 suis
371 1330 492 1398 mersit
504 1328 538 1396 in
553 1326 732 1399 fluctibus:
751 1328 828 1398 baec
845 1327 1048 1418 Iugurtham
1062 1327 1263 1422 parricidio

181 1475 259 1524 rum
292 1449 518 1544 perfidiaeque
549 1473 672 1544 poenas
702 1450 855 1543 pendere
886 1449 1072 1544 compulit:
1090 1450 1170 1521 haec
1189 1454 1264 1522 Bri-

182 1574 332 1647 tanniam
357 1597 456 1645 muro
477 1575 631 1657 diremit,
660 1575 772 1644 Rheni
805 1575 898 1665 ripas
932 1582 1035 1666 ponte
1070 1575 1260 1657 coniunxit,

181 1698 329 1769 Danubii
348 1698 497 1769 vortices
519 1698 757 1790 impetumque
774 1697 1010 1791 compescuit3
1032 1697 1109 1768 haec
1128 1698 1261 1781 eadem,

182 1822 237 1894 cui
259 1822 563 1894 modoCiminiam
590 1823 712 1894 siluam
740 1822 922 1893 transiisse
946 1843 1112 1912 magnum
1134 1824 1261 1903 luerat,

182 1969 266 2018 mox
302 1948 384 2038 iuga
413 1945 554 2040 Alpium
588 1947 741 2039 aperuit,
776 1944 1001 2016 Arduennam
1036 1953 1071 2014 et
1102 1943 1263 2040 Pyrenaei

183 2073 293 2141 saltus
328 2080 431 2163 atque
469 2070 639 2140 Hirciuias
670 2068 822 2141 latebras
857 2068 1075 2160 penetravit:
1101 2067 1263 2165 ¹niualem

183 2196 399 2277 Caucasum,
450 2171 574 2263 saxum
619 2191 760 2264 Atlanta
804 2192 1025 2284 pertransiit,
1070 2192 1264 2284 permeavit

141 2317 156 2335 ”
182 2318 361 2388 ardentem
382 2315 533 2410 Lybien,
547 2315 676 2407 Euripi
697 2314 871 2385 tremitum
893 2324 998 2405 atque
1021 2324 1132 2383 aestus
1154 2312 1263 2384 Euxi-

182 2441 258 2510 nios
278 2449 314 2510 et
333 2437 458 2509 dubias
481 2438 601 2530 Syrtes
622 2447 657 2508 et
675 2437 846 2509 tumidum
868 2437 1050 2527 navigavit
1070 2457 1261 2508 oceanum:

182 2565 260 2634 baec
277 2562 334 2633 die
351 2583 421 2631 uno
439 2560 606 2652 Hispalim
625 2570 661 2631 et
678 2559 921 2652 Carthaginem
936 2560 1163 2654 expugnavit.
1178 2560 1262 2630 Nam

182 2687 218 2756 in
247 2685 378 2755 maiore
405 2686 512 2755 altera
538 2686 618 2776 plus
644 2682 776 2774 negotii
802 2705 864 2776 par
890 2660 1056 2766 eventus3
1084 2683 1158 2754 baec
1190 2685 1263 2778 ipsa

182 2808 418 2893 Numantiam,
437 2809 515 2878 baec
533 2807 822 2903 Hierosolymam,
838 2809 915 2878 hacc
928 2807 1131 2879 Corinthum
1144 2806 1261 2890 diruit,

183 2931 260 3002 haec
287 2932 493 3027 Syracusas,
527 2931 605 3002 baec
634 2931 804 3025 Capuam,
834 2930 909 3002 haec
938 2933 1125 3002 Tarentum
1157 2928 1262 3022 oepit,

183 3055 259 3124 baec
289 3056 486 3146 Hispanias
521 3055 599 3126 haec
628 3055 773 3140 Gallias,
809 3054 887 3124 haec
918 3052 1154 3138 Germaniam,
1188 3053 1264 3122 baec

184 3174 335 3247 Africam
358 3174 559 3269 Asiamque.
583 3177 652 3249 Sed
672 3200 742 3270 quo
762 3180 878 3249 leror‘l
902 3179 985 3250 Haeo
1011 3179 1161 3263 ltaliam,
1189 3178 1265 3248 baec

184 3299 373 3392 Europam,
404 3299 481 3371 brec
508 3309 678 3371 terrarum
705 3301 825 3373 orbem
852 3301 959 3372 armis
984 3302 1132 3387 domuit,
1161 3314 1265 3395 atque

186 3421 387 3507 virtutibus
414 3445 553 3516 unoque
573 3424 685 3516 capite
703 3424 806 3494 lussit
825 3445 906 3495 esse
931 3434 1129 3497 contentum
1144 3411 1266 3498 :sem-

187 3569 250 3639 per
261 3528 395 3617 ‘victrix
412 3557 448 3616 et
469 3568 608 3641 semper
627 3547 801 3633 indomita,
822 3549 889 3619 nisi
906 3548 954 3617 illi
971 3548 1131 3619 victoriae
1148 3568 1265 3620 comes

187 3671 370 3743 insolentia
388 3670 578 3754 nocuisset,
598 3681 634 3742 et
655 3680 693 3740 ut
713 3672 795 3756 dixi,
816 3674 1093 3764 luxumscmper
1110 3695 1153 3744 ac
1169 3675 1267 3744 lune·

190 3802 388 3864 stosmores
402 3794 555 3886 paritura
570 3795 783 3888 prosperitas
796 3796 830 3864 in
845 3817 908 3866 sua
921 3793 1060 3889 degrum
1075 3795 1268 3888 praecordia

189 3918 318 3987 terrum
337 3926 495 4003 vertens,
515 3919 549 3987 in
569 3938 649 3988 sese
667 3917 749 3989 victi
766 3917 860 3990 orbis
879 3919 1023 3989 iniurias
1041 3919 1267 3991 vindicasset.

288 4041 333 4111 Et
377 4040 455 4110 haec
496 4039 638 4133 quidem
681 4039 740 4110 illi.
783 4042 901 4113 Nostri
938 4047 1053 4113 autem
1092 4042 1268 4112 exercitus

190 4160 282 4254 pleni
302 4165 418 4234 furum
441 4163 728 4257 praedonumque,
754 4165 947 4238 crebriores
970 4164 1143 4240 sociorum
1165 4185 1267 4259 quam
