2804 4656
278 311 371 360 LIBER
393 310 704 362 vlcnslllttsrnnrlds
716 331 756 345 -·
770 312 923 361 nrlsnctn
945 314 963 360 l.
1104 301 1162 360 183

80 449 163 522 nulli
188 424 368 519 hominum
389 448 482 540 loqui
500 447 613 533 iuvat,
647 448 693 519 ad
727 461 760 521 te
793 451 914 520 ultima
943 458 978 521 et
1008 451 1162 522 maxima

78 593 160 667 spes
181 572 379 643 mortalium
401 592 524 666 preces
546 580 656 643 verto.
680 574 715 643 Si
736 571 812 657 tibi,
835 584 971 645 creator
992 576 1160 659 omnium,

78 691 259 766 beneficiis
281 692 350 763 tuis
371 715 495 787 parum
513 695 712 765 memoriter
733 696 788 765 usi
808 696 876 765 visi
896 716 1035 780 sumus,
1060 696 1089 765 si
1103 717 1160 766 su-

80 815 261 906 percilium
274 814 376 885 altius
391 816 478 886 forte
491 837 596 907 quarn
610 815 742 899 decuit,
758 824 895 888 tantcet
909 826 979 886 tam
994 820 1160 910 praesenti

79 939 271 1010 divinitatis
292 938 411 1008 lavore
434 937 657 1022 sustulimus,
683 948 719 1009 et
742 939 917 1011 contrario
942 940 997 1010 vis
1024 941 1161 1022 ulcisci,

82 1060 188 1132 rebus
210 1061 330 1132 faciem
358 1071 464 1162 muta.
493 1062 566 1132 Tua
592 1072 647 1132 est
672 1061 763 1131 enim
791 1063 942 1144 fortuna,
978 1073 1048 1134 tuae
1082 1075 1162 1134 snut

83 1192 211 1267 sortes,
234 1191 304 1255 tuae
330 1203 558 1254 successuum
586 1180 815 1253 humanorum
843 1183 950 1254 vices.
976 1184 1163 1278 Imperavi-

83 1327 160 1376 mus
183 1305 388 1391 insolenter,
413 1304 611 1376 serviamus
632 1303 818 1378 humiliter.
841 1304 972 1377 averte
993 1309 1163 1379 latronum

83 1429 220 1521 iugum,
246 1430 275 1498 si
301 1450 455 1523 unquam
480 1430 651 1531 latronum
677 1450 776 1499 more
796 1431 1042 1522 pugnavimus,
1071 1431 1106 1499 Si
1133 1440 1166 1502 te
1273 1522 1275 1526 .

82 1552 290 1624 offendimus
310 1551 393 1623 etsi
415 1550 474 1622 tibi
496 1551 639 1621 libertas
661 1563 782 1623 nostra
800 1572 869 1622 non
890 1555 1021 1645 placet,
1044 1564 1080 1625 at
1098 1556 1167 1625 sal-

84 1686 151 1746 tem
172 1675 308 1746 illorum
326 1673 455 1760 caedeS,
480 1673 678 1765 sacrilegia,
693 1674 841 1767 rapinae‚
861 1677 965 1760 furta,
981 1676 1164 1759 adulteria,

85 1806 204 1891 stupra
217 1798 425 1893 displiceant
439 1825 446 1868 :
461 1796 564 1868 obsta
585 1805 635 1868 tot
653 1798 768 1881 malis,
791 1808 825 1868 et
848 1809 880 1869 te
897 1799 1080 1870 Dominum
1101 1801 1167 1870 illis

84 1920 244 2007 ostende,
267 1922 326 2014 qui
360 1921 527 1992 dixerunt
551 1921 585 1988 in
618 1920 724 1992 corde
758 1942 838 1992 suo:
873 1920 951 1991 Nou
984 1932 1031 1989 cst
1064 1922 1164 2006 Deus,

86 2052 232 2137 tuosque
260 2052 357 2136 pater
390 2042 518 2115 adiuva
544 2040 704 2112 fortassis
731 2043 941 2126 immeritos,
971 2042 1035 2113 sed
1063 2042 1107 2114 de
1136 2053 1168 2115 te

86 2176 279 2259 sperantes,
303 2178 473 2259 tuumque
493 2186 619 2237 nomen
643 2186 721 2235 cum
755 2165 907 2237 lacrimis
943 2165 1165 2249 invocantes

86 2297 119 2359 et
138 2288 291 2381 ingenue
319 2291 466 2360 latentes
495 2287 591 2381 quod
615 2309 683 2358 noa
709 2298 757 2359 ort
776 2288 862 2360 olias
882 2289 940 2382 qui
960 2301 1087 2382 pugnet
1106 2315 1168 2384 pro

89 2413 190 2498 cobis,
213 2414 280 2482 nist
301 2423 337 2480 tu
358 2411 445 2482 Deus
464 2422 582 2482 noster.

227 2566 361 2623 Kalendis
379 2566 560 2639 Septembris.

589 2777 668 2785 —-

514 3013 693 3077 EPISTULA
714 3014 746 3076 ΙΙ.

166 3185 362 3238 ruanclscns
384 3183 554 3234 Parnasus
575 3181 701 3233 CAROLO
723 3183 765 3231 lv.
788 3183 852 3231 ltin.
869 3183 941 3232 AUG.
957 3183 982 3233 S.
1007 3184 1035 3233 Ρ.
1057 3183 1091 3232 DJ

140 3330 301 3402 Neglectam
317 3292 436 3383 Romani
451 3324 564 3397 Imperii
577 3339 673 3379 curam
688 3323 790 3379 iterum
806 3324 969 3396 exprobrat,
987 3330 1015 3380 el
1027 3341 1113 3378 novas

307 3415 511 3470 exhortationes
525 3413 584 3468 eius
600 3428 697 3468 caussa
712 3412 851 3469 veteribus
865 3413 950 3470 addit.

186 3656 323 3726 Laetum
343 3675 400 3724 me
420 3652 500 3741 fecit
518 3650 665 3746 epistola
692 3662 765 3733 tua,
789 3651 917 3721 Caesar.
942 3644 1033 3730 Quid
1054 3647 1088 3716 ni
1109 3667 1169 3716 au-

94 3786 172 3858 tem,
195 3799 276 3847 cum
300 3777 374 3846 sola
392 3775 441 3846 tui
463 3773 657 3846 recordatio
678 3776 794 3844 laetum
812 3775 925 3843 facere
944 3772 1066 3855 soleat,
1088 3768 1171 3840 dum

94 3898 184 3970 subit
205 3898 361 3970 animum
384 3919 453 3982 mc,
473 3885 593 3968 nescid
613 3895 753 3988 quidem
772 3894 876 3978 unde,
892 3888 1017 3963 nisiex
1036 3891 1173 3962 tuahu·

94 4022 255 4093 manitatc
282 4030 317 4091 et
342 4023 481 4091 fortuna
507 4039 598 4102 mea,
627 4019 701 4088 sive
726 4027 764 4088 ut
784 4016 849 4088 hnc
875 4016 1031 4086 ultimum
1054 4013 1173 4084 sanius

94 4141 229 4236 loquar,
251 4164 322 4214 non
339 4154 434 4215 certe
462 4140 566 4216 solari
588 4140 716 4212 virtute
742 4138 809 4212 sub
834 4163 904 4233 qua
929 4159 1045 4211 essem
1071 4147 1175 4212 natus
