2738 4680
155 292 214 354 loll
496 307 537 354 uc
559 305 660 356 nunus
681 298 904 354 murmuramus

152 448 317 542 quoniam
340 470 403 521 seu
421 450 572 521 Fortuna
596 472 657 522 seu
685 450 774 523 alius
801 450 926 520 fuisset
953 449 1052 541 regni
1078 451 1234 542 largitor,

153 572 284 644 licitum
312 571 472 643 sibinen
498 572 752 666 tantumquod
784 571 941 644 dedisset
973 581 1141 659 atterere,
1177 572 1238 645 sed

152 699 311 766 auferre:
333 694 529 767 babendum
552 707 668 767 tamen
690 715 788 791 spem
809 695 843 765 in
862 697 1237 790 lllo'perquemreges

152 830 314 910 regnant,
336 819 396 913 qui
424 840 507 891 suos
535 841 605 890 non
639 818 805 890 interimit
831 818 894 890 sed
917 815 1086 908 castigat,
1114 820 1150 890 et
1175 837 1238 912 pro

151 941 318 1034 qualitate
339 954 537 1014 nostrarum
557 940 805 1032 aegritudinum
832 961 929 1035 saepe
954 941 1114 1015 fortassis
1139 962 1235 1012 ama-

153 1066 243 1150 riuS,
267 1088 443 1158 nunquam
465 1086 551 1136 vero
573 1065 637 1135 nisi
660 1065 714 1157 pie
735 1087 776 1135 ac
797 1062 982 1137 salubriter
1002 1087 1064 1136 nos
1083 1077 1233 1138 exercet.

153 1188 327 1261 Caeterum
361 1198 437 1261 orta
464 1187 544 1259 binc
568 1189 705 1259 occasio
730 1188 830 1278 regio
854 1198 930 1259 erat
954 1187 1169 1260 adolescenti
1199 1202 1237 1260 ut

152 1312 209 1384 die
233 1313 336 1396 festo,
364 1332 538 1403 quocum
565 1311 707 1402 collegis
735 1311 823 1382 meis
851 1310 1018 1383 invitatus
1044 1311 1090 1383 ad
1116 1312 1236 1383 convi-

152 1435 248 1506 vium
271 1435 366 1525 regis
388 1455 498 1519 eram,
526 1443 562 1507 tu
585 1434 661 1527 ipse
688 1455 766 1505 cum
788 1432 1000 1527 quibusdam
1032 1433 1235 1505 clarissimis

152 1558 239 1629 viris
260 1566 365 1649 alque
389 1556 602 1630 doctissimis
629 1556 674 1628 ad
699 1557 766 1629 hoc
791 1580 882 1651 opus
909 1557 1047 1642 electis,
1074 1579 1130 1627 me
1157 1567 1236 1650 post

154 1681 290 1774 prandii
307 1679 412 1753 finem
425 1682 545 1754 verbis
561 1680 853 1773 aggrederemini,
871 1690 908 1752 ut
919 1681 964 1751 de
981 1681 1048 1751 hac
1059 1680 1138 1773 ipsa
1151 1681 1237 1759 For-

154 1815 236 1876 tuna
257 1804 408 1876 dicerem
431 1806 516 1897 quid
537 1806 714 1879 sentirem.
737 1805 840 1888 Quod
858 1827 936 1876 cum
960 1803 1043 1874 mihi
1065 1825 1146 1876 sera
1166 1803 1234 1874 iam

153 1938 254 1999 nocte
278 1930 475 1999 nuntiatum
497 1938 592 2000 esset
611 1949 674 2021 per
693 1927 866 2000 bominem
888 1927 990 1996 lamae
1015 1927 1161 1997 anxium
1181 1904 1236 1997 sc-

152 2051 352 2144 licitumque
372 2073 477 2137 meae,
496 2050 660 2144 quamvis
681 2061 717 2123 et
736 2049 964 2142 indispositus
985 2048 1030 2120 ad
1052 2049 1142 2120 hanc
1163 2071 1234 2121 rem

152 2183 187 2246 et
214 2167 317 2266 longe
345 2175 421 2245 aliis
450 2166 652 2265 implicitus
680 2174 761 2266 quia
788 2182 904 2244 tamen
929 2195 999 2244 non
1024 2175 1055 2244 is
1079 2184 1157 2245 erat
1180 2174 1235 2246 cui

152 2299 250 2370 facile
273 2309 392 2391 posset
412 2298 561 2383 obstari,
583 2319 628 2368 ne
649 2296 839 2390 improvisa
860 2306 895 2367 et
916 2296 1030 2367 subita
1051 2319 1089 2381 re
1118 2296 1237 2369 turba-

153 2443 224 2504 rer,
248 2421 411 2512 recollegi
431 2421 585 2491 animum
606 2405 774 2512 quantum
795 2442 874 2491 cum
893 2428 945 2492 tot
959 2420 1053 2491 curis
1067 2421 1143 2492 sinc
1159 2413 1236 2492 ullis

153 2536 256 2613 libris
274 2543 386 2635 potui,
422 2543 549 2634 utqui
579 2563 649 2614 uuo
682 2541 793 2613 verbo
826 2542 999 2637 expedire
1028 2545 1235 2615 sententiam

154 2679 268 2745 meam
290 2681 448 2753 possem:
476 2660 622 2731 credere
648 2682 704 2731 me
730 2660 860 2731 scilicet
884 2671 922 2731 et
953 2681 1092 2754 semper
1123 2661 1236 2735 credi-

153 2779 250 2852 disse
271 2782 486 2869 dicentibus,
513 2783 560 2852 nil
593 2782 736 2854 omnino
769 2783 874 2854 aliud.
897 2784 1177 2875 quam-nudum
1202 2795 1237 2855 et

153 2903 256 2976 inane
276 2927 404 2977 nomen
425 2928 506 2979 esse
523 2906 728 2989 Fortunam,
750 2907 890 2978 tametsi
911 2906 945 2976 in
967 2909 1146 3009 communi¹
1164 2929 1236 2979 ser-
1299 2929 1305 2938 ·

154 3049 256 3099 mone
276 3033 440 3122 populum
463 3031 580 3124 sequi,
603 3040 638 3104 et
653 3051 755 3124 saepe
777 3030 963 3109 Fortunam
982 3027 1163 3103 nominare
1181 3051 1236 3102 so·

153 3151 235 3223 litus
262 3155 448 3227 coloratius
475 3155 606 3248 aliquid
626 3155 762 3238 dicens,
785 3175 830 3224 ne
850 3171 927 3237 eos,
949 3153 1010 3246 qui
1024 3153 1116 3225 illam
1131 3157 1233 3226 Deam

156 3296 216 3346 seu
244 3275 610 3348 rerumhumanarum
636 3277 813 3349 dominam
839 3277 1024 3368 opinantur
1049 3288 1155 3371 atque
1180 3300 1237 3350 as-

156 3411 292 3484 serunt,
320 3400 422 3471 nimis
449 3402 673 3473 offenderem.
694 3397 859 3493 Sequenti
882 3410 998 3471 autem
1018 3400 1093 3487 die,
1120 3411 1162 3473 ut
1184 3403 1236 3472 vi·

155 3523 251 3609 disti,
274 3545 357 3615 rege
378 3527 522 3596 multum
540 3524 574 3593 in
593 3523 804 3595 nostrisseu
818 3522 937 3593 verius
956 3523 1029 3594 suis
1044 3524 1235 3597 bonoribus

155 3659 337 3740 occupato,
360 3650 455 3718 Duce
475 3645 638 3739 quamvis
660 3644 694 3714 in
715 3644 750 3717 id
771 3666 886 3716 unum·
900 3645 994 3736 quod
1019 3647 1165 3739 optabat
1185 3649 1237 3717 in·

156 3779 265 3854 tento,
288 3792 479 3864 regemque
500 3792 592 3841 nunc
609 3767 722 3864 'verbo
742 3790 835 3839 nunc
854 3768 997 3852 nutibus
1018 3771 1234 3856 admonente,

157 3892 242 3963 bora
259 3893 308 3963 illi
320 3904 440 3965 nostro
453 3894 625 3965 destinata
638 3891 810 3984 colloquio
823 3891 858 3961 iu
872 3892 949 3964 aliis
963 3903 1019 3966 est
1031 3894 1235 3990 absumpta:

157 4025 192 4085 ct
211 4036 277 4106 ego
298 4016 532 4109 respondendi
552 4037 656 4088 onere
678 4014 843 4088 liberatus
862 4015 948 4099 abii,
969 4016 1006 4090 ut
1022 4019 1126 4090 laetus
1144 4017 1238 4112 quod

41 4225 43 4231 X
157 4150 275 4209 contra
293 4139 466 4231 publicam
489 4143 694 4214 sententiam
712 4143 746 4213 in
764 4144 903 4234 publico
921 4143 1016 4236 loqui
1032 4165 1103 4215 non
1121 4159 1236 4214 essem
