2804 4656
216 275 274 335 lsb
558 286 598 332 ns
621 283 722 332 uanus
744 282 965 331 unirruraarnus

214 429 343 500 virtute
369 450 409 498 ac
440 430 575 498 lortuna
608 422 906 506 concurrentibus,
929 423 1132 495 mirabiliter
1161 427 1293 497 confre-

214 553 313 644 gisti,
341 550 471 623 utinam
499 549 662 630 viveres;
693 546 754 618 tibi
777 550 951 641 loquerer.
978 549 1006 619 Ο
1032 549 1135 620 Paule
1162 549 1291 630 AEmili,

214 677 274 768 qui
296 695 399 766 reges
417 673 645 745 Macedonum
664 681 805 742 vetusto
822 673 967 766 imperio
985 674 1093 743 elatos
1112 681 1148 742 et
1167 671 1293 742 adver-

215 819 276 867 sus
303 795 434 865 ltaliam
461 792 672 864 rebellantes
696 791 832 864 vinctos
858 802 939 864 ante
965 816 1107 863 currum
1133 793 1167 862 in
1195 793 1293 885 Capi-

216 919 333 990 tolium
355 916 466 1009 egisti,
486 927 521 988 et
545 916 691 986 Romani
715 915 834 1006 iugum
862 915 998 1008 imperii
1019 919 1108 987 ferre
1128 914 1289 999 docuisti,

216 1042 344 1111 utinam
366 1040 530 1122 viveres;
553 1035 806 1130 tibi'loqnerer.
828 1039 856 1106 Ο
877 1039 981 1123 Mari,
1004 1048 1042 1109 ut
1062 1039 1290 1130 compatriota

214 1165 296 1234 tuns
317 1163 365 1233 ait
385 1162 517 1242 Cicero,
542 1160 718 1231 rusticane
735 1160 791 1230 vir
812 1159 874 1230 sed
895 1182 978 1231 vere
998 1163 1063 1243 vir,
1086 1160 1144 1252 qui
1166 1161 1291 1232 barba-

214 1307 272 1356 ros
292 1286 325 1354 in
348 1286 481 1355 ltaliam
503 1283 735 1375 irrumpentes
756 1281 842 1376 ipsis
862 1304 982 1353 eorum
1005 1282 1040 1352 in
1056 1282 1183 1354 linibus
1197 1295 1291 1355 tanto

213 1408 344 1499 impetu
362 1407 548 1500 superasti,
569 1416 605 1475 ut
622 1404 666 1476 de
683 1404 836 1475 cruentis
854 1404 1055 1477 fluminibus
1073 1405 1119 1476 ab
1135 1407 1291 1478 exercitu

214 1530 352 1600 sitiente
371 1551 440 1601 non
464 1531 541 1621 plns
563 1549 664 1620 aquae
686 1547 792 1619 quam
812 1527 992 1617 sanguinis
1007 1526 1201 1616 biberetur,
1216 1529 1292 1622 qui·

212 1674 281 1744 que
302 1673 384 1720 mox
405 1651 450 1720 ad
471 1650 571 1720 aliam
594 1649 713 1721 mundi
734 1651 872 1742 plagam
898 1652 986 1721 mira
1011 1653 1185 1723 celeritate
1211 1675 1291 1724 con-

212 1796 356 1859 versus,
378 1776 425 1843 ita
445 1776 597 1844 furorem
620 1772 827 1844 Cimbricum
843 1775 1047 1867 oppressisti
1064 1784 1100 1844 ut
1113 1777 1175 1845 vix
1190 1775 1292 1847 cada·

211 1896 355 1969 veribus
378 1898 452 1968 suis
474 1896 658 1988 utrobique
679 1897 771 1966 victa
791 1895 984 1982 barbaries,
1007 1897 1071 1966 vix
1091 1898 1289 1990 agminibus

210 2021 428 2114 captivorum
454 2021 582 2089 victrix
608 2020 717 2089 Bonna
744 2019 938 2103 sufficeret,
967 2020 1099 2091 utinam
1126 2020 1288 2102 viveres3

210 2142 270 2211 tibi
289 2144 459 2235 loquerer.
475 2143 503 2210 Ο
521 2143 646 2233 lllagne
664 2142 816 2234 Pompei,
834 2142 892 2234 qui
909 2144 1067 2213 infamem
1084 2143 1289 2237 praedonum

208 2277 386 2338 catervam
408 2265 575 2334 Romanis
597 2262 771 2335 classibus
792 2265 989 2357 ltalicisque
1013 2265 1172 2336 litoribus
1207 2265 1290 2336 inle-

210 2400 300 2460 stam
314 2410 354 2458 ao
370 2397 440 2457 toto
454 2389 520 2457 iam
540 2389 662 2478 pelago
684 2387 889 2458 saevientem
907 2388 1118 2460 brevissimo
1136 2401 1290 2484 tempore

208 2511 388 2592 domuisti,
412 2517 516 2600 atque
536 2510 571 2578 in
597 2508 738 2579 vincula
765 2510 950 2597 coniecisti,
975 2514 1103 2583 utinam
1125 2513 1287 2592 viveres;
1342 2547 1347 2564 ι

210 2633 271 2705 tibi
290 2635 463 2722 loquerer,
487 2642 522 2702 et
544 2653 703 2724 precarer
724 2640 762 2701 ut
782 2633 872 2703 sicut
892 2635 1009 2706 omnia
1030 2635 1137 2706 maria
1166 2637 1290 2708 infecta

209 2757 376 2849 purgasti,
400 2757 446 2827 ita
468 2777 568 2841 nuno,
592 2777 661 2825 uon
683 2754 761 2826 dico
783 2777 905 2827 omnes
926 2767 1053 2842 terraS,
1077 2758 1139 2830 sed
1156 2760 1289 2832 ltaliam

209 2867 330 2952 saltem
347 2889 440 2950 tuam
459 2900 549 2949 nova
568 2878 772 2971 praedonum
793 2902 897 2950 mann
916 2880 1158 2952 miserabiliter
1177 2882 1289 2976 inqui-

208 3010 325 3071 natam
357 3001 456 3070 solita
482 3002 612 3072 virtute
638 3023 820 3096 purgares.
848 3003 876 3073 Ο
902 3003 965 3073 luli
992 3003 1123 3088 Caesar,
1151 3006 1211 3097 qui
1238 3007 1302 3074 in-‘

208 3145 334 3194 cursus
352 3125 504 3195 hostium
526 3147 595 3195 non
616 3136 823 3217 expectans,
847 3127 970 3219 raptim
1000 3129 1173 3219 superatis
1194 3128 1286 3221 Alpi-

107 3261 112 3271 ‘
210 3247 448 3332 bus,Rheno,
472 3247 640 3319 Rhodano
661 3270 702 3318 ac
726 3248 901 3318 Garumna
918 3248 1119 3320 fluminibus
1141 3252 1288 3344 impigre

207 3369 437 3453 transmissis,
460 3369 627 3441 incertum
652 3392 695 3439 an
716 3369 920 3442 fortunatior
937 3393 979 3442 an
999 3375 1130 3456 fortior,
1154 3374 1286 3446 victrici

208 3494 281 3564 acie
296 3495 538 3575 Germaniam,
574 3493 716 3579 Gallias,
742 3494 953 3566 Britanniam
970 3506 1083 3589 atque
1103 3498 1286 3593 Hispanias

208 3619 415 3709 peragrasti,
451 3618 580 3688 utinam
609 3618 775 3699 viveres;
809 3618 868 3688 tibi
902 3621 1072 3711 loquerer.
1107 3623 1135 3690 Ο
1169 3623 1287 3694 Caesar

208 3737 381 3829 Auguste,
413 3738 473 3832 qui
507 3739 620 3828 Reges
654 3747 756 3808 terrae
788 3749 822 3810 et
854 3742 1047 3832 legationes
1079 3745 1284 3836 populorum

208 3861 361 3932 omnium
389 3863 434 3933 ad
467 3882 581 3952 genua
615 3859 896 3953 procumbentes,
929 3874 1046 3957 atque,
1083 3874 1120 3935 ut
1150 3866 1287 3960 proprie

209 3983 335 4068 dicam,
359 3984 474 4078 ipsum
501 3983 618 4054 orbem
648 3991 817 4056 terrarum
845 3987 1034 4080 supplicem
1068 4000 1102 4059 et
1136 3988 1285 4060 affusum

209 4126 255 4174 ex
273 4105 443 4180 altissimo
465 4107 551 4180 solio
571 4103 705 4192 nidisti,
732 4118 767 4180 el
786 4131 872 4203 pace
894 4122 984 4182 terra
1011 4111 1168 4206 marique
1194 4133 1287 4183 com-
