2940 4650
195 299 253 361 522
534 315 693 365 arrasum
715 316 931 393 mrrnasuuu.

174 476 176 480 ·
195 455 404 540 necessaria,
426 478 491 527 nec
508 466 702 550 praestaret.
725 457 834 530 Nobis
851 479 948 542 sane,
964 462 994 530 si
1012 462 1212 554 sapimus,
1234 485 1304 534 non

194 579 229 648 in
250 580 392 669 longum
414 578 530 662 modo,
554 579 670 650 sedin
695 579 799 650 finem
826 603 966 674 quoque
992 584 1301 678 prospiciendum

193 711 261 780 est,
281 711 319 771 ut
335 700 487 772 vitemus
505 701 588 772 illud
607 704 749 774 Senecae
765 704 860 796 quod
882 703 1035 775 humano
1059 707 1196 796 generi
1218 707 1301 778 facit

192 823 454 917 improperium,
475 824 534 894 ubi
557 825 626 896 ait:
648 823 687 893 de
703 827 856 918 partibus
877 827 955 896 uitae
978 832 1135 916 cogitare
1159 852 1295 913 omnes,

72 997 75 1009 .
99 951 100 954 ’
192 949 356 1016 nemiuem
385 945 424 1015 de
455 959 532 1016 toto.
562 949 654 1019 Vere
679 949 935 1034 sicesteuim,
958 950 1086 1021 ethoc
1108 952 1294 1045 estquod

190 1069 333 1138 consilia
367 1079 488 1140 nostra
511 1070 718 1165 praecipitat,
748 1082 785 1141 ιιι
810 1072 900 1142 inter
928 1074 1189 1164 occupationes
1217 1085 1290 1146 tam

190 1192 308 1262 varias
345 1192 594 1284 (miserandum
630 1193 802 1284 simulet
834 1194 1033 1287 ridiculum)
1070 1196 1288 1287 ignoremus

189 1332 339 1403 quonam
362 1311 562 1384 fluctuantis
586 1313 669 1384 vitae
690 1313 927 1405 gubernacula
959 1315 1176 1406 dirigamus.
1205 1318 1286 1390 Scio

190 1434 431 1504 Clausaevallis
473 1434 661 1528 optabilem
706 1436 834 1507 aeslivo
877 1437 1072 1531 prasertim
1118 1449 1284 1532 tempore

189 1556 396 1624 stationem:
421 1565 456 1627 el
477 1558 507 1627 si
530 1559 588 1627 ulli
611 1562 762 1651 uuquam
786 1578 951 1630 secessus
971 1559 1027 1630 ille
1048 1571 1181 1650 gratus
1202 1563 1279 1646 fuit,

187 1676 271 1746 mihi
300 1676 410 1748 luisse
442 1679 697 1771 gratissimum,
731 1681 897 1752 decennis
924 1681 1052 1753 indicio
1078 1694 1138 1753 est
1167 1705 1277 1756 mora.

186 1800 287 1884 Quod
314 1800 344 1871 si
370 1801 465 1894 apud
498 1815 545 1885 te,
573 1805 642 1873 imo
672 1825 759 1874 vero
791 1803 886 1895 apud
918 1804 1068 1873 alterum
1094 1827 1171 1891 me,
1200 1808 1278 1878 sine

186 1924 348 1995 iactantia
369 1925 510 2014 gloriari
532 1927 621 2008 licet,
643 1947 727 2018 pace
756 1925 940 2008 montium,
968 1946 1009 1994 ac
1037 1924 1206 2011 fontium,
1236 1951 1276 1999 ac

187 2048 354 2116 silvarum
388 2046 475 2138 quid
508 2046 613 2118 habel
643 2050 740 2119 locus
765 2047 823 2117 ille
854 2045 1040 2138 gloriosius
1072 2047 1275 2121 habitatore

186 2169 393 2239 Francisco?
412 2169 514 2252 Quod
534 2169 665 2242 idcirco
685 2167 834 2239 dixerim
865 2189 909 2238 ne
943 2167 1022 2258 quis
1046 2167 1190 2241 dubitet
1217 2193 1275 2242 me

184 2291 268 2362 illud
296 2313 355 2391 rus
385 2314 477 2362 nuuc
507 2313 690 2384 spernere,
725 2291 821 2385 quod
850 2290 934 2360 milii
969 2291 1130 2383 meisque
1165 2292 1275 2364 rebus

183 2413 401 2505 aptissimum
430 2434 569 2506 semper
593 2415 729 2498 inveni,
764 2412 824 2484 ubi
857 2431 952 2505 saepe
981 2434 1085 2484 curas
1112 2415 1274 2487 urhunes

184 2535 313 2610 rustica
336 2535 457 2627 requie
477 2537 693 2627 permutavi:
719 2535 814 2627 quod
839 2558 908 2606 non
927 2544 1069 2606 *tantum
1095 2537 1274 2611 electione

181 2657 270 2748 ipsa,
306 2656 367 2726 sed
400 2655 601 2746 agrestibus
634 2657 760 2740 muris
793 2667 844 2743 et,
880 2670 918 2730 ut
948 2679 1064 2750 spero,
1098 2659 1273 2732 solidiore

180 2788 362 2861 cremento,
391 2777 511 2849 verbis
544 2788 649 2872 alque
681 2779 895 2851 carminibus
925 2781 1101 2851 illustrare
1132 2782 1271 2853 studui.

180 2905 266 2989 lllio,
286 2904 383 2975 iuvat
403 2903 495 2974 enim
515 2903 728 2987 meminisse,
747 2903 900 2988 Africam
923 2925 1033 2974 meam
1055 2903 1146 2995 coepi
1170 2913 1272 2976 tanto
1344 2892 1345 2895 ¹

180 3028 310 3119 impetu
340 3038 506 3118 tantoque
533 3027 611 3096 nisu
638 3027 758 3109 animi,
792 3037 829 3098 ut
862 3047 954 3096 nunc
979 3026 1096 3094 limam
1118 3047 1187 3116 per
1208 3049 1273 3096 ea-

178 3147 256 3219 dem
276 3151 431 3218 relerens
449 3150 614 3238 vestigia,
634 3148 710 3240 ipsc
728 3169 839 3218 meam
861 3148 1059 3230 audaciam,
1081 3156 1117 3216 et
1133 3169 1271 3240 magua

177 3270 292 3362 operis
314 3269 538 3342 fundamenta
558 3270 817 3363 quodammodo
838 3269 1115 3362 perhorrescam.
1135 3268 1214 3341 lllic
1233 3280 1272 3342 et

176 3393 401 3485 epistolarum
431 3395 613 3485 utriusque
648 3392 716 3463 stili
752 3402 883 3484 partem
918 3413 987 3462 non
1018 3389 1203 3481 exiguam,
1233 3406 1272 3467 et
1332 3456 1334 3461 ,

176 3537 263 3606 pene
296 3525 404 3586 totum
435 3517 636 3585 Bucolicum
670 3534 809 3584 carmen
840 3512 990 3597 absolvi,
1021 3534 1126 3604 quam
1162 3513 1269 3588 brevi

175 3635 312 3706 dierum
335 3636 460 3729 spatio,
483 3637 511 3705 si
534 3636 641 3718 noris,
666 3644 818 3728 stupeas.
838 3637 961 3706 Nullus
982 3637 1077 3706 locus
1099 3643 1162 3704 aut
1187 3640 1271 3729 plus

175 3760 240 3828 ocii
260 3760 426 3852 praebuit,
449 3771 509 3830 aut
529 3758 688 3829 stimulos
711 3758 872 3830 acriores.
896 3759 952 3828 Ex
973 3754 1135 3830 omnibus
1156 3761 1270 3831 terris
1311 3766 1320 3789 ⁰
1421 3760 1422 3767 ’

175 3903 216 3952 ac
248 3884 386 3952 saeculis
420 3882 575 3953 illustres
608 3879 703 3951 viros
737 3881 773 3950 iu
808 3902 913 3952 unum
947 3878 1180 3952 contrahendi
1208 3882 1270 3955 illa

175 4003 259 4072 mim
281 4004 430 4083 soiuuuo
451 4003 732 4077 densissimum.
761 4004 956 4075 soritarum
982 4003 1091 4073 vitam
1117 3981 1270 4097 ‘religio

175 4147 323 4218 sumque
348 4128 469 4213 otium,
498 4126 637 4220 singula
662 4124 709 4196 ibi
736 4125 883 4218 singulis
904 4123 1149 4199 'voluminibus
1182 4150 1270 4222 per-
