2934 4650
224 309 302 370 408.
688 318 848 370 alannum

227 472 293 564 pali
317 456 429 557 laude,
451 481 487 543 et
506 473 657 557 honore,
680 472 745 542 nisi
767 473 876 558 fallor,
903 480 938 540 et
958 470 1069 562 gratia
1099 471 1245 563 dignus
1275 473 1332 542 sit.

225 593 339 679 Quod,
362 593 427 666 etsi
448 617 502 666 me
525 604 659 667 tacente
677 588 835 679 ‘noveris
858 602 975 664 tamen
1000 593 1138 665 eredidi
1170 615 1248 665 non
1280 603 1333 665 ta·

227 716 386 789 cendum.

738 872 800 882 -σ-

635 1054 812 1120 EPISTULA
835 1053 903 1118 XLI.

249 1215 443 1265 rntnclscbs
464 1212 634 1262 Parnason
656 1211 801 1260 PHILIPPO
824 1210 917 1259 CARI).
939 1207 1095 1258 EPISGOPO
1117 1209 1299 1260 SABINENSI

696 1309 722 1357 S.
745 1311 774 1358 P.
795 1310 826 1358 D.

446 1448 448 1450 ’
486 1456 666 1512 Commendat
680 1456 707 1511 ei
719 1455 870 1510 Iohannem
885 1454 1041 1509 Aretinuni.

323 1695 399 1764 Non
432 1713 512 1762 sum
545 1689 687 1776 oblitnS,
724 1690 1017 1761 reverendissime
1043 1698 1144 1783 pater
1180 1699 1219 1759 et
1246 1687 1316 1761 do-

222 1815 313 1887 mine
331 1816 392 1900 mi,
407 1815 489 1886 dum
509 1814 700 1885 novissime
718 1833 781 1908 pro
800 1812 938 1884 duobus
959 1811 1154 1903 paternitati
1173 1823 1314 1884 vestrae

223 1939 426 2024 scriberem,
450 1939 542 2031 quod
564 1938 747 2008 vobiscum
770 1936 900 2029 pepigi,
924 1943 962 2004 ut
982 1955 1046 2004 vos
1072 1933 1117 2005 de
1143 1932 1313 2026 pluribus

220 2081 289 2131 non
304 2081 505 2152 gravarem3
519 2071 554 2130 et
572 2082 677 2141 nune,
691 2057 830 2129 domine
846 2056 902 2138 mi,
922 2055 1083 2146 quamvis
1102 2074 1159 2123 ser
1178 2053 1312 2124 Iohan-

221 2204 283 2252 nes
305 2183 350 2253 de
366 2180 506 2252 Arbetio
530 2181 756 2274 praesentium
784 2181 872 2249 lator
899 2177 944 2246 sit
973 2175 1053 2245 mihi
1081 2174 1308 2279 carissimus,

221 2313 256 2374 et
282 2325 357 2375 suae
388 2302 528 2374 virtutis
554 2301 679 2372 intuitu
712 2311 748 2371 et
777 2304 940 2391 respectu
974 2297 1118 2388 originis
1146 2318 1230 2389 quae
1257 2299 1307 2368 illi

219 2425 414 2497 eommuniS
446 2432 501 2494 est
539 2443 695 2507 meeum,
734 2431 876 2515 propter
911 2440 1032 2490 omnes
1070 2422 1309 2493 communiter

219 2547 316 2618 cives
349 2545 446 2617 urbis
479 2545 571 2615 illius
597 2564 685 2636 quos
712 2543 814 2614 valde
841 2542 960 2633 dilige,
992 2562 1147 2613 meorum
1169 2543 1306 2615 eivium

218 2668 330 2761 gratia
364 2666 422 2759 qui
457 2688 513 2737 me
550 2673 735 2758 antequam
770 2686 934 2736 nascerer
966 2676 1194 2760 exceperunt,
1229 2688 1304 2737 non

219 2798 332 2861 tamen
354 2788 519 2859 auderem
542 2810 603 2882 pro
622 2787 698 2882 ipso
719 2787 824 2863 vobisx
843 2785 1007 2872 scribere,
1031 2811 1073 2858 ne
1092 2785 1302 2880 foediiragus

217 2911 284 2984 dici
306 2933 462 3007 possem,
482 2912 549 2983 nisi
570 2912 614 2985 ad
636 2911 857 2984 scribendum
877 2933 932 2983 me
953 2934 1022 2982 non
1043 2911 1158 2981 minus
1185 2915 1300 2984 vestri

217 3056 319 3126 quam
347 3035 457 3128 ipsius
482 3047 662 3128 respectus
693 3035 883 3108 induceret.
911 3034 990 3127 lpse
1015 3035 1118 3115 enim,
1145 3033 1301 3109 nisime

216 3177 315 3226 amor
340 3156 432 3238 fallit,
461 3159 598 3228 iuvenis
622 3157 736 3228 bonus
762 3168 830 3238 est,
858 3166 896 3226 et
921 3154 1035 3227 bonus
1069 3151 1231 3247 scriptor,
1261 3169 1300 3230 et

215 3276 364 3350 dictator
383 3301 453 3350 non
474 3259 585 3350 solum
607 3278 737 3361 bonuS,
761 3278 824 3349 sed
850 3300 956 3378 super
976 3299 1194 3349 communem
1222 3302 1300 3352 mo-

214 3400 311 3487 dum,
328 3399 451 3493 siquid
465 3400 508 3471 de
524 3399 651 3471 talibus
665 3401 758 3470 novi.
774 3401 838 3484 Qui
854 3422 949 3494 saepe
963 3401 1030 3474 iam
1049 3400 1180 3471 litteras
1198 3403 1299 3476 misit

215 3524 395 3614 elegantes
421 3521 582 3594 dominus
610 3521 801 3592 Cardinalis
823 3544 936 3594 novus
956 3522 1001 3593 de
1022 3523 1156 3594 Ursinis
1176 3526 1298 3616 requi-

215 3627 298 3712 sivit
314 3665 395 3750 eum
414 3628 586 3715 instanter
604 3652 642 3713 ut
659 3663 776 3713 secum
796 3645 863 3714 iret
880 3645 923 3715 ad
939 3645 1078 3715 Curiam
1096 3667 1163 3716 non
1182 3667 1297 3738 parva

213 3762 281 3833 sub
311 3784 389 3857 spe,
417 3763 480 3834 sed
507 3764 574 3836 iste
594 3763 653 3857 qui
674 3786 743 3835 non
763 3764 911 3859 libenter
930 3786 1024 3836 novo
1043 3788 1121 3837 eum
1150 3765 1295 3846 domino

212 3881 257 3954 de
275 3884 372 3955 Italia
390 3884 520 3971 exibat,
536 3886 725 3958 reeusarit.
741 3887 817 3979 Ego
837 3897 953 3958 autem
972 3888 1030 3979 qui
1050 3887 1294 3961 sufficientiam

213 4004 289 4077 eius
310 4017 344 4078 et
364 4029 481 4081 mores
501 4031 607 4081 nosse
629 4010 710 4084 mihi
728 4010 865 4096 videor,
885 4010 1002 4082 audito
1019 4010 1194 4082 desiderio
1215 4013 1294 4086 eius

214 4128 257 4201 ad
279 4150 343 4201 vos
364 4130 539 4216 veniendi,
563 4133 606 4203 ad
629 4131 722 4223 quod
743 4154 821 4205 eum
847 4135 936 4205 clara
959 4134 1048 4205 lama
1069 4144 1199 4205 vestrm
1219 4134 1294 4206 vir-
