2738 4680
221 284 278 346 lll
561 296 603 345 nn
624 294 725 346 nanus
746 295 969 347 rnumrtnmus

221 451 277 515 se,
311 432 369 503 vel
404 428 632 500 similitudine
664 429 895 522 ingeniorum,
931 443 970 503 nt
1001 429 1111 502 Tullio
1145 428 1307 512 videtur,

173 596 180 607 «κ
222 554 348 627 iisdem
374 553 536 645 vestigiis
564 554 609 625 ab
634 554 818 647 ignorante
843 576 1064 627 coneursum.
1090 556 1163 627 Hoe
1187 564 1307 628 antem

168 720 170 724 -
221 675 270 747 ito
301 693 394 757 esse,
418 674 450 744 si
482 674 568 767 quid
601 697 756 767 unquam
778 674 863 747 mihi
888 676 1086 749 crediturus
1111 678 1164 762 es,
1188 677 1306 749 crede.

153 858 154 861 ,
222 800 315 869 Nihil
335 810 391 870 est
411 797 544 870 verius.
563 798 667 882 Quod
685 798 714 869 si
736 799 819 869 mibi
841 822 906 871 nee
921 800 1045 895 pudor,
1068 809 1107 872 ut
1126 801 1225 873 oredi
1244 803 1309 874 de-

177 929 180 933 ’
222 923 388 1007 beat,neo
408 921 582 993 modestia
604 923 840 1014 praestitlsset‚
868 922 1032 995 iuvenilis
1058 926 1164 996 animi
1189 935 1308 997 tumor

221 1046 424 1142 praestabat.
458 1044 566 1117 Hodie
601 1044 694 1115 enim
730 1045 776 1115 ab
808 1046 863 1116 his
892 1046 987 1117 euris
1017 1049 1119 1140 longe
1149 1069 1240 1120 sum.
1263 1051 1309 1123 Et

222 1178 407 1264 postquam
441 1178 534 1240 totus
567 1165 648 1239 inde
689 1167 760 1239 abii
793 1169 1024 1264 sublatusque
1059 1194 1128 1264 qno
1149 1166 1307 1245 tenebar

223 1303 338 1365 metus
371 1274 442 1377 est,
475 1297 512 1360 et
544 1291 632 1362 alios
659 1311 781 1361 omnes
811 1299 847 1363 et
876 1290 969 1364 hunc
1001 1304 1082 1364 ante
1115 1294 1202 1366 alius
1236 1303 1320 1369 tota.

169 1487 173 1495 ,
224 1426 341 1487 mente
364 1414 528 1505 suspicio.
550 1413 622 1484 lam
655 1414 715 1506 qui
739 1436 793 1486 me
814 1414 890 1486 aliis
911 1414 1132 1488 indicandum
1154 1417 1305 1502 dabam,

225 1561 318 1611 nunc
335 1537 380 1613 de
397 1537 474 1609 aliis
495 1536 530 1607 in
553 1537 692 1608 silentio
713 1537 873 1610 iudicans
894 1539 994 1611 varie
1011 1538 1151 1632 quidem
1173 1539 1209 1609 in
1227 1541 1306 1612 reli·

224 1661 320 1754 quis,
344 1661 379 1731 in
402 1660 468 1732 hoo
486 1660 534 1730 ita
548 1658 673 1745 iudico,
696 1669 735 1731 ut
753 1661 854 1733 facile
875 1659 940 1732 sibi
964 1651 1121 1752 vulgaris
1140 1662 1309 1753 eloquen-

102 1858 105 1868 Χ
224 1783 283 1852 tiae
317 1783 467 1877 palmam
506 1779 597 1852 dem.
638 1781 850 1855 Mentiuntur
888 1782 994 1874 igitur
1032 1804 1089 1853 me
1130 1783 1222 1854 illius
1259 1785 1309 1856 fa·

224 1928 316 1977 mam
338 1927 497 1999 carpere,
520 1927 600 1976 eum
624 1927 715 1976 nnus
736 1928 804 1999 ego
824 1908 912 1990 forte
934 1906 1056 1978 melius
1077 1928 1184 2000 quam
1211 1905 1309 1978 multi

222 2051 270 2102 ex
290 2028 346 2100 his
367 2028 512 2121 insulsis
527 2038 574 2100 ‘et
598 2013 795 2101 immodicis
818 2009 1067 2102 laudatoribus
1080 2030 1201 2114 seiam,
1224 2029 1309 2122 quid

223 2151 260 2223 id
281 2159 337 2223 est
352 2151 405 2223 eis
426 2151 512 2243 ipsis
534 2151 766 2242 incognitum,
785 2150 880 2243 quod
897 2150 1034 2223 illorum
1050 2172 1154 2224 aures
1171 2153 1306 2236 mulnet

226 2275 290 2346 sed
315 2274 505 2346 obstructis
531 2274 664 2365 ingenii
690 2273 890 2346 tramitibus
916 2274 952 2343 in
978 2270 1131 2346 animum
1152 2297 1225 2348 non
1248 2274 1309 2346 de·

225 2399 371 2471 scendit.
390 2400 477 2471 Sunt
496 2399 589 2470 enim
610 2419 657 2468 ex
679 2397 736 2469 illo
754 2419 864 2490 grege
890 2420 993 2493 quem
1021 2398 1142 2469 Cicero
1163 2399 1199 2469 in
1219 2399 1309 2470 Rhe

224 2520 344 2592 loricis
376 2530 474 2593 notat
502 2543 582 2592 eum
615 2520 744 2614 inquit:
778 2523 891 2614 lequnt
924 2523 1086 2592 erutiones
1120 2521 1222 2592 bonus
1252 2535 1310 2604 out

219 2653 389 2737 poemata,
408 2644 552 2736 probunt
576 2654 722 2715 oratores
746 2656 806 2714 aut
825 2655 955 2737 poetas,
982 2666 1086 2734 nequa
1120 2645 1311 2737 intelliyunt

224 2789 325 2860 quare
350 2767 502 2837 commoti
520 2767 680 2858 probent,
707 2765 794 2858 quod
815 2770 899 2838 seire
923 2782 992 2838 nort
1016 2779 1154 2862 possum
1173 2762 1307 2851 ubisit,

226 2912 285 2962 nec
320 2887 399 2984 quid
431 2891 493 2974 sit,
531 2910 591 2960 uec
624 2888 783 2981 quomodo
820 2897 944 2984 sautum
986 2894 1028 2963 sit
1065 2889 1101 2962 id
1136 2889 1223 2981 quod
1259 2913 1309 2962 eos

225 3015 376 3085 manime
395 3013 539 3085 delectet.
562 3013 601 3085 ld
627 3015 657 3085 si
683 3013 720 3101 in
746 3015 980 3087 Demosthene
1004 3024 1040 3086 et
1065 3015 1176 3086 Tullio
1205 3016 1311 3108 inque

228 3140 380 3210 Homero
400 3149 436 3208 et
454 3137 601 3228 Virgilio
621 3138 711 3210 inter
731 3139 903 3212 litteratos
925 3139 1083 3211 homines
1100 3147 1136 3210 et
1152 3138 1188 3208 in
1210 3139 1312 3211 sobo

224 3260 268 3332 lis
287 3259 429 3344 accidit,
449 3259 534 3352 quid
555 3259 591 3328 in
613 3261 680 3332 hoo
697 3272 817 3334 nostro
837 3263 927 3335 inter
953 3260 1079 3333 idiotas
1099 3261 1134 3332 in
1158 3259 1312 3340 tabernis

225 3394 261 3456 et
277 3385 311 3455 in
334 3387 408 3456 loro
429 3404 535 3478 posse
561 3392 662 3476 putas
689 3385 869 3458 auoidere‘?
889 3385 990 3469 Quod
1023 3385 1069 3457 ad
1089 3407 1146 3456 me
1175 3385 1311 3468 attinet,

227 3509 334 3612 miror
355 3529 421 3600 ego
447 3506 544 3578 illum
564 3517 599 3578 et
619 3505 739 3599 diligo,
767 3530 836 3580 nun
862 3518 1058 3583 contemno.
1080 3509 1125 3579 tlt
1158 3507 1195 3579 id
1223 3508 1313 3578 forte

226 3652 304 3705 meo
324 3631 399 3704 iure
420 3628 571 3702 dixerim
594 3631 623 3702 si
642 3630 688 3702 ad
708 3630 799 3702 hane
819 3639 958 3702 aetaton
977 3631 1163 3724 pervenire
1183 3630 1231 3701 illi
1251 3630 1313 3702 da-

226 3766 300 3827 tum
324 3754 435 3840 esset,
465 3775 595 3848 paucos
625 3752 826 3826 habiturum
860 3753 990 3847 quibus
1024 3765 1120 3826 esset
1152 3753 1312 3840 amicior,

226 3901 331 3970 quam
353 3877 447 3949 mihi.
470 3880 521 3949 lta
541 3877 617 3950 dioo
640 3877 669 3950 si
690 3887 858 3971 quantum
880 3878 1031 3951 delectat
1057 3877 1210 3970 ingenio,
1237 3887 1315 3948 tan-

160 4022 166 4030 ·
226 4009 299 4070 turn
321 4001 477 4074 moribus
499 4002 705 4073 delectaret:
724 4000 816 4074 sicut
832 4021 879 4072 ex
895 4000 1166 4079 diuersonullos
1183 3999 1314 4111 quibus

226 4134 321 4196 esset
341 4125 510 4210 infestior,
534 4148 639 4217 qnam
661 4125 725 4198 hos
747 4124 983 4219 ineptissimos
1010 4125 1229 4212 laudatores,
1253 4123 1311 4216 qui
