2730 4680
198 295 236 356 “2ss
536 307 575 353 DE
598 306 697 352 REBUS
720 305 944 353 illuminemus

197 466 286 537 quos
313 443 431 514 mirari
456 442 522 510 ista
549 442 662 532 magis
692 449 998 532 stupeam,·quam
1025 441 1054 510 si
1082 442 1172 532 talpa
1203 462 1282 533 spe-

197 571 327 640 culum*
344 576 527 649 mercetur,
555 568 628 636 alas
654 563 731 648 boc,
761 563 891 634 asellus
924 563 1107 648 citharam,
1140 562 1284 633 redimi-

198 693 313 763 culum
337 689 451 773 simia,
472 691 591 759 fucum
611 708 750 759 corvus.
770 687 813 758 Et
830 686 913 779 quid
932 690 1056 779 pntns‘.l
1074 687 1193 756 Laetus
1212 685 1282 756 abii

198 817 338 908 quando
368 814 507 909 familiae
532 811 776 884 herciscundae
810 810 938 881 iudicio
967 829 1036 880 una
1066 811 1144 894 illie,
1173 815 1284 882 altera

198 939 281 1011 mihi
308 938 417 1008 cessit
441 937 476 1005 in
502 947 652 1030 partem,
680 935 740 1026 qui
775 946 833 1004 tuo
868 936 964 1004 solus
989 936 1103 1025 elogio
1130 934 1283 1026 scriptus

198 1082 305 1132 eram.
320 1061 387 1143 En,
404 1059 530 1141 amice,
545 1053 688 1128 causam
703 1055 876 1148 pollicitus
895 1055 1022 1126 silentii
1035 1077 1162 1127 causas
1176 1057 1282 1138 solvi3

197 1184 305 1252 multa
342 1204 434 1251 nunc
472 1178 824 1272 etiamtscripturus
863 1179 931 1248 nisi
968 1180 1050 1270 quia
1087 1189 1283 1271 temporum

197 1327 339 1397 premor
364 1302 550 1394 angustiis,
572 1324 662 1394 quas
686 1304 762 1395 ipse
784 1301 868 1371 mihi
888 1304 968 1386 leci,
991 1303 1061 1372 imo
1081 1324 1168 1373 vero
1188 1326 1285 1375 com-

198 1429 314 1498 munis
344 1426 444 1497 amici
478 1426 714 1497 suavissimus
749 1427 947 1509 convictae,
980 1427 1037 1497 cui
1067 1427 1097 1496 si
1128 1427 1287 1498 brevitas

199 1552 339 1644 dempta
360 1561 471 1631 esset,
495 1560 625 1642 praeter
644 1560 679 1620 te
707 1572 812 1620 unum
834 1548 919 1618 nihil
944 1548 1065 1621 defuit.
1087 1551 1162 1619 Non
1189 1552 1285 1621 sensi

198 1671 348 1745 blandos
369 1683 405 1741 et
426 1671 547 1743 tacitos
568 1671 645 1741 dies
664 1672 743 1742 labi.
767 1673 835 1744 Sed
855 1672 952 1764 quod
972 1674 1105 1742 calamo
1120 1673 1281 1755 vetitum,

199 1795 283 1864 viva
310 1816 381 1865 vox
407 1806 562 1886 peraget.
590 1795 690 1864 Hunc
715 1816 802 1885 ergo
827 1793 950 1866 audies
978 1797 1079 1886 plena
1106 1793 1190 1876 fide,
1224 1794 1285 1886 qui

199 1917 341 1987 omnino
358 1917 443 2008 quid
464 1916 612 2007 cogitem
634 1927 669 1986 et
689 1916 774 2009 quid
792 1939 912 2008 agam,
935 1937 1016 2010 quae
1035 1919 1108 1988 vita
1122 1938 1199 1987 mea
1221 1918 1282 1998 sit,

199 2038 350 2131 denique
384 2041 442 2131 qui
470 2063 525 2111 me
556 2051 665 2112 totum
691 2050 727 2111 et
751 2061 874 2112 omnes
894 2044 1031 2113 reculas
1049 2064 1100 2112 ac·
1120 2045 1283 2134 speculas

201 2146 298 2233 meas
319 2164 426 2235 novit.
450 2165 534 2234 Vale
556 2165 665 2234 nostri
689 2186 831 2235 memor.

703 2421 780 2428 m..

617 2630 797 2695 EPlSTOLA
819 2633 875 2695 Vll.
959 2698 961 2704 ,
1008 2629 1011 2634 ’

504 2748 513 2773 Δ

281 2812 474 2861 FllllNClSCUS
496 2812 665 2862 Pnrnnncn
687 2812 864 2864 Fennctsco
887 2817 994 2866 PRlOlll
1015 2817 1204 2868 sanctonum

550 2918 782 2971 APOSTOLORUM
804 2923 829 2970 S.
853 2923 880 2969 P.
901 2924 932 2970 Ι).

229 3054 232 3065 ’
260 3059 425 3115 Diseussisse
445 3062 566 3116 amicum
582 3063 660 3117 cuius
674 3065 850 3119 nuntiaverat
868 3065 1031 3119 adventum:
1054 3083 1083 3120 se
1105 3067 1229 3136 epistolis

513 3153 572 3206 suis
588 3153 749 3223 colligendis
764 3171 878 3227 operam
893 3155 969 3210 darc·

298 3423 500 3514 Non-tuam,
519 3428 643 3509 fateor,
656 3428 772 3518 legere
790 3429 890 3501 visus
908 3429 1089 3523 epistolam
1112 3452 1203 3512 sum,
1224 3431 1286 3503 sed

201 3547 330 3631 Flacci,
354 3569 433 3616 cum
454 3560 529 3641 quo·
545 3550 662 3620 iocans
684 3549 820 3620 Caesar:
839 3554 967 3637 vereri,
987 3551 1110 3645 inquit,
1130 3554 1214 3624 mihi
1232 3557 1285 3624 vi-

201 3665 296 3738 deris
329 3689 373 3739 ne
408 3669 558 3740 maiores
585 3693 643 3741 res
669 3669 775 3742 libelli
803 3673 853 3742 tui
880 3673 960 3758 sint,
991 3698 1098 3767 quam
1131 3676 1206 3769 ipse
1232 3699 1283 3746 es.

202 3790 291 3861 Sane
317 3813 397 3882 quae
425 3792 470 3861 illi
497 3790 620 3877 defuit,
646 3793 706 3864 tibi
725 3795 827 3865 adest
852 3797 1038 3870 mediocris
1072 3809 1107 3869 et
1139 3801 1284 3890 elegans

204 3924 346 3984 statura.
370 3916 442 3985 Sibi
463 3939 548 4008 crgo
569 3918 625 3987 vel
648 3917 797 4000 ludicra,
825 3919 885 3989 tibi
905 3943 1066 4014 quaenam
1082 3931 1189 3993 tantae
1207 3921 1285 3992 bre-

201 4037 320 4109 vitatis
342 4042 524 4112 excusatio
546 4043 637 4111 iusta
654 4044 732 4113 ost?
750 4044 817 4113 Sed
835 4046 918 4136 qnid
938 4047 1082 4138 loquor?
1100 4046 1284 4117 l’rovidisti

202 4159 294 4229 onim
316 4171 350 4232 et
370 4185 506 4235 omnem
529 4165 615 4235 harro
633 4167 840 4237 calumniam
862 4169 896 4237 in
918 4169 1100 4258 angustias
1121 4170 1286 4262 temporis
