2992 4664
457 396 480 465 F
483 393 682 468 nancisci
726 392 972 466 PETRARCAE

364 625 746 719 EPISTOLAE
808 589 1067 718 vauro,

595 869 688 920 LIBER
721 871 834 922 unicus
882 890 885 896 ·

634 1067 808 1104 *W

604 1533 785 1600 EPISTOLA
806 1536 825 1598 1.

206 1745 399 1795 nnnnclscus
420 1744 590 1796 Pnnnnnca
610 1744 769 1794 uuuovico
790 1744 945 1794 GonznoAE
967 1745 1041 1794 nuci
1063 1746 1239 1796 Mantuano

656 1843 682 1892 S.
701 1843 730 1891 P.
748 1844 778 1892 D.

176 2033 225 2091 Est
242 2034 333 2090 littera
351 2007 506 2106 apocrypha
524 2049 541 2088 a
558 2030 708 2088 Possevino
731 2032 805 2088 edita
819 2050 874 2106 qua
888 2033 1052 2090 Franciscus
1077 2051 1094 2090 a
1119 2033 1259 2092 Ludovico

253 2125 394 2180 Mantuam
408 2124 495 2180 fuisse
509 2123 674 2191 accersituS,
691 2121 839 2196 eidemque
853 2124 955 2195 gratias
970 2124 1059 2193 egisse
1074 2124 1184 2180 dicitur.

298 2479 425 2574 Accepi
444 2479 577 2550 litteras
605 2489 700 2563 tuas,
722 2488 757 2549 et
775 2497 893 2575 coram
920 2472 1131 2570 respondere
1155 2495 1259 2568 quam

175 2603 304 2675 absens
320 2606 518 2686 volueram
533 2602 597 2675 sed
618 2622 819 2685 senescens
842 2609 882 2670 ut
905 2599 1022 2704 vides,
1049 2599 1139 2670 inter
1159 2596 1260 2669 ludos

175 2734 280 2818 atque
305 2725 483 2821 praestigia
507 2725 672 2798 Fortunae
698 2727 808 2796 muita
830 2722 915 2794 mihi
941 2723 1174 2814 promittentis
1199 2720 1262 2794 ob-

175 2856 370 2940 temperare
390 2867 460 2916 non
477 2868 632 2939 possum.
649 2848 838 2918 Pecuniam
858 2867 938 2916 cum
950 2845 1055 2915 Petro
1069 2845 1123 2917 de
1136 2846 1262 2918 Cremu

167 2967 334 3053 ¹familiari
360 2977 419 3037 tuo
449 2970 603 3052 remitt0,
630 2968 726 3060 quod
752 2967 857 3039 animi
886 2964 1063 3037 desiderio
1089 2967 1262 3039 inservire

177 3110 366 3182 nequeam,
389 3110 458 3160 non
478 3100 691 3183 contemptu.
720 3089 818 3160 AEtas
844 3089 922 3160 haec
941 3090 1114 3182 profundo
1137 3088 1263 3162 decur-

177 3212 285 3285 rentis
302 3213 370 3283 aevi
388 3222 503 3285 rotatu
519 3214 564 3285 ad
584 3211 688 3285 finem
705 3224 869 3308 properat
884 3235 952 3284 oon
971 3213 1141 3300 laborum,
1156 3222 1262 3306 atque

176 3356 219 3406 eo
240 3337 355 3407 minus
384 3337 479 3428 longi
500 3335 634 3407 itineris
655 3336 802 3429 patiens.
824 3336 945 3428 Neque
965 3334 1138 3406 Avinione
1159 3332 1261 3404 avelli

177 3459 312 3549 integro
343 3457 468 3551 spiritu
499 3480 644 3552 possum
674 3457 799 3531 infelici
826 3457 955 3529 amoris
983 3455 1056 3527 ictu
1089 3465 1125 3527 et
1157 3463 1261 3525 aetate

178 3580 351 3672 fatigatus.
374 3580 410 3650 Si
430 3581 641 3666 accederem,
661 3581 760 3653 oneri
781 3600 851 3651 non
874 3579 997 3651 solatio
1018 3597 1147 3649 essem.
1173 3575 1260 3645 Nam

177 3704 378 3796 frequentes
412 3701 523 3773 morbi
549 3712 584 3774 et
614 3725 743 3774 moeror
771 3701 937 3774 assiduus
967 3703 1120 3773 fomenta
1145 3697 1260 3790 potius

179 3825 367 3917 requirunt,
382 3845 488 3918 quam
506 3824 714 3919 obsequium
729 3825 945 3918 permittunt.
959 3823 998 3893 ln
1015 3824 1170 3894 futurum
1186 3841 1259 3904 ver,

179 3945 207 4015 si
233 3945 474 4018 Columnensis
500 3947 678 4031 annuerit,
718 3946 889 4039 hospitem
926 3965 981 4015 me
1015 3946 1132 4042 forsan
1162 3939 1261 4014 habi·

178 4076 279 4138 turus
298 4089 348 4139 es.
369 4068 462 4140 Cave
480 4066 649 4141 beneficio
666 4081 701 4140 et
716 4068 827 4159 gratia
849 4065 1152 4160 maritumaeque
1173 4064 1260 4138 adeo
