2804 4656
300 325 393 373 ursan
414 319 941 374 vrcuauusrnurrus-usurum
963 322 993 370 x.
1131 308 1185 372 211

105 463 247 554 tuisque
267 457 448 541 doctrinis,
470 468 505 529 et
522 466 582 530 tuo
609 455 785 551 proficiam
811 457 857 528 ah
881 459 1055 552 exemplo.
1077 458 1190 552 Siqui-

110 587 191 660 dem
213 586 319 667 Plato,
335 595 370 653 et
382 581 597 663 Aristoteles
613 594 648 653 et
660 577 863 674 Xenophon,
879 594 914 653 et
927 591 1000 654 rota
1012 583 1068 652 illa
1081 584 1192 675 plrilo-

106 684 297 802 sopliorum
323 715 428 776 vetus
454 727 494 776 ac
519 703 645 775 nobilis
671 705 799 776 familia
826 727 893 776 non
926 706 1004 797 plus
1038 706 1191 778 creditur

106 830 291 903 Socraticis
309 828 502 920 disciplinis
520 827 709 920 profecisse
723 849 830 919 quam
843 827 1010 898 moribus.
1028 826 1193 903 Vivaoius

105 952 143 1023 in
162 954 278 1024 anima
303 951 477 1044 estquod
503 971 566 1044 per
591 952 726 1033 oculos,
753 972 859 1048 quam
885 951 979 1042 quod
1004 972 1068 1045 per
1087 973 1192 1025 aures

107 1075 237 1148 introit.
261 1075 369 1145 lllorae
385 1086 502 1145 autem
524 1094 612 1143 meae
633 1082 771 1167 tempus
793 1073 967 1144 moderari
992 1076 1193 1146 vocantium

109 1200 178 1272 erit
197 1197 343 1269 arbitrii.
369 1195 534 1287 Auguror
561 1217 646 1267 sane
672 1196 919 1290 Imperatorem
946 1206 1104 1268 nostrum
1126 1201 1194 1272 cito

66 1354 72 1369 ι
109 1318 193 1390 milri
214 1318 481 1401 valedicturum,
509 1318 540 1388 si
565 1319 719 1410 cogitare
744 1320 891 1411 coeperit
915 1328 1083 1412 quantum
1107 1322 1195 1391 milri

109 1441 275 1536 deinceps
295 1439 460 1534 expediat
478 1439 524 1510 de
549 1463 604 1511 me
630 1441 706 1534 ipso
730 1441 845 1533 deque
870 1444 977 1513 altera
1002 1443 1076 1513 vita
1100 1445 1196 1534 eogi-

111 1567 241 1637 tantem
262 1565 307 1636 ad
327 1564 550 1656 Imperatoris
567 1563 711 1636 aetherei
729 1564 941 1658 stipendium
960 1587 1016 1635 me
1031 1569 1198 1637 transier-

112 1710 160 1760 re.
178 1686 230 1759 ilc
242 1710 285 1758 ne
300 1690 386 1757 lorte
400 1686 597 1758 tarditatem
618 1698 776 1778 stupeas,
800 1709 930 1759 morem
947 1689 1039 1758 nosti
1063 1707 1194 1764 meum;

111 1829 181 1879 nou
201 1816 239 1878 tu
259 1806 479 1877 hirundinem
489 1808 577 1877 coelo
597 1808 780 1891 volantem,
796 1828 865 1876 non
881 1829 1027 1878 cervum
1048 1806 1082 1876 in
1099 1828 1198 1879 mon-¹

113 1927 207 2000 tibus
227 1930 422 2011 salientem,
445 1926 509 2007 sed
529 1937 723 2020 reptantem
744 1950 823 1999 cum
841 1928 961 2000 labore
984 1928 1196 2000 testudinem

114 2049 293 2143 cogitabis.
691 2060 692 2063 ’

255 2195 415 2264 Mediolani,
431 2194 493 2250 XII.
511 2194 651 2250 Kalendas
664 2195 778 2265 Aprilis.

533 2631 708 2696 Epistula
737 2633 781 2694 Xl.

113 2800 308 2855 Fuaufflscus
329 2800 499 2851 Passanda
519 2800 653 2850 leuauul
666 2800 868 2856 Puueauuusl
886 2801 1055 2852 caustuluo
1074 2802 1100 2851 S.
1118 2803 1146 2851 P.
1165 2804 1196 2852 D.

316 2941 400 2996 Nefas
413 2956 475 2994 esse
493 2940 522 2994 in
537 2940 631 2994 Iudaea
645 2945 806 3010 equestrem
821 2937 984 3010 dignitatern

443 3028 536 3083 aureis
550 3028 702 3083 calcaribus
717 3033 867 3083 ostentare.

213 3267 305 3340 lllalo
326 3266 507 3338 consilium
534 3288 638 3359 quam
665 3276 820 3361 satyram
848 3287 960 3337 meam
987 3267 1097 3359 legas.
1125 3268 1198 3337 Hoc

114 3393 206 3463 enim
233 3412 353 3462 amore
377 3391 529 3481 ingenuo
554 3391 693 3482 plenum
718 3401 788 3461 cst:
816 3389 887 3472 illa,
917 3400 954 3459 ut
979 3397 1061 3459 sunt
1082 3409 1197 3460 mores

115 3514 289 3606 animique
301 3511 584 3625 hominumuodio
597 3534 665 3583 non
679 3522 791 3585 vacat.
800 3513 957 3583 Proiecto
970 3521 1087 3583 autem
1102 3511 1198 3602 quod

116 3657 184 3708 non
201 3634 276 3706 lieri
296 3639 453 3718 consula,
473 3637 503 3706 si
523 3638 652 3708 lactum
671 3636 738 3707 erit
758 3657 920 3728 arguam,
940 3635 1035 3728 quod
1050 3656 1095 3705 ne
1107 3634 1198 3704 acci-

116 3758 184 3844 dat,
208 3760 276 3830 iam
297 3759 377 3830 hine
394 3759 478 3829 mihi
498 3758 627 3852 tibique
645 3760 900 3852 providendum
915 3768 980 3828 est.
996 3756 1106 3848 lllagis
1120 3758 1198 3850 qui-

116 3881 196 3954 dem
217 3884 322 3974 cupio
338 3881 461 3952 millies
484 3893 517 3953 te
536 3882 714 3954 laudatum
735 3905 841 3976 quam
863 3882 1114 3974 reprehensum
1141 3902 1198 3952 se-

117 4008 197 4091 mel,
220 4005 382 4099 idemque
400 4016 433 4078 te
450 4017 571 4100 optare
587 4027 656 4078 non
678 4027 756 4080 sum
775 4004 922 4076 dubius:
942 4005 1031 4075 solet
1050 4004 1142 4075 enim
1156 4013 1198 4077 ut

117 4128 239 4218 gloria,
263 4126 314 4200 sic
332 4139 367 4199 et
386 4128 509 4220 gloriae
528 4117 698 4222 cupiditas
719 4126 885 4201 virtutem
905 4124 1018 4217 sequi.
1038 4123 1092 4195 Ad
1111 4125 1198 4202 lianc
