<?xml version="1.0" encoding="UTF-8"?>
<!DOCTYPE html PUBLIC "-//W3C//DTD XHTML 1.0 Transitional//EN"
    "http://www.w3.org/TR/xhtml1/DTD/xhtml1-transitional.dtd">
<html xmlns="http://www.w3.org/1999/xhtml" xml:lang="en" lang="en">
 <head>
  <title>
</title>
<meta http-equiv="Content-Type" content="text/html;charset=utf-8" />
  <meta name='ocr-system' content='tesseract 3.04.00' />
  <meta name='ocr-capabilities' content='ocr_page ocr_carea ocr_par ocr_line ocrx_word'/>
</head>
<body>
  <div class='ocr_page' id='page_1' title='image "./franciscipetrar00fracgoog_0540.png"; bbox 0 0 2940 4650; ppageno 0'>
   <div class='ocr_carea' id='block_1_1' title="bbox 607 297 1252 362">
    <p class='ocr_par' dir='ltr' id='par_1_1' title="bbox 607 297 1252 362">
     <span class='ocr_line' id='line_1_1' title="bbox 607 297 1252 362; baseline -0.008 0"><span class='ocrx_word' id='word_1_1' title='bbox 607 314 760 362; x_wconf 81' lang='lat' dir='ltr'><strong>nersrous</strong></span> <span class='ocrx_word' id='word_1_2' title='bbox 782 314 820 361; x_wconf 88' lang='lat' dir='ltr'><strong>vr.</strong></span> <span class='ocrx_word' id='word_1_3' title='bbox 1194 297 1252 358; x_wconf 68' lang='lat'><strong>5⁰25</strong></span> 
     </span>
    </p>
   </div>
   <div class='ocr_carea' id='block_1_2' title="bbox 128 448 1253 1278">
    <p class='ocr_par' dir='ltr' id='par_1_2' title="bbox 128 448 1252 650">
     <span class='ocr_line' id='line_1_2' title="bbox 128 448 1252 550; baseline -0.003 -22"><span class='ocrx_word' id='word_1_4' title='bbox 128 448 132 457; x_wconf 79' lang='grc'><strong>’</strong></span> <span class='ocrx_word' id='word_1_5' title='bbox 170 479 278 550; x_wconf 92' lang='lat' dir='ltr'><strong>quum</strong></span> <span class='ocrx_word' id='word_1_6' title='bbox 298 456 465 526; x_wconf 88' lang='lat' dir='ltr'><strong>naturalis</strong></span> <span class='ocrx_word' id='word_1_7' title='bbox 492 456 676 526; x_wconf 77' lang='lat' dir='ltr'><strong>amoenitas</strong></span> <span class='ocrx_word' id='word_1_8' title='bbox 703 458 856 526; x_wconf 90' lang='lat' dir='ltr'><strong>locorum</strong></span> <span class='ocrx_word' id='word_1_9' title='bbox 891 455 993 525; x_wconf 91' lang='lat' dir='ltr'><strong>amici</strong></span> <span class='ocrx_word' id='word_1_10' title='bbox 1026 455 1190 525; x_wconf 83' lang='lat' dir='ltr'><strong>conuictu</strong></span> <span class='ocrx_word' id='word_1_11' title='bbox 1216 465 1252 525; x_wconf 89' lang='lat' dir='ltr'><strong>et</strong></span> 
     </span>
     <span class='ocr_line' id='line_1_3' title="bbox 173 576 638 650; baseline -0.009 -1"><span class='ocrx_word' id='word_1_12' title='bbox 173 578 390 650; x_wconf 83' lang='lat' dir='ltr'><strong>sermonibus</strong></span> <span class='ocrx_word' id='word_1_13' title='bbox 411 576 638 648; x_wconf 80' lang='lat' dir='ltr'><strong>condiretur?-</strong></span> 
     </span>
    </p>

    <p class='ocr_par' dir='ltr' id='par_1_3' title="bbox 173 694 1253 1278">
     <span class='ocr_line' id='line_1_4' title="bbox 272 694 1250 792; baseline 0 -23"><span class='ocrx_word' id='word_1_14' title='bbox 272 701 393 792; x_wconf 90' lang='lat' dir='ltr'><strong>Neque</strong></span> <span class='ocrx_word' id='word_1_15' title='bbox 423 698 509 769; x_wconf 93' lang='lat' dir='ltr'><strong>mibi</strong></span> <span class='ocrx_word' id='word_1_16' title='bbox 540 697 716 790; x_wconf 76' lang='lat' dir='ltr'><strong>superbiae</strong></span> <span class='ocrx_word' id='word_1_17' title='bbox 742 698 846 769; x_wconf 88' lang='lat' dir='ltr'><strong>detur</strong></span> <span class='ocrx_word' id='word_1_18' title='bbox 879 696 973 789; x_wconf 92' lang='lat' dir='ltr'><strong>quod</strong></span> <span class='ocrx_word' id='word_1_19' title='bbox 1004 694 1055 767; x_wconf 88' lang='lat' dir='ltr'><strong>ad</strong></span> <span class='ocrx_word' id='word_1_20' title='bbox 1083 719 1139 768; x_wconf 85' lang='lat' dir='ltr'><strong>ma</strong></span> <span class='ocrx_word' id='word_1_21' title='bbox 1164 697 1250 769; x_wconf 90' lang='lat' dir='ltr'><strong>alios</strong></span> 
     </span>
     <span class='ocr_line' id='line_1_5' title="bbox 174 817 1252 914; baseline -0.001 -24"><span class='ocrx_word' id='word_1_22' title='bbox 174 821 312 892; x_wconf 87' lang='lat' dir='ltr'><strong>trahere</strong></span> <span class='ocrx_word' id='word_1_23' title='bbox 343 821 459 914; x_wconf 90' lang='lat' dir='ltr'><strong>potius</strong></span> <span class='ocrx_word' id='word_1_24' title='bbox 486 841 590 912; x_wconf 91' lang='lat' dir='ltr'><strong>quam</strong></span> <span class='ocrx_word' id='word_1_25' title='bbox 617 820 692 911; x_wconf 92' lang='lat' dir='ltr'><strong>ipse</strong></span> <span class='ocrx_word' id='word_1_26' title='bbox 713 819 813 912; x_wconf 90' lang='lat' dir='ltr'><strong>sequi</strong></span> <span class='ocrx_word' id='word_1_27' title='bbox 835 817 976 889; x_wconf 86' lang='lat' dir='ltr'><strong>videar:</strong></span> <span class='ocrx_word' id='word_1_28' title='bbox 1000 817 1044 888; x_wconf 91' lang='lat' dir='ltr'><strong>ad</strong></span> <span class='ocrx_word' id='word_1_29' title='bbox 1066 829 1252 911; x_wconf 90' lang='lat' dir='ltr'><strong>utrumque</strong></span> 
     </span>
     <span class='ocr_line' id='line_1_6' title="bbox 173 938 1253 1036; baseline -0.002 -23"><span class='ocrx_word' id='word_1_30' title='bbox 173 964 220 1013; x_wconf 83' lang='lat' dir='ltr'><strong>ex</strong></span> <span class='ocrx_word' id='word_1_31' title='bbox 253 963 356 1035; x_wconf 88' lang='lat' dir='ltr'><strong>aequo</strong></span> <span class='ocrx_word' id='word_1_32' title='bbox 387 954 532 1036; x_wconf 88' lang='lat' dir='ltr'><strong>paratus</strong></span> <span class='ocrx_word' id='word_1_33' title='bbox 557 952 613 1013; x_wconf 88' lang='lat' dir='ltr'><strong>est</strong></span> <span class='ocrx_word' id='word_1_34' title='bbox 637 942 786 1013; x_wconf 81' lang='lat' dir='ltr'><strong>animus</strong></span> <span class='ocrx_word' id='word_1_35' title='bbox 811 941 912 1025; x_wconf 87' lang='lat' dir='ltr'><strong>Quod</strong></span> <span class='ocrx_word' id='word_1_36' title='bbox 940 941 970 1011; x_wconf 92' lang='lat' dir='ltr'><strong>si</strong></span> <span class='ocrx_word' id='word_1_37' title='bbox 997 938 1160 1012; x_wconf 89' lang='lat' dir='ltr'><strong>omnibus</strong></span> <span class='ocrx_word' id='word_1_38' title='bbox 1185 941 1253 1011; x_wconf 89' lang='lat' dir='ltr'><strong>cir·</strong></span> 
     </span>
     <span class='ocr_line' id='line_1_7' title="bbox 173 1060 1252 1158; baseline -0.004 -22"><span class='ocrx_word' id='word_1_39' title='bbox 173 1066 382 1157; x_wconf 90' lang='lat' dir='ltr'><strong>cumspectis</strong></span> <span class='ocrx_word' id='word_1_40' title='bbox 406 1085 579 1158; x_wconf 82' lang='lat' dir='ltr'>nusquam</span> <span class='ocrx_word' id='word_1_41' title='bbox 599 1064 728 1135; x_wconf 89' lang='lat' dir='ltr'><strong>nostris</strong></span> <span class='ocrx_word' id='word_1_42' title='bbox 748 1061 1015 1154; x_wconf 81' lang='lat' dir='ltr'><strong>tempestatibus</strong></span> <span class='ocrx_word' id='word_1_43' title='bbox 1036 1060 1252 1154; x_wconf 82' lang='lat' dir='ltr'><strong>tranquillior</strong></span> 
     </span>
     <span class='ocr_line' id='line_1_8' title="bbox 174 1183 1249 1278; baseline -0.005 -20"><span class='ocrx_word' id='word_1_44' title='bbox 174 1196 294 1278; x_wconf 91' lang='lat' dir='ltr'><strong>portus</strong></span> <span class='ocrx_word' id='word_1_45' title='bbox 312 1196 380 1268; x_wconf 87' lang='lat' dir='ltr'><strong>est,</strong></span> <span class='ocrx_word' id='word_1_46' title='bbox 400 1187 495 1278; x_wconf 93' lang='lat' dir='ltr'><strong>quod</strong></span> <span class='ocrx_word' id='word_1_47' title='bbox 512 1196 660 1278; x_wconf 88' lang='lat' dir='ltr'><strong>uterque</strong></span> <span class='ocrx_word' id='word_1_48' title='bbox 677 1195 836 1256; x_wconf 88' lang='lat' dir='ltr'><strong>vestrum</strong></span> <span class='ocrx_word' id='word_1_49' title='bbox 855 1184 928 1255; x_wconf 88' lang='lat' dir='ltr'><strong>suis</strong></span> <span class='ocrx_word' id='word_1_50' title='bbox 948 1192 1093 1254; x_wconf 89' lang='lat' dir='ltr'><strong>testatur</strong></span> <span class='ocrx_word' id='word_1_51' title='bbox 1112 1183 1249 1266; x_wconf 75' lang='lat' dir='ltr'><strong>litteriS,</strong></span> 
     </span>
    </p>
   </div>
   <div class='ocr_carea' id='block_1_3' title="bbox 173 1299 1378 1400">
    <p class='ocr_par' dir='ltr' id='par_1_4' title="bbox 173 1299 1378 1400">
     <span class='ocr_line' id='line_1_9' title="bbox 173 1299 1378 1400; baseline -0.002 -21"><span class='ocrx_word' id='word_1_52' title='bbox 173 1318 208 1379; x_wconf 88' lang='lat' dir='ltr'><strong>ct</strong></span> <span class='ocrx_word' id='word_1_53' title='bbox 235 1299 431 1380; x_wconf 86' lang='lat' dir='ltr'><strong>testimonio</strong></span> <span class='ocrx_word' id='word_1_54' title='bbox 456 1319 589 1387; x_wconf 87' lang='lat' dir='ltr'><strong>nostro,</strong></span> <span class='ocrx_word' id='word_1_55' title='bbox 616 1308 672 1377; x_wconf 91' lang='lat' dir='ltr'><strong>cni</strong></span> <span class='ocrx_word' id='word_1_56' title='bbox 698 1309 785 1376; x_wconf 82' lang='lat' dir='ltr'><strong>forte</strong></span> <span class='ocrx_word' id='word_1_57' title='bbox 812 1307 891 1397; x_wconf 91' lang='lat' dir='ltr'><strong>plus</strong></span> <span class='ocrx_word' id='word_1_58' title='bbox 917 1302 997 1376; x_wconf 88' lang='lat' dir='ltr'><strong>fidei</strong></span> <span class='ocrx_word' id='word_1_59' title='bbox 1017 1304 1114 1376; x_wconf 86' lang='lat' dir='ltr'><strong>dabit</strong></span> <span class='ocrx_word' id='word_1_60' title='bbox 1137 1303 1253 1389; x_wconf 91' lang='lat' dir='ltr'><strong>Ludo·</strong></span> <span class='ocrx_word' id='word_1_61' title='bbox 1374 1392 1378 1400; x_wconf 22' lang='grc' dir='ltr'>ι</span> 
     </span>
    </p>
   </div>
   <div class='ocr_carea' id='block_1_4' title="bbox 136 1428 1255 2620">
    <p class='ocr_par' dir='ltr' id='par_1_5' title="bbox 136 1428 1255 2620">
     <span class='ocr_line' id='line_1_10' title="bbox 146 1428 1251 1520; baseline 0 -22"><span class='ocrx_word' id='word_1_62' title='bbox 146 1443 147 1449; x_wconf 74' lang='grc'>’</span> <span class='ocrx_word' id='word_1_63' title='bbox 173 1433 273 1501; x_wconf 87' lang='lat' dir='ltr'><strong>vicus</strong></span> <span class='ocrx_word' id='word_1_64' title='bbox 298 1431 353 1501; x_wconf 91' lang='lat' dir='ltr'><strong>cui</strong></span> <span class='ocrx_word' id='word_1_65' title='bbox 380 1432 500 1501; x_wconf 87' lang='lat' dir='ltr'><strong>notum</strong></span> <span class='ocrx_word' id='word_1_66' title='bbox 528 1428 602 1498; x_wconf 89' lang='lat' dir='ltr'><strong>fieri</strong></span> <span class='ocrx_word' id='word_1_67' title='bbox 634 1430 791 1520; x_wconf 89' lang='lat' dir='ltr'><strong>postulo;</strong></span> <span class='ocrx_word' id='word_1_68' title='bbox 812 1428 899 1520; x_wconf 87' lang='lat' dir='ltr'><strong>qnid</strong></span> <span class='ocrx_word' id='word_1_69' title='bbox 926 1428 1066 1499; x_wconf 88' lang='lat' dir='ltr'><strong>tandem</strong></span> <span class='ocrx_word' id='word_1_70' title='bbox 1091 1429 1251 1498; x_wconf 85' lang='lat' dir='ltr'><strong>nnumin</strong></span> 
     </span>
     <span class='ocr_line' id='line_1_11' title="bbox 171 1550 1253 1646; baseline 0.001 -27"><span class='ocrx_word' id='word_1_71' title='bbox 171 1553 284 1621; x_wconf 89' lang='lat' dir='ltr'><strong>locum</strong></span> <span class='ocrx_word' id='word_1_72' title='bbox 307 1552 496 1623; x_wconf 87' lang='lat' dir='ltr'><strong>convenire</strong></span> <span class='ocrx_word' id='word_1_73' title='bbox 517 1571 582 1621; x_wconf 87' lang='lat' dir='ltr'><strong>nos</strong></span> <span class='ocrx_word' id='word_1_74' title='bbox 605 1559 715 1634; x_wconf 86' lang='lat' dir='ltr'><strong>vetat,</strong></span> <span class='ocrx_word' id='word_1_75' title='bbox 744 1551 821 1642; x_wconf 87' lang='lat' dir='ltr'><strong>qui,</strong></span> <span class='ocrx_word' id='word_1_76' title='bbox 851 1560 888 1621; x_wconf 89' lang='lat' dir='ltr'><strong>nt</strong></span> <span class='ocrx_word' id='word_1_77' title='bbox 913 1550 1003 1621; x_wconf 89' lang='lat' dir='ltr'><strong>idem</strong></span> <span class='ocrx_word' id='word_1_78' title='bbox 1033 1572 1128 1642; x_wconf 84' lang='lat' dir='ltr'><strong>saepe</strong></span> <span class='ocrx_word' id='word_1_79' title='bbox 1153 1573 1253 1646; x_wconf 91' lang='lat' dir='ltr'><strong>repe-</strong></span> 
     </span>
     <span class='ocr_line' id='line_1_12' title="bbox 173 1672 1253 1764; baseline 0.001 -20"><span class='ocrx_word' id='word_1_80' title='bbox 173 1685 259 1756; x_wconf 88' lang='lat' dir='ltr'><strong>tam,</strong></span> <span class='ocrx_word' id='word_1_81' title='bbox 281 1673 317 1763; x_wconf 80' lang='lat' dir='ltr'><strong>in</strong></span> <span class='ocrx_word' id='word_1_82' title='bbox 340 1694 407 1744; x_wconf 89' lang='lat' dir='ltr'><strong>nna</strong></span> <span class='ocrx_word' id='word_1_83' title='bbox 429 1672 632 1764; x_wconf 89' lang='lat' dir='ltr'><strong>iampridem</strong></span> <span class='ocrx_word' id='word_1_84' title='bbox 655 1673 883 1743; x_wconf 80' lang='lat' dir='ltr'><strong>convenimus</strong></span> <span class='ocrx_word' id='word_1_85' title='bbox 910 1674 1114 1745; x_wconf 78' lang='lat' dir='ltr'><strong>voluntate?</strong></span> <span class='ocrx_word' id='word_1_86' title='bbox 1138 1674 1253 1745; x_wconf 86' lang='lat' dir='ltr'><strong>Habe-</strong></span> 
     </span>
     <span class='ocr_line' id='line_1_13' title="bbox 174 1783 1252 1887; baseline 0.003 -24"><span class='ocrx_word' id='word_1_87' title='bbox 174 1783 253 1864; x_wconf 90' lang='lat' dir='ltr'><strong>mus</strong></span> <span class='ocrx_word' id='word_1_88' title='bbox 278 1793 372 1886; x_wconf 92' lang='lat' dir='ltr'><strong>quod</strong></span> <span class='ocrx_word' id='word_1_89' title='bbox 402 1795 488 1866; x_wconf 90' lang='lat' dir='ltr'><strong>satis</strong></span> <span class='ocrx_word' id='word_1_90' title='bbox 521 1804 586 1863; x_wconf 87' lang='lat' dir='ltr'><strong>est.</strong></span> <span class='ocrx_word' id='word_1_91' title='bbox 615 1792 791 1885; x_wconf 85' lang='lat' dir='ltr'><strong>Quidquid</strong></span> <span class='ocrx_word' id='word_1_92' title='bbox 817 1793 966 1887; x_wconf 90' lang='lat' dir='ltr'><strong>amplius</strong></span> <span class='ocrx_word' id='word_1_93' title='bbox 995 1797 1156 1886; x_wconf 87' lang='lat' dir='ltr'><strong>petimus,</strong></span> <span class='ocrx_word' id='word_1_94' title='bbox 1184 1818 1252 1868; x_wconf 92' lang='lat' dir='ltr'><strong>non</strong></span> 
     </span>
     <span class='ocr_line' id='line_1_14' title="bbox 172 1908 1252 2006; baseline 0.003 -22"><span class='ocrx_word' id='word_1_95' title='bbox 172 1925 308 1986; x_wconf 83' lang='lat' dir='ltr'><strong>naturae</strong></span> <span class='ocrx_word' id='word_1_96' title='bbox 330 1912 394 1985; x_wconf 84' lang='lat' dir='ltr'><strong>sed</strong></span> <span class='ocrx_word' id='word_1_97' title='bbox 414 1908 614 2006; x_wconf 87' lang='lat' dir='ltr'><strong>cupiditatis</strong></span> <span class='ocrx_word' id='word_1_98' title='bbox 635 1915 811 2006; x_wconf 90' lang='lat' dir='ltr'><strong>appetitos</strong></span> <span class='ocrx_word' id='word_1_99' title='bbox 836 1923 905 1994; x_wconf 89' lang='lat' dir='ltr'><strong>est,</strong></span> <span class='ocrx_word' id='word_1_100' title='bbox 941 1915 994 1985; x_wconf 91' lang='lat' dir='ltr'><strong>cui</strong></span> <span class='ocrx_word' id='word_1_101' title='bbox 1029 1918 1146 1985; x_wconf 90' lang='lat' dir='ltr'><strong>nullus</strong></span> <span class='ocrx_word' id='word_1_102' title='bbox 1180 1939 1252 1988; x_wconf 94' lang='lat' dir='ltr'><strong>mo-</strong></span> 
     </span>
     <span class='ocr_line' id='line_1_15' title="bbox 172 2035 1251 2129; baseline 0 -20"><span class='ocrx_word' id='word_1_103' title='bbox 172 2038 256 2123; x_wconf 86' lang='lat' dir='ltr'><strong>dus,</strong></span> <span class='ocrx_word' id='word_1_104' title='bbox 276 2039 391 2107; x_wconf 91' lang='lat' dir='ltr'><strong>nullus</strong></span> <span class='ocrx_word' id='word_1_105' title='bbox 410 2046 465 2106; x_wconf 88' lang='lat' dir='ltr'><strong>est</strong></span> <span class='ocrx_word' id='word_1_106' title='bbox 480 2035 658 2106; x_wconf 87' lang='lat' dir='ltr'><strong>terminus.</strong></span> <span class='ocrx_word' id='word_1_107' title='bbox 681 2036 901 2106; x_wconf 88' lang='lat' dir='ltr'><strong>Decliuemus</strong></span> <span class='ocrx_word' id='word_1_108' title='bbox 915 2035 1096 2117; x_wconf 86' lang='lat' dir='ltr'><strong>infinitum,</strong></span> <span class='ocrx_word' id='word_1_109' title='bbox 1120 2059 1251 2129; x_wconf 77' lang='lat' dir='ltr'><strong>quaese,</strong></span> 
     </span>
     <span class='ocr_line' id='line_1_16' title="bbox 173 2157 1254 2252; baseline 0.005 -25"><span class='ocrx_word' id='word_1_110' title='bbox 173 2159 259 2231; x_wconf 93' lang='lat' dir='ltr'><strong>illud</strong></span> <span class='ocrx_word' id='word_1_111' title='bbox 274 2226 276 2229; x_wconf 81' lang='grc'><strong>,</strong></span> <span class='ocrx_word' id='word_1_112' title='bbox 291 2159 397 2230; x_wconf 89' lang='lat' dir='ltr'><strong>cbaos</strong></span> <span class='ocrx_word' id='word_1_113' title='bbox 418 2169 453 2227; x_wconf 92' lang='lat' dir='ltr'><strong>et</strong></span> <span class='ocrx_word' id='word_1_114' title='bbox 474 2157 752 2228; x_wconf 78' lang='lat' dir='ltr'><strong>inextricabilem</strong></span> <span class='ocrx_word' id='word_1_115' title='bbox 778 2158 1023 2252; x_wconf 79' lang='lat' dir='ltr'><strong>labyrinthum.</strong></span> <span class='ocrx_word' id='word_1_116' title='bbox 1052 2160 1163 2230; x_wconf 88' lang='lat' dir='ltr'><strong>Habet</strong></span> <span class='ocrx_word' id='word_1_117' title='bbox 1190 2161 1254 2232; x_wconf 92' lang='lat' dir='ltr'><strong>boc</strong></span> 
     </span>
     <span class='ocr_line' id='line_1_17' title="bbox 136 2274 1253 2373; baseline 0.001 -20"><span class='ocrx_word' id='word_1_118' title='bbox 136 2274 137 2277; x_wconf 44' lang='lat'>&#39;</span> <span class='ocrx_word' id='word_1_119' title='bbox 174 2282 320 2353; x_wconf 87' lang='lat' dir='ltr'><strong>avaritia</strong></span> <span class='ocrx_word' id='word_1_120' title='bbox 342 2281 517 2373; x_wconf 89' lang='lat' dir='ltr'><strong>proprium</strong></span> <span class='ocrx_word' id='word_1_121' title='bbox 540 2289 645 2372; x_wconf 88' lang='lat' dir='ltr'><strong>atque</strong></span> <span class='ocrx_word' id='word_1_122' title='bbox 666 2280 878 2372; x_wconf 89' lang='lat' dir='ltr'><strong>pessimum:</strong></span> <span class='ocrx_word' id='word_1_123' title='bbox 903 2290 1043 2372; x_wconf 88' lang='lat' dir='ltr'><strong>torquet</strong></span> <span class='ocrx_word' id='word_1_124' title='bbox 1067 2284 1160 2353; x_wconf 86' lang='lat' dir='ltr'><strong>curis</strong></span> <span class='ocrx_word' id='word_1_125' title='bbox 1181 2285 1253 2355; x_wconf 92' lang='lat' dir='ltr'><strong>ina-</strong></span> 
     </span>
     <span class='ocr_line' id='line_1_18' title="bbox 173 2399 1254 2497; baseline 0.003 -25"><span class='ocrx_word' id='word_1_126' title='bbox 173 2403 291 2486; x_wconf 66' lang='lat' dir='ltr'><strong>nibus</strong></span> <span class='ocrx_word' id='word_1_127' title='bbox 326 2425 391 2474; x_wconf 90' lang='lat' dir='ltr'><strong>nec</strong></span> <span class='ocrx_word' id='word_1_128' title='bbox 423 2404 576 2473; x_wconf 90' lang='lat' dir='ltr'><strong>animum</strong></span> <span class='ocrx_word' id='word_1_129' title='bbox 600 2399 708 2472; x_wconf 44' lang='lat' dir='ltr'><strong>*satiat</strong></span> <span class='ocrx_word' id='word_1_130' title='bbox 734 2402 797 2473; x_wconf 89' lang='lat' dir='ltr'><strong>sed</strong></span> <span class='ocrx_word' id='word_1_131' title='bbox 824 2402 991 2488; x_wconf 88' lang='lat' dir='ltr'><strong>incendit,</strong></span> <span class='ocrx_word' id='word_1_132' title='bbox 1017 2415 1053 2474; x_wconf 91' lang='lat' dir='ltr'><strong>et</strong></span> <span class='ocrx_word' id='word_1_133' title='bbox 1075 2425 1145 2497; x_wconf 92' lang='lat' dir='ltr'><strong>quo</strong></span> <span class='ocrx_word' id='word_1_134' title='bbox 1172 2406 1254 2475; x_wconf 89' lang='lat' dir='ltr'><strong>nibil</strong></span> 
     </span>
     <span class='ocr_line' id='line_1_19' title="bbox 173 2523 1255 2620; baseline 0.005 -25"><span class='ocrx_word' id='word_1_135' title='bbox 173 2536 228 2595; x_wconf 89' lang='lat' dir='ltr'><strong>est</strong></span> <span class='ocrx_word' id='word_1_136' title='bbox 248 2524 417 2608; x_wconf 64' lang='lat' dir='ltr'><strong>deterius</strong></span> <span class='ocrx_word' id='word_1_137' title='bbox 445 2523 681 2617; x_wconf 82' lang='lat' dir='ltr'><strong>praescntibus</strong></span> <span class='ocrx_word' id='word_1_138' title='bbox 713 2525 762 2595; x_wconf 90' lang='lat' dir='ltr'><strong>uti</strong></span> <span class='ocrx_word' id='word_1_139' title='bbox 795 2525 967 2620; x_wconf 84' lang='lat' dir='ltr'><strong>probibet,</strong></span> <span class='ocrx_word' id='word_1_140' title='bbox 995 2527 1077 2598; x_wconf 93' lang='lat' dir='ltr'><strong>dum</strong></span> <span class='ocrx_word' id='word_1_141' title='bbox 1106 2541 1255 2601; x_wconf 87' lang='lat' dir='ltr'><strong>ventura</strong></span> 
     </span>
    </p>
   </div>
   <div class='ocr_carea' id='block_1_5' title="bbox 173 2644 1255 3227">
    <p class='ocr_par' dir='ltr' id='par_1_6' title="bbox 173 2644 1255 3227">
     <span class='ocr_line' id='line_1_20' title="bbox 174 2644 1255 2744; baseline 0.004 -26"><span class='ocrx_word' id='word_1_142' title='bbox 174 2647 362 2739; x_wconf 89' lang='lat' dir='ltr'><strong>pollicetur.</strong></span> <span class='ocrx_word' id='word_1_143' title='bbox 396 2647 583 2738; x_wconf 90' lang='lat' dir='ltr'><strong>Nunquam</strong></span> <span class='ocrx_word' id='word_1_144' title='bbox 618 2647 694 2717; x_wconf 84' lang='lat' dir='ltr'><strong>haeo</strong></span> <span class='ocrx_word' id='word_1_145' title='bbox 726 2645 881 2718; x_wconf 86' lang='lat' dir='ltr'><strong>habendi</strong></span> <span class='ocrx_word' id='word_1_146' title='bbox 901 2644 992 2719; x_wconf 49' lang='lat' dir='ltr'><strong>&#39;sitis</strong></span> <span class='ocrx_word' id='word_1_147' title='bbox 1024 2653 1124 2743; x_wconf 89' lang='lat' dir='ltr'><strong>plura</strong></span> <span class='ocrx_word' id='word_1_148' title='bbox 1157 2670 1255 2744; x_wconf 84' lang='lat' dir='ltr'><strong>quae-</strong></span> 
     </span>
     <span class='ocr_line' id='line_1_21' title="bbox 173 2764 1252 2860; baseline 0.005 -22"><span class='ocrx_word' id='word_1_149' title='bbox 173 2770 283 2841; x_wconf 88' lang='lat' dir='ltr'><strong>rendo</strong></span> <span class='ocrx_word' id='word_1_150' title='bbox 310 2769 463 2839; x_wconf 88' lang='lat' dir='ltr'><strong>sedatur.</strong></span> <span class='ocrx_word' id='word_1_151' title='bbox 498 2771 574 2858; x_wconf 82' lang='lat' dir='ltr'><strong>Ego</strong></span> <span class='ocrx_word' id='word_1_152' title='bbox 607 2767 764 2859; x_wconf 91' lang='lat' dir='ltr'><strong>quidem,</strong></span> <span class='ocrx_word' id='word_1_153' title='bbox 792 2769 888 2860; x_wconf 93' lang='lat' dir='ltr'><strong>quod</strong></span> <span class='ocrx_word' id='word_1_154' title='bbox 917 2769 962 2840; x_wconf 90' lang='lat' dir='ltr'><strong>de</strong></span> <span class='ocrx_word' id='word_1_155' title='bbox 992 2772 1108 2855; x_wconf 91' lang='lat' dir='ltr'><strong>vobis,</strong></span> <span class='ocrx_word' id='word_1_156' title='bbox 1125 2764 1252 2859; x_wconf 88' lang='lat' dir='ltr'><strong>amici,</strong></span> 
     </span>
     <span class='ocr_line' id='line_1_22' title="bbox 176 2889 1252 2982; baseline 0.006 -24"><span class='ocrx_word' id='word_1_157' title='bbox 176 2899 271 2960; x_wconf 86' lang='lat' dir='ltr'><strong>tanto</strong></span> <span class='ocrx_word' id='word_1_158' title='bbox 289 2891 400 2978; x_wconf 86' lang='lat' dir='ltr'><strong>magis</strong></span> <span class='ocrx_word' id='word_1_159' title='bbox 420 2909 523 2982; x_wconf 86' lang='lat' dir='ltr'><strong>spero</strong></span> <span class='ocrx_word' id='word_1_160' title='bbox 541 2897 671 2980; x_wconf 87' lang='lat' dir='ltr'><strong>quanto</strong></span> <span class='ocrx_word' id='word_1_161' title='bbox 690 2892 767 2978; x_wconf 89' lang='lat' dir='ltr'><strong>plus</strong></span> <span class='ocrx_word' id='word_1_162' title='bbox 785 2890 820 2957; x_wconf 91' lang='lat' dir='ltr'><strong>in</strong></span> <span class='ocrx_word' id='word_1_163' title='bbox 838 2889 941 2959; x_wconf 86' lang='lat' dir='ltr'><strong>vobis</strong></span> <span class='ocrx_word' id='word_1_164' title='bbox 959 2891 1140 2963; x_wconf 88' lang='lat' dir='ltr'><strong>modestiae</strong></span> <span class='ocrx_word' id='word_1_165' title='bbox 1157 2895 1252 2980; x_wconf 90' lang='lat' dir='ltr'><strong>novi,</strong></span> 
     </span>
     <span class='ocr_line' id='line_1_23' title="bbox 175 3009 1255 3102; baseline 0.007 -21"><span class='ocrx_word' id='word_1_166' title='bbox 175 3033 243 3102; x_wconf 87' lang='lat' dir='ltr'><strong>ego</strong></span> <span class='ocrx_word' id='word_1_167' title='bbox 264 3009 363 3102; x_wconf 93' lang='lat' dir='ltr'><strong>posui</strong></span> <span class='ocrx_word' id='word_1_168' title='bbox 384 3009 632 3102; x_wconf 88' lang='lat' dir='ltr'><strong>cupiditatibus</strong></span> <span class='ocrx_word' id='word_1_169' title='bbox 654 3010 740 3081; x_wconf 91' lang='lat' dir='ltr'><strong>meis</strong></span> <span class='ocrx_word' id='word_1_170' title='bbox 769 3010 926 3096; x_wconf 90' lang='lat' dir='ltr'><strong>modum,</strong></span> <span class='ocrx_word' id='word_1_171' title='bbox 957 3023 992 3082; x_wconf 89' lang='lat' dir='ltr'><strong>et</strong></span> <span class='ocrx_word' id='word_1_172' title='bbox 1025 3016 1152 3086; x_wconf 89' lang='lat' dir='ltr'><strong>oraculi</strong></span> <span class='ocrx_word' id='word_1_173' title='bbox 1180 3019 1255 3088; x_wconf 88' lang='lat' dir='ltr'><strong>loco</strong></span> 
     </span>
     <span class='ocr_line' id='line_1_24' title="bbox 175 3130 663 3227; baseline -0.006 -24"><span class='ocrx_word' id='word_1_174' title='bbox 175 3134 401 3204; x_wconf 90' lang='lat' dir='ltr'><strong>Horatianum</strong></span> <span class='ocrx_word' id='word_1_175' title='bbox 423 3130 508 3202; x_wconf 92' lang='lat' dir='ltr'><strong>illud</strong></span> <span class='ocrx_word' id='word_1_176' title='bbox 530 3134 663 3227; x_wconf 89' lang='lat' dir='ltr'><strong>accepi:</strong></span> 
     </span>
    </p>
   </div>
   <div class='ocr_carea' id='block_1_6' title="bbox 297 3304 1180 3396">
    <p class='ocr_par' dir='ltr' id='par_1_7' title="bbox 297 3304 1180 3396">
     <span class='ocr_line' id='line_1_25' title="bbox 297 3304 1180 3396; baseline 0.005 -20"><span class='ocrx_word' id='word_1_177' title='bbox 297 3313 422 3391; x_wconf 86' lang='lat' dir='ltr'><strong>Semper</strong></span> <span class='ocrx_word' id='word_1_178' title='bbox 439 3329 551 3375; x_wconf 84' lang='lat' dir='ltr'><strong>avarus</strong></span> <span class='ocrx_word' id='word_1_179' title='bbox 569 3321 654 3392; x_wconf 82' lang='lat' dir='ltr'><strong>eget:</strong></span> <span class='ocrx_word' id='word_1_180' title='bbox 674 3323 792 3376; x_wconf 85' lang='lat' dir='ltr'><strong>certum</strong></span> <span class='ocrx_word' id='word_1_181' title='bbox 811 3325 883 3379; x_wconf 86' lang='lat' dir='ltr'><strong>voto</strong></span> <span class='ocrx_word' id='word_1_182' title='bbox 900 3333 977 3396; x_wconf 90' lang='lat' dir='ltr'><strong>pone</strong></span> <span class='ocrx_word' id='word_1_183' title='bbox 995 3320 1096 3379; x_wconf 86' lang='lat' dir='ltr'><strong>finem.</strong></span> <span class='ocrx_word' id='word_1_184' title='bbox 1176 3304 1180 3307; x_wconf 60' lang='grc'><strong>’</strong></span> 
     </span>
    </p>
   </div>
   <div class='ocr_carea' id='block_1_7' title="bbox 176 3498 1257 4208">
    <p class='ocr_par' dir='ltr' id='par_1_8' title="bbox 176 3498 1257 4208">
     <span class='ocr_line' id='line_1_26' title="bbox 177 3498 1255 3590; baseline 0.004 -21"><span class='ocrx_word' id='word_1_185' title='bbox 177 3501 295 3583; x_wconf 89' lang='lat' dir='ltr'><strong>Posui,</strong></span> <span class='ocrx_word' id='word_1_186' title='bbox 319 3501 439 3585; x_wconf 81' lang='lat' dir='ltr'><strong>fateor,</strong></span> <span class='ocrx_word' id='word_1_187' title='bbox 465 3500 555 3571; x_wconf 90' lang='lat' dir='ltr'><strong>hunc</strong></span> <span class='ocrx_word' id='word_1_188' title='bbox 586 3498 705 3583; x_wconf 87' lang='lat' dir='ltr'><strong>finem,</strong></span> <span class='ocrx_word' id='word_1_189' title='bbox 730 3511 770 3572; x_wconf 90' lang='lat' dir='ltr'><strong>ct</strong></span> <span class='ocrx_word' id='word_1_190' title='bbox 794 3502 866 3571; x_wconf 89' lang='lat' dir='ltr'><strong>Deo</strong></span> <span class='ocrx_word' id='word_1_191' title='bbox 891 3502 1031 3570; x_wconf 87' lang='lat' dir='ltr'><strong>favente</strong></span> <span class='ocrx_word' id='word_1_192' title='bbox 1052 3500 1164 3590; x_wconf 88' lang='lat' dir='ltr'><strong>attigi,</strong></span> <span class='ocrx_word' id='word_1_193' title='bbox 1193 3524 1255 3573; x_wconf 90' lang='lat' dir='ltr'><strong>nec</strong></span> 
     </span>
     <span class='ocr_line' id='line_1_27' title="bbox 176 3621 1254 3714; baseline 0.001 -23"><span class='ocrx_word' id='word_1_194' title='bbox 176 3621 325 3694; x_wconf 89' lang='lat' dir='ltr'><strong>verebor</strong></span> <span class='ocrx_word' id='word_1_195' title='bbox 351 3644 394 3693; x_wconf 88' lang='lat' dir='ltr'><strong>ne</strong></span> <span class='ocrx_word' id='word_1_196' title='bbox 420 3623 503 3692; x_wconf 90' lang='lat' dir='ltr'><strong>mihi</strong></span> <span class='ocrx_word' id='word_1_197' title='bbox 530 3623 712 3714; x_wconf 79' lang='lat' dir='ltr'><strong>segnitiem</strong></span> <span class='ocrx_word' id='word_1_198' title='bbox 741 3622 880 3693; x_wconf 87' lang='lat' dir='ltr'><strong>obiiciat</strong></span> <span class='ocrx_word' id='word_1_199' title='bbox 893 3623 1007 3694; x_wconf 87' lang='lat' dir='ltr'><strong>haeres</strong></span> <span class='ocrx_word' id='word_1_200' title='bbox 1035 3645 1146 3694; x_wconf 89' lang='lat' dir='ltr'><strong>mens.</strong></span> <span class='ocrx_word' id='word_1_201' title='bbox 1173 3624 1254 3693; x_wconf 88' lang='lat' dir='ltr'><strong>Mihi</strong></span> 
     </span>
     <span class='ocr_line' id='line_1_28' title="bbox 176 3744 1257 3829; baseline 0.004 -17"><span class='ocrx_word' id='word_1_202' title='bbox 176 3744 267 3812; x_wconf 89' lang='lat' dir='ltr'><strong>enim</strong></span> <span class='ocrx_word' id='word_1_203' title='bbox 289 3744 372 3815; x_wconf 89' lang='lat' dir='ltr'><strong>vivo</strong></span> <span class='ocrx_word' id='word_1_204' title='bbox 391 3767 459 3814; x_wconf 93' lang='lat' dir='ltr'><strong>non</strong></span> <span class='ocrx_word' id='word_1_205' title='bbox 479 3744 556 3829; x_wconf 88' lang='lat' dir='ltr'><strong>sibi,</strong></span> <span class='ocrx_word' id='word_1_206' title='bbox 580 3756 615 3816; x_wconf 88' lang='lat' dir='ltr'><strong>et</strong></span> <span class='ocrx_word' id='word_1_207' title='bbox 635 3767 752 3816; x_wconf 91' lang='lat' dir='ltr'><strong>rerum</strong></span> <span class='ocrx_word' id='word_1_208' title='bbox 776 3766 932 3816; x_wconf 90' lang='lat' dir='ltr'><strong>mearum</strong></span> <span class='ocrx_word' id='word_1_209' title='bbox 953 3767 1031 3817; x_wconf 91' lang='lat' dir='ltr'><strong>cum</strong></span> <span class='ocrx_word' id='word_1_210' title='bbox 1053 3747 1173 3818; x_wconf 93' lang='lat' dir='ltr'><strong>amicis</strong></span> <span class='ocrx_word' id='word_1_211' title='bbox 1194 3746 1257 3817; x_wconf 93' lang='lat' dir='ltr'><strong>do-</strong></span> 
     </span>
     <span class='ocr_line' id='line_1_29' title="bbox 177 3863 1256 3960; baseline 0.005 -27"><span class='ocrx_word' id='word_1_212' title='bbox 177 3863 305 3949; x_wconf 83' lang='lat' dir='ltr'><strong>minus„</strong></span> <span class='ocrx_word' id='word_1_213' title='bbox 326 3887 394 3936; x_wconf 92' lang='lat' dir='ltr'><strong>non</strong></span> <span class='ocrx_word' id='word_1_214' title='bbox 409 3865 632 3958; x_wconf 79' lang='lat' dir='ltr'><strong>negociorum</strong></span> <span class='ocrx_word' id='word_1_215' title='bbox 648 3867 740 3951; x_wconf 87' lang='lat' dir='ltr'><strong>eius,</strong></span> <span class='ocrx_word' id='word_1_216' title='bbox 760 3866 820 3960; x_wconf 90' lang='lat' dir='ltr'><strong>qui</strong></span> <span class='ocrx_word' id='word_1_217' title='bbox 838 3869 984 3945; x_wconf 81' lang='lat' dir='ltr'><strong>fortasse</strong></span> <span class='ocrx_word' id='word_1_218' title='bbox 1001 3869 1155 3939; x_wconf 87' lang='lat' dir='ltr'><strong>nondum</strong></span> <span class='ocrx_word' id='word_1_219' title='bbox 1171 3870 1256 3938; x_wconf 91' lang='lat' dir='ltr'><strong>mibi</strong></span> 
     </span>
     <span class='ocr_line' id='line_1_30' title="bbox 178 3986 1256 4084; baseline 0.006 -27"><span class='ocrx_word' id='word_1_220' title='bbox 178 3986 414 4077; x_wconf 79' lang='lat' dir='ltr'><strong>cognoscitur,</strong></span> <span class='ocrx_word' id='word_1_221' title='bbox 438 3998 557 4078; x_wconf 87' lang='lat' dir='ltr'><strong>gestor</strong></span> <span class='ocrx_word' id='word_1_222' title='bbox 579 4011 667 4061; x_wconf 92' lang='lat' dir='ltr'><strong>sum.</strong></span> <span class='ocrx_word' id='word_1_223' title='bbox 683 3991 749 4062; x_wconf 92' lang='lat' dir='ltr'><strong>Pro</strong></span> <span class='ocrx_word' id='word_1_224' title='bbox 768 4001 956 4061; x_wconf 90' lang='lat' dir='ltr'><strong>meantem</strong></span> <span class='ocrx_word' id='word_1_225' title='bbox 974 3992 1256 4084; x_wconf 90' lang='lat' dir='ltr'><strong>qnid-tantopere</strong></span> 
     </span>
     <span class='ocr_line' id='line_1_31' title="bbox 178 4108 1257 4208; baseline 0.01 -32"><span class='ocrx_word' id='word_1_226' title='bbox 178 4108 410 4181; x_wconf 88' lang='lat' dir='ltr'><strong>laborandum</strong></span> <span class='ocrx_word' id='word_1_227' title='bbox 426 4115 505 4181; x_wconf 80' lang='lat' dir='ltr'><strong>est‘l</strong></span> <span class='ocrx_word' id='word_1_228' title='bbox 528 4113 608 4184; x_wconf 86' lang='lat' dir='ltr'><strong>Plus</strong></span> <span class='ocrx_word' id='word_1_229' title='bbox 636 4113 761 4185; x_wconf 89' lang='lat' dir='ltr'><strong>obtulit</strong></span> <span class='ocrx_word' id='word_1_230' title='bbox 789 4112 870 4184; x_wconf 88' lang='lat' dir='ltr'><strong>mibi</strong></span> <span class='ocrx_word' id='word_1_231' title='bbox 898 4114 1048 4186; x_wconf 89' lang='lat' dir='ltr'><strong>Fortuna</strong></span> <span class='ocrx_word' id='word_1_232' title='bbox 1069 4136 1174 4208; x_wconf 88' lang='lat' dir='ltr'><strong>quam</strong></span> <span class='ocrx_word' id='word_1_233' title='bbox 1195 4138 1257 4186; x_wconf 88' lang='lat' dir='ltr'><strong>ne·</strong></span> 
     </span>
    </p>
   </div>
   <div class='ocr_carea' id='block_1_8' title="bbox 0 0 1480 4650">
    <p class='ocr_par' dir='ltr' id='par_1_9' title="bbox 0 0 1480 4650">
     <span class='ocr_line' id='line_1_32' title="bbox 0 0 1480 4650; baseline 0 0"><span class='ocrx_word' id='word_1_234' title='bbox 0 0 1480 4650; x_wconf 95' lang='lat' dir='ltr'><strong> </strong></span> 
     </span>
    </p>
   </div>
  </div>
 </body>
</html>
