2992 4664
181 299 239 358 3tttt
520 314 559 360 un
581 313 682 360 uenus
703 289 925 361 raurumurnos

171 473 308 542 rerunt,
323 451 386 522 sed
402 463 593 545 temporum
614 451 781 525 rationem
801 451 918 523 habui.
939 453 1069 524 Praeter
1087 453 1153 524 has
1170 454 1267 525 enim

81 655 84 661 ¹
181 576 322 646 ultimas
339 575 519 645 veteribus
535 575 719 668 inscriptas
745 574 939 646 illustribus
960 575 1057 658 viris
1078 597 1168 668 quas
1188 599 1269 669 pro·

182 707 260 791 pter
279 696 539 767 similitudinem
566 697 731 768 novitatis
753 697 869 769 sciens
895 719 1000 767 unum
1036 698 1137 768 simut
1160 698 1194 767 in
1217 701 1269 769 io-

184 842 263 890 cum
280 820 418 904 contuli,
433 841 474 890 ac
488 830 615 912 praeter
633 821 787 912 primam,
804 839 884 910 quae
897 819 1027 889 dictata
1046 821 1160 890 serius
1174 840 1269 912 prae·

183 941 279 1013 venit
309 943 453 1013 comites
497 952 533 1013 et
561 944 674 1012 locum
703 942 914 1035 praefationis
943 941 1103 1026 obtinuit,
1137 953 1269 1013 caetera

182 1082 272 1154 pene
285 1065 400 1133 omnia
417 1086 487 1155 quo
504 1062 696 1135 inciderant
715 1064 842 1155 scripta
860 1075 941 1134 sunt
958 1064 1091 1134 ordine.
1110 1065 1161 1136 lta
1173 1064 1267 1133 enim

141 1213 148 1217 “
182 1194 217 1255 et
236 1206 446 1279 progressus
462 1186 528 1257 mei
544 1188 668 1259 seriem
691 1186 733 1279 (si
753 1208 795 1256 ea
813 1188 900 1257 forte
917 1208 1001 1260 cura
1020 1187 1147 1277 tuerit),
1166 1187 1269 1257 vitae-

183 1329 251 1398 que
268 1331 411 1378 oursum
430 1310 537 1380 lector
554 1308 731 1399 intelliget.
751 1309 788 1378 ln
807 1308 936 1401 quibus
954 1311 1078 1390 fateor,
1099 1330 1143 1379 ne
1161 1310 1268 1379 semet

182 1428 273 1501 diota
289 1440 496 1522 repeterem,
511 1429 637 1522 bisque
650 1433 706 1501 vel
721 1433 853 1523 saepius
869 1431 959 1502 idem
976 1452 1151 1523 ponerem,
1173 1434 1270 1523 quod

183 1553 350 1645 incipiens
379 1552 607 1646 promiseram
634 1552 679 1624 ad
704 1555 1042 1646 plenum-praestare
1068 1575 1135 1624 non
1161 1555 1269 1647 potui.

181 1673 282 1744 Votui
297 1674 451 1764 quidem,
472 1673 535 1745 sed
554 1675 737 1746 multitudo
752 1696 866 1745 rerum
882 1673 1028 1756 obstitit,
1045 1673 1271 1764 varietasque

182 1798 268 1887 ipsa,
288 1806 323 1866 et
339 1798 497 1888 occupati
520 1796 659 1868 interim
677 1797 868 1888 intentique
886 1796 963 1866 otiis
990 1795 1096 1867 animi
1118 1796 1271 1865 violenta

182 1918 372 1990 distractio.
400 1919 499 1989 Nunc
523 1920 687 2011 qnoniam
715 1931 750 1992 et
774 1919 856 1991 hino
879 1922 1050 1991 calamum
1072 1920 1179 1989 multa
1203 1918 1271 1988 cir-

182 2049 388 2112 cumsonant
404 2053 509 2134 atque
527 2044 560 2111 in
582 2043 762 2114 diversum
785 2051 921 2127 vocam,
941 2053 977 2114 et
997 2052 1164 2135 quantum
1187 2041 1272 2112 vitae

182 2172 292 2234 restet
309 2163 477 2234 incertum
496 2164 621 2250 habeo,
640 2176 676 2236 et
693 2165 749 2236 hic
766 2165 854 2235 tiber
868 2167 952 2236 satis
971 2165 1097 2246 crevit,
1121 2186 1185 2235 nec
1202 2164 1269 2234 nisi

181 2287 264 2357 iusti
290 2287 476 2358 voluminis
502 2299 594 2358 meta
615 2287 886 2370 transcenditur,
902 2288 1052 2379 plurium
1067 2271 1180 2378 capas
1200 2295 1269 2368 cst;

180 2429 262 2500 quae
282 2409 388 2478 huius
408 2409 549 2500 quidem
573 2411 714 2498 generis
736 2411 864 2502 scripta
882 2410 949 2480 iam
969 2418 1190 2501 supererant,
1216 2408 1271 2478 his

153 2628 155 2631 ι
182 2532 307 2605 avulsa
333 2540 434 2600 extra
461 2530 616 2601 ordinem
644 2530 712 2602 atio
737 2531 887 2622 quodam
917 2532 1047 2622 digessi
1082 2530 1269 2601 volumine.

183 2653 270 2735 Quae
298 2651 483 2722 scribenda
510 2664 642 2735 autem,
671 2655 701 2724 si
727 2656 813 2746 quid
839 2657 906 2727 tate
936 2654 1160 2724 nuncetiam
1191 2645 1269 2723 sum

183 2777 390 2868 scripturus
414 2776 459 2847 ab
480 2786 584 2849 aetate
606 2779 674 2848 iam
700 2800 826 2849 nomen
854 2773 1027 2860 habitura,
1055 2797 1182 2848 rursus
1204 2776 1272 2846 alio

185 2901 324 2971 venient
351 2901 544 2973 claudenda
575 2901 763 2982 volumine,
795 2900 935 2992 quando
961 2912 997 2970 et
1026 2920 1090 2970 vos
1115 2920 1158 2968 eo
1184 2897 1271 2968 estis

183 3021 309 3103 animo,
327 3022 479 3105 sodates¹
495 3036 533 3095 ut
547 3046 661 3095 meum
685 3024 815 3117 atiquid
835 3024 937 3094 vobis
960 3022 1119 3093 subtrahi
1137 3020 1270 3091 nolitis:

182 3156 218 3214 et
247 3165 314 3233 ego
348 3144 394 3214 ita
429 3168 505 3216 sum
539 3158 577 3216 ut
603 3157 686 3217 vota
712 3158 832 3218 vestra
859 3167 997 3239 semper
1029 3140 1270 3236 anteponenda

182 3265 269 3336 meis
304 3265 463 3336 arbitrer.
491 3268 578 3337 lttnd
609 3269 710 3339 vobis
742 3270 776 3338 in
812 3267 925 3339 medio
957 3289 1100 3360 precum
1132 3267 1270 3335 fervore

182 3383 436 3481 providendum
459 3401 542 3470 erat,
563 3412 606 3459 ne
623 3391 706 3460 dnm
723 3390 798 3461 sine
811 3390 949 3462 delectu
969 3411 1045 3460 mea
1058 3389 1174 3459 omnia
1193 3409 1272 3478 pro-

181 3511 290 3596 batis,
316 3511 400 3581 dum
428 3514 473 3581 nit
500 3513 639 3606 ponitus
666 3514 747 3584 mihi
774 3514 881 3585 vultis
900 3516 1056 3593 effluere,
1077 3512 1160 3582 dum
1189 3531 1270 3602 quae

182 3633 329 3727 privatis
351 3634 457 3704 rebus
478 3635 563 3704 meis
581 3636 642 3706 vix
664 3637 877 3730 respondent
897 3635 1059 3707 laudandi
1084 3635 1202 3704 studio
1223 3635 1272 3703 et·
1354 3664 1356 3671 ⁸

181 3757 279 3827 fertis
305 3757 338 3827 in
360 3758 546 3850 publicum,
573 3760 703 3831 invitus
730 3761 763 3830 in
792 3762 926 3833 iliorum
955 3780 1080 3832 manus
1106 3731 1268 3848 cogerer,

182 3880 240 3969 qui
262 3880 372 3950 atiena
391 3882 505 3952 omnia
529 3883 785 3973 stomachantes
808 3883 872 3953 sibi
900 3884 1082 3977 plaudunt,
1106 3904 1170 3952 sua
1198 3882 1272 3950 sota

184 4002 437 4093 suspiciuntur
460 4005 644 4089 mirentur,
668 4005 786 4077 felices
808 4006 1042 4075 aestimatione
1065 4003 1270 4074 domestica.

183 4124 312 4194 Horum
330 4148 383 4196 me
397 4128 533 4199 iudiciis
552 4131 758 4221 imparatum
777 4139 812 4201 et
829 4128 995 4199 inermem
1009 4126 1171 4209 untionis,
1185 4124 1273 4194 ami-
