2934 4650
168 299 227 358 lto
632 312 796 362 vlnrnnuu

115 456 118 461 ’
169 477 261 537 uern,
297 459 356 547 qu'r
382 477 555 546 agnomen
583 478 602 526 a
630 467 742 528 morte
764 453 913 531 ,sortitus
940 464 1009 537 est,
1033 453 1072 521 'nt
1092 450 1159 520 sibi
1183 450 1265 543 ipse

169 599 293 649 manus
319 580 509 670 ingereret,
533 580 648 672 potius
674 601 780 672 qnam
806 577 946 672 tyranni
972 574 1151 658 eiusdem,
1176 572 1262 644 licet

169 697 357 788 singularis
378 709 413 770 et
434 699 525 774 unici
541 701 632 799 aviri,
654 701 790 770 vultum
811 706 847 768 et
867 697 1076 768 servientem
1103 695 1255 788 patriam

168 819 310 890 videret.
335 821 498 912 Singulos
524 843 734 892 enumerare
760 820 938 891 curiosum
965 830 1031 903 est,
1058 816 1153 910 apud
1174 818 1256 887 illos

127 936 128 939 ¹
168 950 363 1040 praesertim
385 973 532 1042 quorum
562 950 606 1023 de
632 950 802 1040 sanguine
828 970 898 1018 non
925 947 992 1017 viri
1017 955 1164 1027 tantum,
1189 942 1255 1014 sed

166 1070 324 1142 'eiusdem
360 1073 535 1144 unanimis
567 1082 603 1144 et
628 1073 736 1143 iuncti
765 1069 932 1162 propositi
961 1070 1114 1139 illustres
1144 1069 1252 1137 etiam

165 1195 306 1266 familiae
343 1206 598 1278 surrexerunt;
634 1181 734 1266 cuius
767 1193 816 1264 rei
852 1193 952 1263 testis
983 1201 1038 1262 est
1069 1192 1251 1273 Cremera,

168 1337 304 1409 sexque
325 1327 360 1388 et
381 1328 614 1388 trecentorum
642 1316 829 1386 Fabiorum
854 1317 971 1386 clarus
998 1314 1100 1384 simul
1126 1323 1160 1382 et
1187 1313 1251 1381 mi—

168 1438 328 1509 serabilis
354 1458 480 1509 casus:
507 1460 573 1508 neo
598 1439 739 1509 familiae
767 1437 869 1507 modo
896 1436 958 1505 sed
988 1435 1156 1526 legionen,
1187 1434 1252 1505 sed

166 1561 356 1644 exercituo,
392 1558 521 1653 quibus
556 1583 658 1633 ruere
684 1562 718 1630 in
746 1570 890 1635 mortem
919 1581 983 1653 pro
1012 1559 1123 1651 patria
1148 1558 1252 1631 dulce

166 1681 239 1752 luit.
261 1681 315 1751 Ad
337 1684 403 1754 boc
424 1685 525 1776 cupio
538 1684 573 1754 in
586 1706 628 1754 eo
643 1685 720 1777 ipso
741 1683 917 1776 Capitolio,
942 1693 978 1754 ut
999 1703 1161 1773 auguror,
1182 1683 1251 1751 ista

167 1803 352 1892 relegenda
384 1807 465 1889 sint,
492 1807 536 1878 de
568 1808 667 1877 onius
699 1806 779 1876 olim
813 1807 943 1877 vertice
971 1806 1027 1875 vir
1055 1805 1250 1874 acerrimus

166 1909 325 2010 Manlius,
346 1930 404 2020 qui
424 1928 500 1999 eius
518 1932 621 2023 paulo
640 1943 719 2001 ante
736 1932 987 2024 custosluerat
1004 1928 1060 2022 (ob
1078 1929 1113 1999 id
1136 1930 1249 1998 solum

166 2030 248 2139 qnia
275 2048 426 2121 libertati
455 2052 512 2121 cui
542 2055 677 2123 laverat
708 2051 882 2134 insidiari,
904 2065 939 2122 et
963 2050 1107 2142 egregio
1132 2060 1250 2141 coepto

161 2171 354 2242 ‘dissimiles
373 2175 490 2243 exitus
510 2184 666 2269 spectare
680 2173 888 2267 videbatur),
905 2193 1061 2267 praeceps
1075 2171 1249 2264 impulsus

165 2304 230 2376 est,
255 2293 418 2385 idemque
443 2317 569 2367 saxum
598 2295 718 2365 habuit
743 2307 778 2364 et
803 2293 943 2363 eximiae
967 2293 1078 2362 laudis
1103 2302 1139 2362 et
1164 2314 1248 2384 sup

164 2416 256 2508 plinii
293 2429 555 2487 mouumentum
588 2415 838 2508 exemplarque
869 2416 1008 2508 reliquit
1038 2424 1247 2508 perpetuum

165 2538 290 2607 similia
309 2558 378 2606 non
397 2539 558 2608 audendi.
578 2541 648 2608 Nec
667 2537 731 2608 sibi
750 2539 1037 2631 veroquisquam
1060 2540 1147 2609 lalso
1168 2561 1249 2630 per-

164 2657 312 2728 suadeat
325 2680 385 2728 eos
398 2660 457 2751 qni
475 2683 535 2750 pro
552 2659 711 2730 libertate
729 2661 914 2743 excubant,
935 2661 1063 2752 quique
1076 2660 1247 2730 hactenns

164 2780 316 2850 desertae
342 2781 554 2876 Reipublicae
583 2793 699 2874 partes
728 2784 935 2875 suscipiunt,
963 2785 1111 2853 alienum
1138 2804 1247 2873 agere

162 2905 353 2994 negotium.
377 2905 486 2975 Suum
508 2916 637 2997 agunt:
659 2906 694 2975 in
716 2906 781 2977 boc
801 2905 895 2974 enim
917 2929 986 2976 uno
1008 2903 1160 2997 reposita
1177 2903 1245 2974 sibi

163 3027 279 3096 omnia
307 3026 422 3098 norint
449 3050 589 3112 omnm,
625 3028 847 3100 securitatem
872 3039 1062 3110 mercator,
1097 3027 1246 3118 gloriam

163 3144 274 3231 milne,
301 3148 482 3218 utilitatem
503 3151 670 3240 agricola,
694 3162 870 3243 postremo
890 3150 924 3219 iu
946 3151 1069 3226 eodem
1088 3149 1245 3239 religiosi

163 3269 396 3352 caerimoniae,
416 3271 525 3340 otium
547 3272 709 3355 studiosi,
730 3274 881 3364 requiem
905 3294 1020 3355 senec,
1045 3273 1244 3342 rudimenta

162 3394 423 3486 disciplinarum
452 3397 566 3486 pueri,
603 3397 739 3489 nuptias
765 3399 902 3490 puellae,
935 3395 1131 3489 pudicitiam
1167 3419 1246 3467 ma-

164 3527 284 3600 tronae,
321 3517 485 3609 gaudium
513 3540 634 3588 omues
661 3518 848 3589 invenient.
882 3520 919 3587 ln
952 3519 1017 3589 hoc
1049 3519 1139 3588 enim
1170 3529 1243 3589 tam

162 3641 310 3733 publicae
347 3664 453 3733 qnam
493 3640 637 3733 privatae
677 3642 798 3712 salutis
834 3643 1010 3732 negotium
1045 3641 1139 3712 omni
1168 3664 1244 3733 ¹pu-

163 3764 251 3835 blica
278 3777 313 3834 et
338 3764 474 3856 privata
499 3785 564 3859 ope
590 3764 733 3834 Romani
761 3765 857 3834 cives
878 3764 1057 3835 intendite:
1077 3764 1159 3833 buic
1182 3766 1244 3833 nni

163 3887 307 3977 reliquae
334 3887 459 3958 cedant
486 3907 603 3969 onrae3
623 3887 652 3956 si
674 3886 763 3956 banc
783 3886 949 3968 omittitis
971 3888 1004 3955 in
1026 3885 1245 3978 quantalibet

163 4008 390 4100 occupatione
411 4008 494 4078 nihil
522 4008 649 4100 agitis:
674 4009 703 4078 si
724 4007 806 4078 huic
828 4006 1039 4090 incumbitis,
1063 4007 1129 4078 etsi
1155 4007 1244 4077 nibil

162 4149 267 4217 agere
289 4132 464 4215 videmini,
488 4135 661 4203 cumulate
683 4145 797 4203 tamen
818 4144 853 4203 et
873 4133 1000 4203 civium
1025 4143 1059 4201 et
1084 4131 1242 4199 virorum
