2992 4664
191 283 250 344 ⁶280
491 331 500 348 ,
529 298 569 344 ns
592 297 691 345 uenus
713 295 937 346 rutttutnmuus

185 449 294 539 pleno
315 467 376 517 ore
400 448 543 519 laudare
567 458 683 540 potes,
712 456 748 518 et
773 449 830 516 ille
855 446 899 517 de
920 455 953 515 te
981 443 1277 536 contemptissime

195 569 356 660 loquitur.
379 569 455 660 Ego
477 569 505 638 si
524 578 640 640 tantas
662 570 752 638 inter
772 565 1024 664 partesiudex
1045 565 1127 649 sim,
1154 587 1278 656 quam-

192 715 296 784 quam
319 691 462 763 indicari
484 715 502 763 a
526 692 648 785 parvis
670 714 796 783 magne
816 712 953 773 verear,
977 711 1093 760 meum
1110 688 1276 759 iudicium

193 816 306 887 dicam
331 824 459 885 tamen.
492 817 550 885 iile
584 813 738 899 uberior,
769 824 807 884 tu
838 815 983 897 acutior,
1014 813 1070 882 ille
1095 812 1211 894 altior,
1240 823 1276 883 tu

193 940 342 1010 cautior:
365 948 400 1007 et
422 948 456 1008 tu
478 938 620 1030 quidem
640 938 815 1028 ingenium
834 939 910 1008 eius
929 945 964 1005 et
985 935 1138 1007 studium
1160 944 1196 1004 et
1216 934 1279 1005 do·

193 1062 339 1131 ctrinam
371 1060 506 1139 laudas,
541 1060 747 1131 electionem
778 1082 819 1131 ac
845 1058 1010 1130 indicium
1041 1080 1111 1129 non
1137 1056 1277 1128 landas:

196 1181 312 1251 stilum
334 1202 420 1251 vero
441 1193 641 1275 corruptum
662 1191 698 1251 et
717 1180 880 1251 omnibus
901 1180 997 1250 vitiis
1015 1181 1160 1249 fractum
1179 1178 1278 1249 dicis.

197 1305 255 1374 iile
273 1314 390 1375 autem
408 1311 442 1374 te
459 1296 550 1374 inter
567 1326 628 1375 eos
647 1313 808 1375 numerat
825 1324 973 1396 quorum
988 1324 1067 1373 cum
1084 1303 1171 1396 ipsis
1189 1304 1279 1374 fama

197 1428 333 1518 sepulta
353 1436 424 1511 est,
442 1448 523 1496 cum
544 1449 609 1498 nec
629 1427 713 1498 dum
732 1437 792 1497 tua
813 1428 903 1498 fama
922 1427 1059 1518 sepulta
1079 1427 1137 1510 sit,
1156 1447 1223 1496 nec
1244 1435 1279 1496 tn

197 1550 254 1619 iiio
275 1545 450 1619 scribente
470 1559 530 1619 aut
552 1550 710 1643 sepultus
731 1569 832 1621 esses
854 1559 915 1621 aut
935 1560 1102 1620 mortuus.
1124 1550 1186 1620 lile
1208 1560 1281 1620 ete-

199 1671 266 1739 nim
290 1667 357 1740 sub
377 1671 513 1741 Nerone
530 1669 628 1755 abiit,
652 1681 689 1741 tu
710 1683 789 1764 post
807 1671 900 1742 iliius
920 1682 956 1743 et
978 1672 1126 1742 Neronis
1148 1669 1280 1742 abitum

199 1790 266 1864 sub
283 1791 393 1866 Galba
414 1793 559 1866 Romam
579 1818 626 1866 ex
648 1795 815 1888 Hispania
843 1795 986 1880 venisti,
1010 1797 1210 1887 multosque
1235 1793 1282 1863 ibi

197 1927 278 2010 post
297 1938 407 1989 annos
429 1919 559 1989 sororis
576 1918 761 1989 Domitiani
786 1919 952 2013 principis
969 1929 1135 2012 nepotum
1162 1940 1282 1990 curam
1348 2008 1354 2015 x

197 2038 275 2131 ipso
296 2040 484 2113 mandante
507 2040 703 2134 suscipiens
725 2062 860 2112 morum
890 2040 1169 2133 studiorumque
1185 2042 1286 2112 iuve-

199 2163 320 2234 nilium
339 2185 466 2236 censor
492 2166 620 2247 factus,
647 2163 832 2257 utriusque
857 2163 906 2234 rei
928 2163 1058 2234 eximia
1079 2183 1157 2256 spe,
1189 2159 1285 2253 quod

200 2289 235 2356 in
249 2298 283 2359 te
297 2289 370 2372 fuit,
385 2287 499 2368 credo,
522 2286 625 2358 fidem
644 2286 846 2380 implevisti;
867 2295 998 2370 tamen,
1022 2297 1060 2357 ut
1076 2285 1192 2356 statim
1207 2296 1287 2377 post

200 2410 405 2483 Plutarchus
427 2410 473 2480 ad
494 2410 678 2479 Traianum
702 2409 831 2493 scribit,
855 2421 993 2481 tuorum
1014 2407 1285 2479 adolescentium

202 2533 380 2603 temeritas
410 2532 444 2600 in
471 2540 503 2600 te
525 2530 841 2602 refunditurrnihit
860 2531 964 2603 modo
985 2529 1078 2625 quod
1095 2529 1286 2602 scriberem

122 2710 123 2713 ,
202 2653 295 2725 aliud
319 2654 392 2723 fuit.
422 2653 513 2746 Opto
539 2664 572 2725 te
604 2654 811 2726 incolumem
837 2656 968 2740 videre,
997 2665 1031 2725 et
1058 2652 1168 2725 sicubi
1195 2663 1288 2724 totus

203 2797 258 2860 es,
289 2797 351 2847 oro
383 2797 427 2845 ne
456 2777 588 2848 diutius
621 2799 676 2848 me
705 2778 826 2847 lateas.
859 2779 955 2849 Vale.
987 2777 1091 2869 Apud
1123 2796 1286 2869 superos,

204 2901 293 2969 inter
306 2899 489 2971 dexterum
509 2898 682 2994 Apennini
697 2901 786 2972 latus
803 2909 838 2971 et
858 2900 1040 2972 dexteram
1055 2900 1140 2969 Arni
1161 2899 1286 2994 ripam,

204 3021 293 3090 intra
311 3022 406 3112 ipsos
422 3022 545 3116 patriae
563 3043 652 3094 meae
665 3043 801 3106 muroS,
819 3021 877 3093 ubi
892 3025 1039 3116 primum
1056 3022 1140 3092 mihi
1151 3033 1289 3116 coeptus

204 3165 243 3214 es
265 3143 379 3227 nosci,
402 3134 409 3163 ¹
438 3166 551 3235 eoque
577 3145 654 3239 ipso
681 3155 836 3238 tempore
862 3145 933 3214 Vll.
962 3145 1043 3216 [dus
1073 3143 1287 3215 Decembris.

205 3268 305 3337 Anno
330 3266 407 3336 eius
431 3289 537 3358 quem
555 3269 722 3338 Dominus
751 3281 831 3340 tuus
856 3270 1019 3361 persequi
1046 3266 1166 3338 maluit
1181 3287 1287 3359 quam

205 3409 311 3460 nosse
331 3390 486 3459 MCCCL.

333 3588 339 3618 ¹
357 3586 383 3636 ln
405 3587 467 3636 God.
489 3585 510 3633 X
528 3585 592 3634 Plut.
611 3584 683 3633 xxvi
700 3586 762 3636 Btht.
784 3586 904 3637 Laurent.
927 3599 1002 3636 manu
1020 3586 1099 3636 iacobi
1116 3598 1163 3636 seu
1180 3584 1242 3659 Lepi
1259 3585 1291 3632 dc

206 3665 401 3723 tlastiuiinnchio
413 3665 506 3727 legitur
520 3663 552 3713 ad
563 3663 617 3712 haec
630 3663 705 3713 rerba
714 3683 727 3709 ιι
740 3664 830 3715 Verum
843 3665 916 3723 dicis,
930 3666 988 3729 quin
1002 3679 1044 3726 epo
1057 3664 1130 3713 ilium
1147 3662 1191 3713 obt
1202 3662 1290 3712 ueremi

176 3756 178 3760 ’
206 3747 264 3796 dum
278 3747 381 3799 Romam
394 3749 500 3808 peteres,
514 3758 587 3807 quem
599 3749 669 3803 unte,
685 3749 712 3796 ct
726 3745 824 3804 dixisti,
837 3759 965 3809 nunquam
977 3745 1083 3795 videras.
1098 3760 1108 3789 n

708 3991 785 4000 ,--
