2934 4650
578 303 732 351 uursruua
755 303 826 350 xuu.
1171 293 1226 366 ill

153 453 274 528 neute,
312 443 460 516 divinari
499 444 612 538 possit
649 464 776 515 sensus
814 465 936 521 eorum
974 445 1134 531 forsitan,
1167 448 1233 519 sed

143 569 292 669 somnino
313 590 382 639 nou
403 568 512 660 possit
533 566 702 658 intelligi,
716 589 772 638 ne,
790 577 824 638 te
851 566 998 639 summis
1019 566 1231 661 Reipublicae

151 690 257 762 lactis
277 690 464 774 intentum,
488 710 610 780 cogam
639 688 742 760 unius
758 689 920 782 *pastoris
951 689 1080 762 scilicet
1112 691 1231 762 verbis

151 811 343 896 intendere,
363 834 404 883 ac
422 835 466 883 ue
486 813 519 881 io
545 813 649 904 nugis
670 814 759 884 meis
781 815 837 884 vel
862 822 1037 890 momento
1066 817 1231 909 temporis

151 935 309 1007 diuinum
342 934 426 1006 illud
458 945 649 1027 occupetur
675 935 866 1028 ingenium,
898 938 1017 1028 paucis
1046 937 1108 1009 tibi
1135 949 1231 1030 pate·

152 1058 275 1131 luciam
305 1056 470 1149 propositi
498 1057 563 1128 mei
591 1077 773 1128 summam.
801 1060 877 1130 Duo
901 1058 1043 1150 quidam
1072 1072 1230 1152 pastores

148 1181 220 1252 duo
236 1188 318 1251 suot
331 1178 459 1251 civium
474 1200 603 1270 genera
617 1181 652 1250 in
665 1180 788 1252 eadem
805 1179 890 1250 urbe
905 1179 1148 1264 habitantium,
1166 1184 1228 1254 sed

148 1302 196 1372 de
206 1299 534 1392 eademllepublica
548 1302 650 1392 longe
664 1300 953 1384 discordantium
967 1304 1055 1373 alter
1068 1313 1125 1374 est
1138 1305 1227 1375 Mar·

149 1423 233 1508 tius,
253 1425 318 1495 boc
331 1432 386 1495 est
398 1423 585 1494 bellicosus
603 1432 638 1493 et
652 1422 845 1514 inquietus,
866 1445 928 1497 seu
948 1445 968 1494 a
985 1426 1105 1509 lllarte,
1123 1449 1228 1518 quem

147 1545 336 1619 conditoris
350 1546 461 1618 nostri
476 1555 652 1639 parentem
672 1544 774 1616 linxit
791 1546 990 1639 antiquitas,
1011 1547 1227 1640 nominatus,

146 1692 231 1760 erga
245 1668 445 1760 genitricem
465 1667 543 1760 pius
560 1671 596 1738 et
613 1668 680 1738 sibi
699 1668 924 1761 compatiens.
939 1669 1098 1743 Geuitrix
1110 1680 1227 1742 autem

146 1794 255 1864 Roma
270 1801 335 1863 est.
346 1788 443 1863 Alter
457 1793 563 1861 irater
575 1790 652 1860 eius
666 1799 721 1860 est
734 1789 885 1881 Apicius,
902 1811 1004 1882 quem
1021 1792 1227 1882 magistrum

145 1913 307 2006 coquinae
334 1914 513 1997 novimus,
542 1932 733 2004 perquem
759 1909 996 2005 voluptatibus
1028 1922 1061 1983 et
1093 1912 1228 1982 inertiae

145 2035 282 2109 deditos
301 2037 381 2108 licet
397 2035 602 2125 intelligere.
619 2035 712 2104 luter
727 2031 791 2102 bos
809 2031 854 2102 ibi
872 2032 918 2105 de
936 2032 1064 2126 pietate
1079 2042 1228 2106 vetustae

145 2160 247 2231 matri
281 2158 398 2230 debita
426 2179 555 2248 magna
585 2154 760 2226 contentio
789 2164 984 2248 estsuper
1012 2155 1227 2228 restituenda

143 2279 338 2375 praesertim
359 2280 465 2351 domo
485 2279 561 2350 eius
582 2279 737 2370 antiqua,
759 2299 840 2369 quae
867 2278 993 2349 domus
1020 2278 1226 2372 Capitolium

141 2418 213 2490 cst,
234 2415 270 2476 et
291 2415 413 2496 ponte,
435 2423 505 2495 quo
526 2425 587 2474 rus
609 2422 713 2472 suum
738 2411 854 2494 petere
886 2400 1033 2488 solebat,
1055 2404 1116 2495 qui
1139 2424 1225 2495 pons

140 2528 279 2599 Milvius
313 2534 382 2611 est,
412 2547 519 2618 super
551 2525 682 2608 rivum,
711 2525 777 2596 boc
809 2534 864 2595 est
894 2525 1045 2596 Tiberim
1078 2547 1124 2598 ex
1155 2528 1225 2598 ulto

140 2650 310 2744 Apennini
332 2649 464 2722 vertice
484 2647 768 2720 descendentem.
795 2648 864 2718 lter
890 2647 974 2719 illud
1009 2647 1054 2719 arl
1083 2659 1223 2720 veteres

140 2771 260 2844 hortos
281 2772 381 2843 etad
402 2771 540 2843 Saturni
562 2770 695 2853 domos,
718 2770 784 2842 boc
809 2781 865 2839 est
887 2770 932 2842 ad
960 2771 1146 2841 Hortanaru
1172 2771 1221 2842 ci-

140 2895 282 2964 uitatem
317 2904 492 2977 veterem,
527 2914 568 2962 ac
601 2893 755 2963 Sutrium
785 2890 892 2976 ducit,
922 2902 957 2961 et
986 2893 1030 2964 ad
1057 2892 1223 2965 umbrosa

141 3016 294 3106 Tempe;
321 3014 387 3086 hoc
412 3026 468 3085 est
501 3012 547 3084 ad
579 3011 769 3093 Umbriam,
787 3011 833 3082 io·
854 3034 923 3104 qua
953 3025 1008 3086 est
1034 3015 1162 3086 Narnia
1187 3026 1222 3088 et

140 3137 329 3209 Tudertum
350 3151 385 3208 et
404 3138 482 3208 aliae
502 3138 636 3221 multae,
655 3145 691 3206 et
707 3135 852 3206 ulterius
871 3134 906 3205 in
924 3137 1100 3223 Tusciam,
1120 3137 1220 3209 cuius

139 3262 286 3354 populos
306 3282 327 3331 a
347 3257 526 3355 Lydorum
546 3267 652 3350 geute
665 3260 845 3352 proiectos
871 3280 952 3332 esse
975 3282 1044 3333 non
1065 3261 1218 3353 ignoras.

137 3383 260 3454 Pastor
281 3391 412 3466 autem,
435 3380 479 3452 de
500 3403 568 3472 quo
589 3379 647 3453 illo
669 3383 744 3453 loco
765 3378 804 3454 fit
824 3380 971 3464 mentio,
990 3382 1050 3474 qui
1068 3384 1163 3454 fures
1184 3381 1219 3452 in

139 3515 243 3598 ponte
277 3504 406 3596 reperit
431 3514 466 3577 et
492 3503 629 3587 occidit,
657 3504 796 3575 Marcus
830 3503 963 3576 Tullius
996 3503 1117 3574 Cicero
1148 3513 1216 3588 est,

137 3626 196 3718 qui
232 3636 269 3695 ut
302 3625 406 3707 nosti,
442 3646 548 3718 super
581 3632 719 3716 pontem
752 3624 909 3696 lllilvium
944 3623 1216 3705 coniurationem

95 3826 97 3830 ,
137 3746 267 3840 reperit
305 3745 468 3816 Catilinae.
505 3748 600 3817 Bene
634 3754 772 3838 pastor,
813 3746 908 3837 quod
942 3746 1092 3816 Consul:
1127 3745 1217 3817 bene

137 3881 284 3960 argutus
310 3877 451 3961 propter
484 3869 693 3958 eloquentiae
727 3867 967 3960 principatum.
1008 3867 1102 3938 Silva
1140 3868 1217 3959 qui-

136 3994 214 4064 dem
240 3992 294 4063 cui
317 3990 431 4085 pontis
458 3990 559 4060 ruina
582 3988 752 4061 damnosa
785 3999 855 4073 est,
891 4001 926 4060 et
960 4010 1049 4080 grex
1084 4010 1212 4082 parva,

137 4125 191 4184 est
211 4114 362 4206 Populus
378 4112 566 4184 Romanus.
582 4112 758 4203 Coniuges
772 4119 808 4182 et
826 4109 900 4196 filii,
915 4110 1044 4203 quibus
1060 4113 1214 4203 neglecta
