2804 4656
304 303 396 352 niusa
420 303 957 363 vressruusuulurus.-sulsrona
980 308 1009 354 u.
1135 296 1193 357 ⁹259

110 444 238 514 multas
272 443 364 514 enim
397 443 442 514 ad
475 457 651 518 coaetauos
686 467 783 518 meos
805 450 967 540 scriptae,
988 470 1110 542 paucae
1130 451 1191 534 ibi,

111 563 291 637 varietatis
319 564 434 638 studio
463 581 497 638 et
526 590 664 639 amoeno
692 569 842 660 quodam
870 569 1030 640 laborum
1050 571 1195 643 diverti-

110 689 199 770 cula,
221 687 373 778 antiquis
394 689 641 761 illustrioribus
663 689 915 775 inscribuntur,
935 694 1192 783 quaeleotorern

111 833 181 882 non
199 811 445 902 praemonitum
467 811 501 880 in
523 821 701 906 stuporem
722 813 874 894 ducant;
896 813 979 884 dum
1007 823 1077 885 tam
1102 817 1196 887 clara

112 942 148 1004 et
180 945 249 1005 tam
284 941 424 1004 vetusta
458 935 598 1005 nomina
633 936 736 1006 novis
767 935 942 1027 permixta
973 940 1192 1028 compererit.

113 1057 242 1130 Harum
264 1054 345 1126 duae
366 1055 411 1126 ad
435 1056 550 1148 ipsum
577 1057 780 1127 Ciceronem
814 1070 911 1128 suut:
946 1060 1054 1129 altera
1081 1081 1194 1131 mores

112 1185 222 1262 notat,
245 1179 354 1249 altera
374 1177 493 1250 laudat
512 1177 700 1268 ingenium.
722 1179 793 1249 Has
815 1193 852 1250 tu
873 1180 1013 1250 intentis
1034 1179 1195 1252 omnibus

112 1320 193 1369 oum
211 1296 373 1387 legisses,
392 1319 476 1368 mox
493 1299 604 1369 amica
621 1297 663 1369 lis
681 1297 800 1370 verbis
819 1301 969 1384 incaluit,
984 1299 1194 1393 quibusdam

114 1421 243 1517 scriptu
263 1432 381 1493 nostra
403 1420 640 1504 laudantibus,
663 1430 699 1490 et
718 1421 795 1493 iure
819 1422 1073 1517 reprehensum
1088 1424 1195 1494 faten-

113 1541 206 1615 tibus
247 1541 468 1629 Ciceronem,
510 1565 578 1613 uno
615 1553 733 1613 autern
770 1544 828 1615 illo
865 1565 948 1618 sene
985 1543 1194 1616 obstinatius

112 1663 322 1749 obluctante,
351 1667 410 1758 qui
438 1677 473 1736 et
496 1665 652 1736 claritate
682 1664 832 1736 nominis
861 1675 895 1735 et
928 1685 1047 1737 amore
1072 1676 1196 1756 captus

112 1787 280 1869 auctoris,
305 1787 436 1860 erranti
457 1809 598 1880 quoque
619 1786 803 1880 plaudere,
826 1795 861 1858 et
881 1788 980 1859 amici
1002 1787 1088 1858 vitia
1114 1810 1194 1876 uum

114 1907 301 1980 virtutibus
329 1911 490 2002 amplecti
523 1913 663 1994 mallet,
690 1932 797 2002 quam
823 1910 1037 1994 discernere,
1066 1910 1195 2001 nequid

112 2032 252 2106 omuino
273 2031 441 2104 damnare
458 2032 639 2105 videretur
656 2031 807 2101 hominis
825 2041 896 2104 tam
914 2030 1056 2104 laudati.
1074 2033 1195 2123 ltaque

112 2155 197 2224 nibil
217 2153 310 2226 aliud
326 2157 383 2225 vel
402 2155 486 2226 milri
503 2156 560 2225 vel
579 2154 655 2227 aliis
673 2153 768 2247 quod
779 2154 1013 2245 responderet
1030 2152 1193 2235 habebat,

113 2277 183 2348 nisi
217 2289 254 2349 ut
286 2278 596 2349 adversusomne
628 2276 724 2370 quod
760 2277 947 2358 diceretur,
971 2275 1193 2368 splendorem

112 2401 262 2474 nominis
289 2400 492 2486 obiectaret,
520 2409 556 2470 et
585 2399 729 2473 rationis
762 2401 876 2470 locum
910 2411 1045 2471 teneret
1077 2409 1196 2471 auoto-

113 2523 208 2593 ritas.
243 2509 486 2596 Succlamabat
517 2521 703 2596 identidem
730 2533 891 2615 protenta
916 2544 1045 2594 manu:
1074 2551 1089 2588 a
1116 2544 1195 2614 par-

115 2673 130 2710 o
159 2645 250 2731 cius,
265 2667 357 2729 oro,
386 2646 526 2740 parcius
551 2645 596 2718 de
623 2646 786 2718 Cicerone
807 2667 908 2718 meo:
934 2674 949 2709 l
974 2645 1128 2738 dumque
1149 2643 1195 2717 ab

110 2790 154 2839 eo
166 2779 385 2860 quaereretur
402 2792 446 2840 an
463 2789 602 2840 errasse
621 2791 773 2860 unquam
792 2769 861 2837 ulla
878 2768 914 2836 in
932 2790 970 2838 re
989 2768 1192 2842 Ciceronem

110 2891 245 2985 opinari
265 2899 400 2982 posset,
427 2890 611 2962 claudebat
630 2892 764 2971 oculos,
791 2898 826 2958 et
852 2889 953 2980 quasi
978 2890 1088 2961 verbo
1114 2912 1193 2982 per-

110 3031 249 3094 cussus,
284 3009 462 3082 avertebat
497 3012 647 3080 frontem
668 3010 906 3101 ingeminans:
932 3039 947 3074 «
973 3011 1043 3082 heu
1058 3010 1071 3080 l
1091 3012 1191 3096 mibi,

116 3164 131 3200 l
160 3156 246 3226 ergo
267 3134 388 3204 Cicero
409 3153 507 3206 meus
529 3133 708 3224 arguitur?
729 3160 744 3196 l
765 3132 868 3225 quasi
889 3155 957 3207 non
974 3134 1019 3206 de
1036 3135 1191 3220 homine,

112 3258 176 3330 sed
207 3256 252 3329 de
285 3259 357 3328 Deo
394 3257 545 3349 quodam
583 3264 757 3345 ageretur.
792 3256 948 3340 Quaesivi
988 3258 1116 3348 igitur:
1148 3277 1192 3326 au

110 3382 220 3450 Deum
260 3379 369 3451 fuisse
408 3379 554 3453 Tullium
592 3378 808 3471 opinaretur,
847 3401 890 3451 au
917 3377 1114 3451 bominem:
1141 3378 1194 3450 iu·

110 3511 351 3574 cunctanter«
378 3503 486 3573 Deum
512 3530 528 3565 r>
552 3501 609 3572 ille
633 3501 824 3592 respondit,
860 3512 895 3573 et
927 3501 1012 3593 quid
1044 3501 1194 3572 dixisset

112 3625 320 3716 intelligens,
354 3655 369 3690 u
396 3627 527 3709 Deum,
548 3625 675 3718 inquit,
693 3624 833 3716 eloquii.
857 3653 870 3688 t
894 3625 1010 3705 Recte,
1026 3624 1188 3715 inquam!

117 3775 130 3808 r
160 3769 239 3820 nam
266 3748 296 3818 si
322 3750 415 3820 Deus
448 3759 517 3830 est,
546 3768 685 3820 errasse
710 3768 780 3818 non
806 3746 926 3838 potnit.
951 3747 1049 3816 lllum
1076 3753 1192 3816 tamen

117 3900 130 3934 l
159 3872 267 3944 Deum
294 3871 362 3944 dici
387 3870 540 3944 nondum
568 3870 754 3945 audieram.
790 3869 858 3943 Sed
885 3871 914 3938 si
939 3867 1193 3957 PlatonamCi-

115 4025 130 4058 o
159 4017 239 4066 cero
273 4017 375 4066 auum
408 3998 520 4067 Deum
554 4005 670 4077 vocat,
699 4017 761 4065 cur
787 4014 856 4063 non
882 4001 921 4062 ut
951 3993 1062 4062 Deum
1085 4002 1190 4064 tuuru

116 4146 129 4180 r
159 4117 359 4188 Ciceronem
386 4139 507 4201 vocae,
532 4115 602 4188 -nisi
630 4116 711 4207 quia
739 4117 825 4191 deos
859 4136 923 4213 pro
957 4114 1099 4188 arbitrio
1125 4113 1201 4187 sibi
