2992 4664
627 309 780 360 arrsrom
802 312 843 358 rr.
1215 299 1273 361 3⁹23

191 472 248 534 tua
269 459 369 551 gravi
393 457 621 549 aegritudine,
653 480 735 550 quae
769 479 825 528 me
854 455 1078 531 vehomenter
1103 462 1274 532 exterruit

188 594 223 654 et
242 560 389 664 afflixit,
420 579 499 651 stilo
531 601 611 651 sese
638 580 809 661 offerunt;
834 576 897 649 sed
922 589 991 649 tam
1013 581 1120 651 multa
1140 594 1175 654 et
1201 592 1270 654 tam

190 712 415 793 magnasunt
436 713 472 772 ut
490 722 532 773 ea
553 703 669 775 fessus
697 701 852 773 calamus
877 701 1096 772 reformidet:
1122 703 1273 798 ideoque

188 835 369 919 praetereo,
384 845 496 915 eoque
515 824 672 894 maxime
686 822 799 913 quod,
819 822 847 892 si
870 823 1046 914 ingenium
1067 835 1165 896 tuum
1186 829 1269 898 novi

187 943 357 1040 quidquid
377 945 420 1018 do
443 945 497 1015 his
518 966 634 1019 essem
653 944 820 1023 dicturus,
836 967 892 1014 me
908 956 1051 1029 tacente,
1066 967 1272 1037 cognoscas.

190 1067 242 1147 Aa
269 1075 480 1160 postremum
502 1065 547 1137 de
564 1066 746 1155 negociolo
768 1065 826 1138 iilo
847 1068 1027 1151 familiari,
1054 1069 1159 1142 iacies
1179 1072 1273 1164 quod

189 1192 249 1262 tibi
269 1199 441 1265 occurret:
461 1187 634 1281 quidquid
657 1187 733 1274 tibi,
761 1189 929 1282 placuerit
948 1202 986 1260 et
1003 1191 1097 1266 mihi.
1120 1194 1204 1263 Vale
1224 1195 1275 1263 ie-

186 1314 295 1385 lioiter
320 1311 544 1402 fortiterque,
567 1308 630 1379 Vir
652 1309 858 1394 clarissime,
881 1312 950 1381 mei
982 1332 1125 1383 memor.
1156 1312 1274 1385 Padua

185 1436 254 1505 1111.
286 1434 432 1507 Ianuarii
469 1432 666 1523 algentibus
701 1432 834 1525 digitis.
870 1434 1078 1506 Franciscus
1113 1436 1273 1508 Petrarca

185 1555 571 1629 recommendationem.

284 1800 482 1895 Sunt-apud
520 1824 575 1872 me
610 1800 716 1874 huius
747 1801 886 1891 generis
921 1803 1117 1893 vulgarium
1158 1801 1274 1874 adhuc

189 1926 305 2003 muita,
327 1934 363 1994 et
385 1922 635 1996 vetustissimis
659 1922 844 2005 schedulis
864 1922 967 1994 etsie
985 1924 1082 1994 senio
1102 1924 1222 1994 exesis
1236 1936 1274 1995 ut

186 2045 247 2115 vix
260 2044 327 2139 legi
341 2056 477 2136 queant.
493 2045 520 2114 E
534 2043 676 2136 quibus,
695 2045 725 2114 si
741 2044 882 2135 quando
902 2066 993 2114 unus
1014 2054 1075 2114 aut
1089 2046 1175 2115 alter
1196 2044 1272 2117 dias

183 2167 316 2238 otiosus
337 2166 519 2249 affulserit,
543 2188 636 2237 nuno
654 2188 759 2236 unum
785 2187 875 2235 nuno
895 2166 989 2236 aliud
1010 2167 1135 2237 elicere
1156 2169 1270 2254 soleo,

183 2289 416 2383 proquodam
442 2289 545 2381 quasi
571 2288 777 2360 diverticulo
804 2287 980 2369 laborum3
1015 2286 1078 2359 sed
1103 2310 1269 2382 perraro,

182 2408 332 2503 ideoque
357 2410 521 2485 mandavi
541 2412 637 2504 quod
663 2411 846 2504 utriusque
873 2411 907 2481 in
940 2409 1010 2482 fiue
1036 2411 1127 2485 bona
1158 2413 1273 2508 spatia

183 2534 434 2626 linquerentur:
456 2546 491 2605 et
513 2535 542 2605 si
563 2534 755 2628 quidquam
783 2546 954 2619 occurret,
977 2535 1110 2606 mittam
1135 2535 1195 2606 tibi
1217 2558 1273 2607 re-

181 2658 317 2732 clusum
339 2656 564 2733 nihilominus
589 2659 622 2727 in
651 2680 830 2754 papyro...
860 2654 1043 2748 Magnifice
1075 2668 1111 2728 et
1144 2658 1270 2752 praedi-

184 2779 271 2848 teoto
287 2776 427 2851 domino
449 2801 527 2852 meo
544 2778 686 2853 domino
703 2777 908 2870 Pandulpho
929 2777 974 2848 de
995 2779 1199 2851 Malatestis.

611 3222 789 3288 uersauit
812 3224 843 3285 X.

340 3392 534 3443 rannulscus
557 3393 726 3445 paratust
748 3394 964 3444 auntuaarmlo
986 3394 1012 3442 S.
1037 3394 1065 3442 P.
1088 3395 1119 3442 D.

271 3550 354 3606 Mittit
367 3551 537 3623 epitaphium
552 3552 670 3607 Andreae
686 3552 811 3620 Dandoli
826 3553 954 3623 sepulcro
968 3548 1195 3615 inscribendum,

401 3657 488 3712 seque
503 3642 607 3698 iamdiu
620 3659 636 3698 a
652 3642 821 3698 carminibus
837 3640 976 3697 abstinere
990 3637 1065 3693 dicit.

283 3876 433 3950 Colende
454 3901 593 3972 semper
613 3888 718 3972 atque
740 3877 954 3950 honorabitis
978 3877 1099 3947 amice.
1127 3875 1267 3946 Litteris

185 4001 314 4073 vestris
334 4000 484 4092 primum
506 4002 673 4096 acceptis,
692 4023 802 4095 super
834 3999 1087 4092 epigrammate
1113 4001 1216 4070 clarae
1237 4018 1257 4068 e

185 4122 349 4210 gloriosae
370 4126 549 4195 maineriae
569 4123 702 4198 domini
727 4123 827 4196 ducis
859 4122 968 4193 nostri
994 4126 1057 4215 (ut
1090 4120 1179 4213 quid
1211 4141 1267 4191 se-
