2934 4650
168 298 226 360 384
613 319 775 368 canianum

168 457 219 528 sic
237 459 370 559 laxavit
389 461 498 533 fraena
519 462 706 548 moestitiae,
727 472 764 534 ut
781 462 837 534 illa
855 482 936 533 eum
952 461 1195 556 praecipitaret
1213 458 1249 530 in

168 584 327 651 mortem.
348 582 412 654 Oh!
433 584 592 656 lacrimas
610 608 718 671 meas,
734 587 792 658 oh!
813 585 1043 657 inexhaustos
1060 584 1147 655 fletu
1161 605 1250 654 ocu·

169 706 233 788 los,
260 705 322 775 ob!
347 704 488 776 liventia
510 706 650 780 lumina.
681 710 731 780 Da
755 707 909 792 veniam,
936 709 1055 778 Paule:
1077 707 1156 776 lons
1187 703 1247 772 ille

168 827 272 911 aruit,
290 827 348 922 qui
370 829 503 900 cunctis
524 831 712 902 amicornm
734 829 886 902 miseriis
909 830 1055 902 ubertim
1078 827 1244 900 lacrimas

169 948 285 1022 dabat.
308 951 443 1023 Siccare
467 951 578 1038 illum,
603 955 658 1025 vel
683 976 750 1025 nna
770 954 923 1026 Romana
949 953 1074 1023 domus
1100 947 1243 1019 debuit:

170 1071 253 1144 dum
283 1075 564 1148 Columnensium
594 1077 756 1148 familiam
785 1077 872 1158 fleo,
902 1076 986 1148 llere
1016 1074 1101 1144 alios
1134 1089 1244 1164 posse

171 1195 274 1268 desii:
297 1218 418 1268 omnes
439 1198 658 1269 lacrimarum
680 1222 834 1270 mearum
857 1196 1037 1270 scatebras
1068 1193 1125 1265 illa
1158 1213 1241 1264 con·

172 1320 342 1412 sumpsit,
371 1319 507 1412 pumice
536 1320 658 1393 siccior
692 1323 802 1394 factus
836 1344 925 1392 sum.
947 1322 999 1391 Tu
1029 1328 1164 1402 tamen,
1186 1318 1245 1388 vir

172 1440 312 1531 optime,
335 1441 410 1511 sine
430 1442 581 1514 lacrimis
606 1445 692 1514 meis
717 1444 894 1528 noneriS,
921 1461 1008 1536 qnas
1034 1442 1078 1513 de
1102 1443 1244 1535 prolun-

172 1560 326 1632 dissimis
347 1575 450 1656 atque
469 1563 599 1637 abditis
620 1567 744 1638 animae
765 1565 964 1639 recessibus
985 1563 1088 1637 lando
1108 1587 1242 1647 ernam,

172 1694 208 1756 et
222 1684 349 1777 quibus
367 1699 531 1760 moestum
548 1689 652 1761 funus
670 1687 799 1761 absens
816 1711 1020 1783 prosequar,
1039 1689 1144 1759 immo
1161 1708 1247 1758 vero

174 1807 262 1880 inter
288 1810 399 1882 tristia
419 1813 541 1885 lunera
571 1813 653 1886 lletu
679 1814 839 1886 madidus
871 1833 1099 1907 praesensque
1122 1828 1248 1882 versa—

176 1932 248 2007 bor.
270 1935 367 2022 Quid,
384 1937 469 2010 heu!
495 1937 588 2022 mibi,
603 1940 737 2010 fecisti?
754 1938 869 2009 Virin
887 1937 993 2010 rebus
1009 1936 1085 2009 aliis
1106 1958 1189 2008 acer
1206 1959 1247 2007 ac

175 2067 348 2142 strennue,
373 2061 457 2152 qnid
480 2061 615 2133 fecisti?
634 2061 708 2132 Non
732 2071 785 2133 sat
810 2082 936 2153 magna
962 2060 1072 2153 pietas
1093 2070 1147 2130 est
1169 2059 1248 2130 visa

175 2183 327 2274 paternis
351 2183 502 2256 lacrimis
528 2182 589 2255 filii
613 2187 718 2255 funins
742 2206 884 2269 ornare,
913 2184 1006 2277 quod
1033 2184 1145 2276 ipsum
1172 2184 1248 2253 vir-

175 2314 248 2378 tute
270 2308 376 2377 animi
401 2307 538 2392 melius,
562 2316 597 2378 et
623 2329 686 2402 spe
710 2330 750 2379 ao
776 2309 899 2379 solatio
922 2307 1105 2400 promissae
1128 2327 1248 2378 resur-

173 2429 337 2499 rectionis
358 2449 535 2512 ornasses3
558 2429 620 2501 sed
639 2451 764 2522 parum
785 2430 853 2522 piae
873 2430 962 2501 visae
979 2436 1062 2499 sunt
1081 2426 1245 2506 lacrimae,

173 2553 242 2622 nisi
266 2559 413 2623 mortem
442 2561 554 2622 morte
580 2556 820 2636 accumulans
853 2551 1033 2625 carissimo
1058 2562 1094 2623 et
1117 2550 1248 2621 insonti

176 2677 245 2747 filio
263 2687 418 2770 paternae
439 2678 558 2747 mortis
580 2676 744 2748 invidiam
767 2685 844 2770 post
868 2677 938 2746 fata
959 2674 1187 2767 relinqueres
1211 2684 1249 2744 et

173 2821 272 2870 reum
295 2808 401 2893 atque
427 2778 586 2872 odiosum
612 2799 760 2895 posteris
787 2800 920 2870 faceres
947 2813 1050 2890 quem
1076 2792 1249 2865 amabas?

173 2923 249 2995 Non
268 2922 458 3017 praestabat
476 2923 637 3016 quamvis
658 2931 873 3016 praepostere
895 2919 964 2992 filio
988 2938 1187 3012 superesse,
1212 2927 1249 2988 et

174 3059 208 3119 te
233 3047 299 3116 sibi
323 3050 462 3130 fratres,
490 3046 661 3119 feliciores
686 3044 747 3117 tibi
769 3056 868 3117 natos
888 3063 1060 3137 quaerere,
1082 3040 1249 3111 virentis-

174 3169 262 3240 sima
282 3170 373 3240 enim
394 3179 482 3241 aetas
496 3181 590 3268 erat:v
609 3171 665 3240 vel
685 3189 768 3262 qnae.
788 3152 987 3238 christianae
1008 3163 1144 3258 pietatis
1164 3184 1248 3258 pro-

174 3291 285 3386 prium
303 3292 378 3376 fnit,
394 3313 456 3386 pro
472 3292 562 3363 illins
581 3295 691 3364 salute
709 3294 847 3375 animae,
863 3292 963 3362 cuius
985 3288 1139 3382 corporis
1156 3305 1248 3379 prae-

174 3439 255 3511 ceps
278 3425 315 3489 et
336 3419 497 3489 festinata
525 3436 619 3487 mors
645 3416 771 3499 fuerat,
796 3434 919 3508 preces
946 3413 1050 3506 atque
1078 3410 1248 3501 suffragia

176 3537 219 3609 ad
240 3542 366 3612 coelum
391 3541 549 3612 mittere?
568 3539 630 3610 Vel
656 3540 686 3608 si
711 3561 781 3631 qua
808 3560 850 3609 ea
873 3536 1022 3608 dulcedo
1046 3543 1114 3616 est,
1136 3532 1248 3604 recol-

176 3660 284 3752 ligere
310 3662 463 3732 animnm
490 3670 592 3753 atque
621 3658 782 3744 firmare,
810 3669 846 3730 et
876 3660 912 3729 in
941 3669 1099 3729 extrema
1126 3652 1249 3725 solatia

177 3786 264 3876 patri
284 3771 431 3877 viroque
454 3783 530 3854 sorti
553 3782 678 3853 debitae
703 3781 822 3853 ultioni
844 3780 1049 3852 intendere?
1067 3780 1248 3849 Postremo

176 3908 316 4000 quidvis
336 3911 451 3980 facere
471 3908 587 4000 potins
613 3929 717 4000 quam
746 3927 826 3999 quae
846 3904 1065 3998 potissimum
1087 3896 1250 3990 elegisti?

177 4031 263 4112 Quae
280 4032 372 4103 enim
393 4032 461 4104 ista
477 4031 648 4103 dementia
665 4042 720 4103 est
737 4029 896 4127 superbis
917 4026 1089 4109 hostibus,
1109 4022 1168 4118 qui
1189 4019 1250 4091 lilii

177 4152 224 4222 tui
246 4154 370 4244 frigida
391 4154 547 4226 membra
565 4156 794 4239 calcaverant,
814 4152 1011 4245 quibusque
1030 4170 1116 4220 suns
1134 4149 1248 4218 luctus
