2804 4656
227 305 286 366 rso
565 319 607 365 uu
629 315 729 364 nunus
751 313 974 364 rrurumnruus

152 450 155 457 “
229 462 450 535 tendentibus
479 463 608 532 veritas
637 461 779 550 ingerit:
799 457 946 551 proinde
975 467 1013 528 ut
1038 457 1173 550 reliqua
1196 458 1313 550 sperni

229 588 377 683 possint,
400 606 481 678 quae
499 583 640 675 quidem
660 582 775 675 sperui
802 581 860 652 tali
881 580 1020 672 ingenio
1041 590 1181 671 tamque
1202 580 1314 652 incor-

229 720 331 803 rupto
351 707 478 779 iudicio
499 728 568 777 non
589 715 752 797 possunt,
772 726 816 774 an
837 703 873 773 in
893 726 934 776 ea
954 702 1032 795 ipsa
1049 705 1186 785 saltem,
1207 725 1312 794 quam

230 831 315 900 mibi
335 826 492 901 dictabas
513 826 671 919 epistola,
694 847 763 897 noo
786 824 1062 897 animadvertisti
1085 836 1226 895 sextum
1251 826 1314 896 im-

230 952 315 1046 perii
337 953 388 1023 tui
408 973 537 1022 anuum
559 951 637 1040 agi?
658 949 749 1032 Quid
771 960 842 1020 tum
865 948 994 1040 igitur?
1010 946 1064 1018 Au
1085 961 1225 1019 sextum
1247 951 1314 1019 for-

231 1098 292 1147 san
307 1086 342 1145 el
355 1073 687 1167 quinquagesimum
701 1069 1057 1165 expectas‘lrlugusto
1071 1071 1201 1146 Caesari
1214 1071 1314 1144 dum-

232 1207 327 1269 taxat
349 1197 384 1268 id
406 1197 565 1286 contigit,
588 1196 707 1266 nescio
728 1217 772 1266 an
794 1194 998 1287 optandum,
1018 1193 1081 1265 sed
1103 1187 1313 1287 sperandum

231 1321 380 1393 minime.
397 1319 540 1402 Venisti,
555 1319 682 1401 Caesar,
698 1327 776 1411 post
788 1316 1054 1388 exhortationes
1069 1315 1146 1385 illas
1159 1338 1258 1388 meas
1271 1316 1315 1387 ad

232 1442 378 1525 ltaliam,
398 1442 497 1512 cuius
515 1462 583 1531 ego
600 1441 686 1511 milri
706 1441 879 1534 particeps
893 1440 1014 1531 gloriae
1034 1440 1131 1512 visus
1149 1461 1260 1523 eram,
1274 1459 1315 1510 eo

231 1565 326 1658 quod
343 1565 536 1634 animosum
554 1585 695 1656 quoque
713 1563 937 1656 cornipedem
954 1564 1068 1636 calcar
1084 1563 1238 1656 impellit.
1249 1564 1316 1634 lle-

232 1687 328 1770 nisti,
353 1688 509 1780 inquam,
531 1699 636 1779 atque
657 1699 695 1758 ut
714 1686 837 1757 libide
857 1687 991 1759 coelesli
1012 1709 1077 1780 ope
1094 1685 1249 1758 conlisus
1262 1707 1318 1757 re·

233 1810 475 1902 promiseram,
512 1810 675 1881 invenisti
709 1823 827 1902 aperta
854 1798 895 1880 et
926 1831 1036 1902 prona
1068 1812 1202 1894 omnia,
1237 1830 1316 1902 quae

234 1934 397 2005 obstrusa
412 1943 447 2003 et
459 1933 570 2004 ardua
589 1932 806 2003 videbantur.
822 1933 963 2004 Intrasti
975 1933 1220 2004 Mediolanum.
1235 1932 1317 2004 lude

232 2029 450 2141 Romamiu
472 2055 600 2148 quibus
622 2057 799 2148 geminum
820 2056 981 2128 diadema
1008 2057 1166 2140 sortitus
1192 2056 1317 2127 erectis

235 2181 269 2249 iu
292 2201 572 2273 spemmaguam
591 2179 728 2271 populis
747 2190 852 2271 atque
870 2179 1030 2261 urbibus
1047 2178 1162 2250 subito
1184 2178 1218 2248 iu
1235 2177 1319 2247 Ger·

234 2305 384 2376 maniam
402 2302 578 2374 remeasti.
599 2303 669 2372 Cur
683 2312 799 2372 autem
814 2311 875 2372 aut
886 2302 966 2394 quis
984 2312 1018 2372 te
1035 2321 1227 2384 error„seu
1240 2300 1318 2393 quis

235 2427 358 2497 horror
378 2425 546 2519 perculit?
563 2425 615 2493 An
635 2427 720 2495 torte
738 2425 969 2518 quorumdam
989 2425 1234 2496 seditiosorum
1247 2445 1320 2494 mo·

236 2548 405 2618 tiuuculas
429 2547 596 2618 timuisti?
617 2546 663 2617 At
685 2548 749 2618 hoc
774 2549 918 2618 affixum
940 2547 1064 2618 animis
1090 2568 1172 2618 esse
1197 2546 1317 2630 debet,

236 2679 276 2739 ut
297 2669 446 2760 quisque
470 2670 698 2762 navigaturus
721 2680 962 2762 tempestatem
981 2671 1118 2762 cogitet.
1133 2669 1319 2743 Nesciebas

235 2790 329 2884 quod
352 2794 482 2863 nullum
506 2793 580 2863 sine
601 2792 765 2865 fluctibus
788 2816 883 2864 mare
904 2805 972 2879 est,
995 2796 1112 2865 nullus
1139 2794 1215 2864 sine
1237 2815 1320 2864 ven-

237 2914 282 2984 tis
304 2935 417 2997 mons,
441 2900 572 2984 nullum
597 2917 672 2986 sine
693 2916 787 2986 curis
809 2916 1019 3008 imperium?
1036 2918 1127 2987 Sileo
1146 2916 1321 3011 Scipiones

184 3037 187 3040 ⁴
236 3033 282 3106 ab
298 3037 511 3108 exercitibus
528 3039 690 3109 desertos
705 3039 778 3108 suis
798 3039 1013 3130 militumque
1031 3038 1212 3131 perfidiam
1230 3060 1321 3109 nuuc

238 3158 452 3253 proditorum
480 3185 584 3246 nunc,
612 3163 753 3255 quaudo
779 3163 826 3232 ita
853 3184 909 3232 res
937 3161 1024 3246 tulit,
1053 3162 1192 3256 propria
1218 3162 1320 3234 etiam

238 3294 350 3354 morte
375 3283 568 3355 vincentes.
590 3284 829 3356 Alexandrum
854 3297 948 3356 taceo
970 3307 1112 3357 suorum
1136 3285 1322 3358 seditiones

239 3410 439 3483 etlateutes
458 3406 612 3478 dolosae
629 3408 807 3478 molimina
825 3409 1119 3501 comprimentem.
1134 3408 1322 3480 lucirndius

243 3540 378 3602 tuorum
402 3534 563 3623 exempla
584 3534 738 3602 lecturus
757 3531 817 3601 sis.
831 3532 939 3602 lulius
960 3532 1078 3602 Caesar
1100 3553 1190 3603 uuus
1212 3553 1232 3602 a
1252 3539 1322 3602 toto

219 3747 222 3756 ι
241 3654 522 3724 circumvallatus
535 3653 691 3724 exercitu
709 3674 776 3722 non
791 3652 895 3724 modo
908 3675 977 3724 non
995 3654 1116 3737 timuit,
1133 3651 1197 3723 sed
1212 3651 1323 3724 timeri

242 3777 345 3847 etiam
368 3775 629 3868 promptissimo
649 3776 765 3847 animo
786 3789 889 3869 atque
910 3775 1075 3848 indomita
1095 3775 1225 3847 uirtute
1245 3795 1324 3869 pro-

243 3901 384 3983 meruit,
407 3921 666 3992 paucorumque
688 3901 856 3993 supplicio
876 3901 1048 3993 uniusque
1065 3898 1214 3991 legionis
1227 3898 1324 3989 iguo-

244 4022 347 4093 minia
361 4034 395 4093 et
409 4024 510 4096 saluti
524 4024 678 4095 omnium
689 4024 865 4095 consuluit
876 4022 912 4094 et
924 4024 1040 4094 decori
1053 4022 1205 4116 proprio.
1215 4020 1322 4103 Quem

244 4145 396 4218 imitatus
409 4147 609 4220 Alexander
625 4147 788 4242 princeps
806 4151 983 4220 Romanus
1000 4158 1035 4219 et
1054 4147 1135 4239 ipse,
1154 4167 1249 4238 saepe
1267 4165 1323 4214 no-
