2934 4650
495 354 498 360 ,
530 364 532 367 ¹
582 302 735 351 srrsrouu
758 303 851 350 xxxu.
1191 290 1245 351 891

175 418 298 519 sexus.
310 443 484 537 Siquidem
500 447 588 517 duos
600 447 763 527 Plautios,
779 447 903 516 mirum
923 444 1027 529 dictu,
1042 458 1081 518 ut
1093 446 1248 518 eiusdem

175 567 324 640 nominis
346 567 396 640 sic
417 568 509 662 paris
533 568 704 651 amentiae,
727 568 939 660 impatientia
957 566 1086 638 doloris
1108 569 1143 637 iu
1163 591 1251 639 uxo-

177 714 253 765 rum
274 691 444 784 mortibus
467 711 546 762 sese
567 691 682 783 gladio
703 690 1010 763 transverberasse
1036 701 1249 786 compertum

176 826 244 887 est:
266 813 359 907 quod
380 813 471 909 apud
491 814 670 885 Valerium
688 813 877 908 Maximum
900 835 970 884 nou
991 815 1154 885 excusari
1175 826 1251 887 tan-

158 947 250 1023 „tum
262 935 334 1007 >sed
355 935 501 1021 laudari,
521 936 549 1006 si
566 935 611 1007 de
627 937 766 1030 proprio
785 937 877 1030 loqui
895 936 1018 1023 datur,
1039 960 1102 1009 nec
1118 958 1251 1010 excuso

176 1080 241 1131 nec
273 1057 386 1130 laudo.
422 1056 506 1151 Legi
540 1070 685 1132 mortem
719 1059 897 1144 ludorum,
934 1060 1026 1154 apud
1049 1082 1139 1153 quos
1171 1084 1249 1137 cum

178 1183 323 1253 mortuis
345 1182 431 1252 viris
448 1182 542 1254 vivae
560 1179 757 1254 cremantui
776 1203 927 1253 irxores:
947 1185 1017 1274 legi
1035 1185 1250 1275 singulorum

177 1305 372 1389 homiuum,
409 1305 475 1396 legi
505 1309 711 1399 populorum
744 1314 848 1398 atque
885 1307 1102 1379 exercituum
1138 1309 1251 1379 luctus

178 1439 246 1499 tam
267 1430 508 1515 vehementeS,
531 1429 728 1521 ut'quidam
755 1450 851 1499 arma
881 1430 1124 1522 reliquumque
1149 1451 1250 1501 orna-

178 1563 265 1638 tum,
285 1552 425 1646 quidam
446 1552 550 1624 etiam
572 1554 778 1644 semetipsos
797 1548 990 1623 ardentium
1009 1553 1136 1624 ducum
1156 1555 1250 1647 rugis

176 1677 375 1749 iniecerint:
390 1675 458 1764 legi
476 1675 707 1768 quorumdam
728 1675 834 1747 fidem
849 1696 1102 1768 supervacuam
1118 1677 1248 1748 amico·

178 1823 264 1882 rum,
280 1799 362 1870 nulli
381 1799 509 1883 utilem,
523 1808 558 1871 et
575 1796 780 1869 damnosam
798 1796 875 1882 sibi,
894 1798 953 1888 qui
971 1796 1107 1868 confodi
1125 1797 1249 1889 gladiis

177 1925 275 1995 iuxta
306 1922 430 1994 dilecta
462 1919 635 1994 cadavera
655 1920 872 2003 maluerunt,
894 1942 1001 2012 quam
1028 1919 1111 1990 dum
1134 1921 1251 1993 liceret

177 2045 336 2118 evadere.
359 2044 415 2118 Ad,
436 2067 606 2118 summam
636 2046 763 2115 multos
794 2043 934 2115 invenio
958 2044 1086 2135 quibus
1107 2066 1249 2116 causam

127 2186 136 2206 ’
176 2169 296 2242 mortis
309 2169 408 2241 dolor
421 2169 556 2241 attulit:
574 2167 631 2241 uui
648 2188 733 2239 vero
753 2176 896 2238 mortem
913 2166 1077 2251 intulerit,
1098 2169 1246 2239 nullum:

175 2292 240 2362 nisi
266 2295 353 2365 sorte
381 2314 444 2384 pro
469 2313 554 2363 vero
580 2291 765 2385 recipimus
793 2290 887 2384 quod
908 2290 953 2362 de
973 2292 1123 2363 Homero
1147 2303 1250 2384 poeta

174 2413 314 2505 quidam
336 2414 520 2508 scripsere,
548 2436 691 2507 remque
725 2423 792 2485 tam
824 2417 965 2487 stultam
992 2414 1036 2487 de
1058 2423 1125 2486 tam
1147 2417 1249 2488 doctu

158 2538 259 2622 uiro,
287 2527 332 2610 de
357 2550 498 2630 tamque
523 2537 642 2609 divino
667 2539 806 2630 iugenio
833 2539 1002 2633 suspicari
1028 2537 1121 2610 libet.
1149 2539 1249 2623 Quod

173 2664 286 2755 ipsum
311 2658 506 2736 tamenetsi
529 2664 617 2734 inter
634 2685 719 2734 vera
736 2686 922 2734 numerare
940 2663 1166 2747 voluerimus,
1187 2686 1249 2734 uec
1360 2746 1363 2755 ‚

173 2785 217 2857 de
238 2795 350 2859 morte
369 2786 512 2857 alterius
533 2787 631 2858 dolor
651 2786 728 2868 fuit,
745 2807 809 2856 nec
827 2786 1005 2877 repentina
1027 2786 1081 2855 vis
1102 2785 1247 2867 doloris;

176 2905 239 2976 sed
261 2905 433 2995 aegritudo
457 2910 545 2978 forte
571 2907 687 2989 animi,
716 2917 751 2975 et
774 2905 993 2995 aegritudiuis
1025 2909 1111 2977 sorte
1136 2909 1248 2979 inedia

175 3048 215 3099 ac
236 3025 378 3119 spiritus
399 3027 530 3097 indies
552 3028 695 3109 tristior,
718 3027 776 3118 qui
794 3028 914 3120 procul
930 3025 1036 3098 dubio
1058 3027 1162 3099 vitam
1186 3030 1249 3101 im-

177 3148 317 3233 minuit,
340 3160 376 3221 et
397 3149 486 3222 sicut
507 3151 675 3243 scriptum
701 3157 770 3233 est,
798 3151 940 3218 consiccet
968 3173 1051 3234 osso,
1079 3163 1114 3222 et
1145 3175 1248 3244 quem

175 3274 303 3344 multos
320 3270 486 3364 paulatim
505 3292 568 3343 seu
586 3282 872 3365 consumpturum
891 3292 983 3357 esse,
1004 3293 1067 3344 seu
1088 3294 1248 3344 cousum-

176 3395 291 3487 psisse
310 3418 380 3468 non
401 3417 543 3487 negem:
562 3395 597 3465 in
618 3393 746 3488 quibus
767 3415 893 3466 nomen
918 3394 1024 3466 habet
1039 3393 1249 3466 Macedoniae

175 3540 240 3588 rex
260 3518 436 3613 Philippus
458 3517 579 3590 morbo
607 3518 711 3609 animi
738 3541 785 3590 ex
810 3517 1023 3591 crudelitatis
1045 3517 1193 3611 propriae
1214 3527 1250 3587 et

175 3641 316 3712 iniustae
337 3642 424 3712 tristi
447 3663 596 3734 seraque
616 3642 837 3734 poenitentia,
858 3642 1046 3734 Perseique
1071 3639 1131 3710 filii
1158 3638 1248 3711 dolis

176 3774 211 3834 et
224 3763 400 3857 impietate
417 3773 602 3837 contracto.
617 3766 702 3835 Nam
716 3766 844 3836 Paulus
856 3765 1014 3849 Rutilius
1032 3787 1147 3857 quem,
1162 3786 1248 3868 uun-

174 3887 265 3960 oiata
284 3889 400 3960 fratris
421 3889 560 3981 repulsa
580 3887 615 3959 iu
636 3889 1032 3981 consulatuspetitione,
1050 3888 1138 3978 illico
1151 3887 1248 3981 expi-

176 4031 275 4082 rasse
297 4009 416 4082 scribit
435 4010 564 4083 Plinius
586 4009 733 4103 septimo
753 4010 926 4082 Naturalis
947 4010 1126 4095 Historiae,
1155 4020 1192 4081 ut
1213 4019 1250 4081 ut

178 4151 299 4202 varum
321 4131 376 4216 sit,
401 4132 480 4203 huic
501 4132 682 4204 sententiae
705 4130 896 4226 praeiudicii
917 4132 1001 4203 nihil
1023 4134 1134 4217 affert,
1154 4132 1248 4227 quod
