2804 4656
188 297 248 359 Μ
529 315 570 360 nn
591 313 693 362 nunus
714 312 938 364 snunrnmnus

188 458 257 527 lum
276 457 332 528 ius
351 455 631 529 haberedicitur:
646 457 681 527 id
694 458 787 543 noui,
803 469 839 529 et
851 459 980 552 stupui.
994 461 1058 531 Est
1071 465 1164 533 enim
1177 465 1274 537 haud

186 578 291 650 dubie
313 601 369 649 res
387 579 543 670 indigna,
563 579 628 650 sed
645 582 839 652 communis
853 583 950 666 adeo,
971 596 1009 655 nt
1027 585 1072 656 sit
1089 586 1122 654 in
1141 586 1274 658 talibus

185 702 253 773 iam
275 702 458 773 admiratio
484 704 560 796 ipsa
581 703 761 774 mirabilis.
788 707 831 777 Et
855 705 1019 797 quoniam
1047 729 1112 778 nec
1136 709 1274 800 longior

146 850 152 860 ¹
186 847 302 898 sermo
323 847 423 896 meus
446 825 506 895 tibi
527 827 631 897 taedio
649 848 730 899 esse
752 830 848 912 solet,
867 840 902 900 ct
922 851 980 900 res
997 833 1160 923 exemplo
1178 847 1271 924 eget,

184 951 353 1020 insistam.
376 950 447 1020 Nec
465 953 632 1042 attingam
655 948 732 1020 iilos
753 951 812 1042 qui
834 952 1036 1045 reipublicae
1057 964 1118 1025 aut
1139 956 1273 1027 militiae

183 1071 401 1163 disciplinam
414 1071 494 1142 tiliis
512 1073 722 1164 ingerentes,
735 1072 898 1144 omnibus
911 1078 1126 1168 protuerunt,
1143 1087 1273 1170 praeter
1328 1123 1330 1131 ·

183 1218 288 1289 quam
309 1196 437 1289 quibus
456 1210 536 1267 ante
556 1197 643 1266 alios
664 1196 833 1290 prodesse
851 1197 1097 1283 decreverant3
1118 1201 1215 1291 quod
1236 1202 1272 1272 in

183 1319 306 1390 litteris
332 1341 473 1411 quoque
499 1322 555 1389 vet
581 1318 743 1415 crebrius
764 1319 928 1390 evenisse
956 1320 1069 1403 video,
1098 1319 1159 1393 ubi
1185 1323 1271 1395 ittud

184 1442 330 1513 monstri
349 1443 472 1526 instar,
488 1443 583 1533 quod
600 1463 745 1535 perraro
765 1444 892 1513 summi
910 1442 982 1512 viri·
995 1441 1088 1513 filius
1109 1465 1272 1517 summus

183 1565 351 1646 evaserim
374 1566 425 1635 sic
445 1574 569 1635 natura
589 1565 687 1635 vicos
709 1566 913 1648 alternante,
942 1576 981 1636 ut
1005 1567 1154 1659 quisque
1174 1569 1271 1660 quod

184 1688 289 1757 suerit
308 1688 380 1758 Deo
397 1685 526 1757 debeat
546 1708 614 1757 non
635 1687 735 1777 patri.
757 1688 903 1757 Possem
921 1688 1010 1759 duos
1027 1708 1131 1778 reges
1148 1699 1184 1759 et
1196 1691 1272 1762 Cae-

186 1830 284 1882 sares
306 1809 341 1880 in
363 1811 606 1881 testimonium¹
623 1808 816 1893 adducere,
836 1804 984 1881 sednon
1006 1823 1119 1883 vacat.
1137 1810 1194 1882 Ad
1214 1813 1271 1884 itta

185 1935 290 2004 venio
323 1956 404 2027 quae
438 1936 560 2014 litteris
593 1932 857 2028 comprehensa,
880 1944 916 2004 ct
949 1934 984 2004 in
1018 1956 1119 2005 omne
1152 1957 1270 2006 aevum

186 2058 309 2128 multis
331 2059 439 2143 utilia,
462 2057 497 2127 in
530 2057 573 2128 iis
596 2058 681 2152 ipsis
707 2055 837 2149 quibus
865 2056 992 2149 scripta
1017 2066 1119 2127 erant
1144 2080 1268 2151 parurn

184 2184 262 2254 visa
283 2194 365 2254 sunt
385 2183 512 2254 virium
535 2180 713 2252 habuisse.
740 2178 885 2272 Scripsit
911 2178 1117 2251 Aristoteles
1138 2179 1271 2250 Ethicae

184 2304 291 2377 libros
317 2305 362 2377 ad
391 2305 614 2376 Nicomacum
647 2305 850 2396 quemdam,
886 2305 962 2375 sive
995 2303 1051 2373 isso
1084 2302 1271 2374 scribentis

185 2439 295 2522 pater,
324 2438 362 2498 ut
386 2429 529 2519 quidam
563 2428 709 2508 volunt,
741 2426 817 2496 sive
841 2425 872 2495 is
898 2424 1005 2508 fitius
1034 2427 1110 2497 sive
1135 2426 1270 2497 amicus

185 2552 270 2624 tuit:
298 2550 386 2622 adeo
420 2551 511 2619 enim
546 2548 630 2618 nihil
656 2549 732 2632 tuit,
760 2560 799 2620 ut
823 2547 909 2640 quid
928 2550 1033 2620 fuerit
1052 2549 1267 2638 nuncetiam

181 2654 365 2746 ¹dubitetur
387 2675 476 2744 inter
497 2674 640 2755 multos3
667 2672 832 2764 quamvis
853 2672 973 2743 Cicero
1002 2671 1110 2742 filium
1133 2671 1270 2742 indubi-

185 2806 300 2867 tanter
320 2796 483 2875 affirmem
505 2799 600 2867 nulia
622 2818 660 2867 re
680 2797 748 2866 alia
768 2818 874 2889 quarn
894 2796 1007 2867 aliena
1034 2789 1138 2867 notus
1167 2794 1270 2864 indu-

187 2919 293 2992 stria:
314 2923 422 2991 immo
438 2943 524 2992 vero
540 2943 585 2991 ne
604 2919 811 3012 sicquidem
833 2929 953 2990 notus:
972 2939 1119 3012 prorsus
1142 2916 1270 2988 obscu-

187 3066 264 3114 rum
286 3064 422 3126 nomen,
440 3044 536 3137 quod
553 3065 618 3114 nec
635 3042 838 3115 Aristoteles
855 3040 1050 3112 illustravit.
1066 3041 1213 3134 Scripsit
1224 3041 1267 3111 ad

186 3165 359 3237 Neronem
382 3167 529 3250 Seneca,
547 3177 582 3236 et
598 3166 692 3259 quod
716 3166 896 3248 miremur,
929 3163 968 3234 de
995 3140 1267 3254 eminentiorqui

187 3288 276 3360 liber
306 3299 475 3382 quantum
502 3289 549 3358 illi
574 3288 630 3360 cui
655 3289 855 3360 inscribitur
887 3289 1070 3380 profuerit,
1091 3296 1163 3356 toto
1183 3284 1269 3358 orbe

189 3412 410 3483 notissimum
436 3424 501 3484 est.
528 3411 674 3504 Scripsit
701 3410 885 3482 Eustathio
911 3408 981 3482 tilio
1005 3408 1204 3480 Macrobius
1230 3408 1269 3477 in

189 3536 389 3607 Ciceronem
403 3535 725 3616 commentarioset
737 3534 969 3606 Saturnalium
985 3532 1105 3604 libros:
1121 3552 1270 3626 operosa

167 3661 378 3737 ,volumina
412 3660 451 3729 In
485 3658 629 3729 alterius
662 3657 864 3751 primordio,
899 3655 1069 3750 quidquid
1101 3655 1176 3749 ipse
1211 3676 1270 3749 per

189 3804 326 3854 omnam
347 3782 457 3853 vitam
478 3783 630 3875 legisset,
658 3792 764 3852 totum
792 3781 862 3852 fitio
883 3802 964 3852 esse
996 3781 1073 3851 vult
1098 3777 1270 3851 doctrinae

137 3921 141 3930 ·
190 3907 444 3999 supellectilem·
473 3915 509 3976 et
540 3906 734 3976 litterarum
767 3927 870 4000 penu.
904 3904 995 3989 Quid
1036 3902 1123 3975 vis‘?
1168 3904 1270 3994 lnge·

189 4027 304 4108 nium,
328 4029 522 4115 scientiam,
545 4029 790 4121 eloquentiam,
813 4027 951 4100 labores
973 4048 1056 4098 suos
1078 4026 1126 4096 illi
1146 4047 1270 4097 conse·

190 4157 277 4235 crat,
301 4163 612 4245 successoremque
636 4152 732 4222 ilium
759 4151 825 4223 sibi
847 4150 948 4244 quasi
970 4149 1268 4223 testamentarium
