2730 4680
340 307 433 357 niusa
454 306 626 358 vicesimus.
641 308 842 359 -nrrsronn
864 312 925 361 xiv.
1133 304 1172 362 49
1260 302 1262 307 ’

97 445 202 518 moria
233 443 415 514 bominum
442 443 531 514 inter
556 440 662 537 Alpes
688 454 723 515 et
748 444 968 539 Apeninnum
997 459 1091 520 tanta
1117 452 1173 523 vis

96 568 226 640 nivium
253 567 420 639 incubuit.
446 567 572 658 Magna
598 569 728 638 nostris
752 569 788 639 in
810 568 956 641 urbibus
973 572 1171 660 domorum,

96 713 222 784 magna
246 691 281 761 in
307 689 402 782 agris
430 688 594 760 arborum
628 699 781 782 strages,
817 713 955 784 magnae
988 694 1173 789 utrobique

96 814 291 887 mortalium
311 814 478 906 querelae,
501 834 590 905 quas
608 835 787 906 nunquam
811 824 926 885 tamen
944 826 1004 887 aut
1023 838 1087 889 ver
1107 818 1188 892 llo·-

97 961 190 1010 reum
208 948 271 1009 aut
286 937 453 1028 frugifera
468 948 576 1007 aestas
588 946 649 1007 aut
660 936 786 1007 vinifer
803 947 991 1009 autumnus
1010 940 1172 1014 omnibus

95 1074 228 1134 naturae
247 1060 382 1132 deliciis
398 1069 503 1153 atque
523 1059 682 1131 ubertate
704 1060 892 1131 sedaverit.
915 1061 1090 1137 Coeterum
1112 1087 1174 1136 an-

96 1210 158 1260 nus
184 1188 244 1260 bic
270 1208 398 1258 annum
425 1194 519 1257 retro
542 1194 719 1277 quartum,
747 1183 813 1255 boc
838 1194 893 1254 est
919 1193 1031 1256 sextae
1057 1187 1173 1259 aetatis

97 1310 268 1381 millesimi
299 1308 532 1381 trecentesimi
557 1305 837 1400 quinquagesimi
863 1306 978 1399 quarti
1005 1306 1111 1379 finem
1138 1320 1175 1381 et

97 1433 271 1527 sequentis
292 1431 441 1518 initium,
463 1429 592 1523 quibus
612 1430 697 1500 nihil
714 1429 886 1522 algentius
901 1427 976 1503 lieri
994 1453 1115 1524 posse,
1138 1443 1175 1505 et

96 1569 131 1629 nt
162 1557 215 1629 sie
246 1555 359 1627 dicam
392 1554 478 1625 nihil
508 1552 692 1626 hiemalius
717 1551 922 1639 videbatur,
949 1556 1091 1647 quando
1116 1557 1175 1628 bic

96 1682 128 1751 in
146 1678 322 1750 Ambrosii
343 1676 485 1750 basilica
506 1677 623 1748 Caesar
642 1687 762 1749 noster
783 1675 928 1771 adeptus
949 1679 1098 1751 ferream
1115 1701 1174 1752 co·

96 1825 214 1876 ronam
236 1804 281 1874 ad
299 1805 417 1874 Romae
442 1797 705 1896 percipiendum
731 1822 877 1872 aureum
903 1798 1066 1874 diadema
1091 1826 1173 1897 pro·

95 1928 202 2015 fectus
223 1937 291 2011 est,
311 1927 412 1998 cuius
437 1925 483 1998 ad
508 1924 631 1997 urbem
656 1924 721 1995 iter
746 1945 791 1995 au
816 1946 960 1995 cursum
988 1923 1102 1997 dicam
1136 1938 1174 1999 tu

95 2050 150 2142 qui
170 2050 208 2120 in
227 2049 346 2120 Galliis
363 2070 503 2142 quoque
521 2059 603 2119 tunc
620 2068 700 2119 eras
716 2047 991 2119 miraceleritate
1008 2070 1174 2141 prosecu-

95 2183 158 2257 tus,
182 2173 450 2244 familiaritatem
470 2172 547 2244 eius
568 2170 797 2242 arctissimam
816 2169 972 2241 moribus
986 2181 1021 2243 et
1033 2171 1174 2263 ingenio

95 2296 271 2379 meruisti;
293 2317 423 2366 annum
444 2296 587 2388 inquam
604 2295 701 2365 illum
717 2291 772 2364 hic
785 2313 944 2386 praesens
958 2294 1038 2385 gelu
1052 2315 1173 2388 aequa·

94 2418 154 2503 vit,
180 2416 323 2489 nivibus
349 2402 443 2489 uicit.
471 2417 541 2490 Sed
572 2416 659 2510 quid
690 2421 779 2510 ago?
809 2418 899 2489 Num
934 2439 1171 2519 supervacuas

94 2537 196 2641 horas
216 2543 385 2633 aucupari
401 2539 526 2611 videor
543 2540 604 2632 qui
628 2540 839 2611 necessariae
865 2541 1042 2636 scriptioni
1069 2540 1172 2614 modo

93 2660 258 2757 imparem
278 2686 335 2735 me
360 2662 542 2735 dicebam?
566 2664 637 2735 Has
662 2661 846 2735 delectatio
870 2665 965 2738 vires
991 2664 1107 2750 babet,
1135 2676 1173 2737 ut

93 2788 202 2881 frigus
221 2796 418 2882 aestumque
435 2810 504 2861 non
519 2787 664 2871 sentiat,
684 2786 884 2859 etlaborem
899 2800 1054 2870 emetat
1069 2788 1173 2860 lassi-

94 2912 248 2983 tudinem
266 2920 483 3006 aspernetur‚
506 2909 657 3004 denique
677 2911 726 2981 nil
743 2921 882 2982 recuset
897 2908 991 3003 quod
1004 2910 1064 2982 diu
1077 2912 1171 2983 illam

92 3043 255 3128 exoptata
275 3036 310 3104 in
330 3035 530 3130 operatione
550 3034 715 3106 detineat.
743 3033 834 3106 Eece
853 3034 937 3106 dum
955 3043 989 3107 te
1012 3037 1171 3129 alloquor

93 3170 126 3228 et
141 3159 354 3251 fatigationis
374 3171 410 3231 et
422 3158 557 3230 brumae
569 3169 604 3230 et
617 3157 724 3253 coepti
734 3159 915 3230 immemor
931 3162 1043 3231 faetus
1061 3182 1168 3232 eram.

94 3283 158 3355 Sed
176 3294 215 3356 ut
235 3281 378 3353 domum
399 3304 566 3355 reversus
589 3282 634 3355 ad
654 3304 728 3354 rem
747 3282 906 3370 redeam,
929 3281 1023 3355 fideli
1048 3284 1171 3368 nuntio

93 3417 220 3500 praeter
242 3427 338 3500 spem
358 3416 508 3500 reperto,
532 3405 600 3478 etsi
620 3404 724 3477 valde
746 3417 922 3498 properet,
945 3409 1041 3479 nullo
1065 3407 1170 3479 modo

93 3530 157 3619 pati
179 3528 279 3621 potui
295 3550 375 3599 eum
394 3528 471 3600 sine
491 3529 578 3600 meis
598 3528 644 3600 ad
666 3538 698 3599 te
719 3530 843 3601 litteris
870 3528 978 3602 abire.
1006 3530 1049 3599 lit
1073 3530 1170 3603 festi-

93 3651 267 3723 nationem
289 3651 366 3723 eius
386 3662 422 3722 et
442 3652 703 3747 occupationem
725 3674 837 3724 meam
858 3663 895 3723 et
914 3653 1040 3725 hiemis
1067 3675 1168 3746 aspe-

94 3772 227 3846 ritatem
242 3775 326 3845 vicit
338 3795 435 3846 amor
448 3775 508 3847 tui.
521 3776 594 3846 lam
611 3773 645 3844 in
664 3776 785 3869 primis
803 3785 910 3848 totam
927 3778 1035 3847 frater
1050 3797 1097 3847 ex
1112 3797 1170 3847 or-

94 3892 169 3967 dine
184 3907 256 3968 tuae
273 3897 481 3991 suspicionis
503 3898 682 3971 historiam
701 3900 868 3984 intellexi,
889 3921 1004 3994 neque
1021 3900 1167 3973 miratus

95 4035 182 4103 sum,
198 4028 237 4090 ut
251 4028 369 4112 putaS,
392 4020 547 4113 potuisse
564 4021 624 4092 tibi
640 4032 708 4095 tam
723 4024 841 4094 multis
855 4022 1003 4115 ingeniis
1022 4046 1166 4120 persua·

96 4136 174 4211 deri.
201 4142 256 4214 Nil
282 4142 538 4217 detrahentium
565 4145 653 4220 dolis
680 4145 900 4239 impervium,
929 4149 974 4218 nil
1001 4171 1072 4242 quo
1096 4170 1165 4219 non

215 4273 251 4312 lll.
993 4271 1007 4316 i
