2804 4656
240 270 298 331 178
574 282 616 328 nu
637 281 738 329 nunus
758 280 981 329 rnnnmnmus

239 430 368 510 ferunt;
378 428 592 516 negligentes
601 425 762 497 ordinum
771 446 812 494 ac
822 424 913 515 uagi,
927 423 1127 519 quasi-apes
1139 423 1319 516 dissipatis

200 550 201 553 ’
241 547 450 630 alvearibus
471 547 620 640 quisque
639 547 702 618 sibi
724 546 800 618 dux
817 558 883 618 est.
901 546 1029 618 Amant
1047 547 1204 631 umbrae,
1221 547 1317 630 ocia,

241 672 321 743 belli
334 694 469 756 nomen,
485 671 590 742 cuise
603 670 764 764 stipendii
779 670 956 742 debitores
971 670 1094 756 sciunt,
1103 670 1318 747 cumbellum

241 797 355 889 ipsum
378 794 534 865 oderint:
556 793 690 885 dequo
713 802 842 878 tamen,
871 805 909 865 ut
933 794 978 865 de
992 803 1223 866 suaartenon
1241 817 1320 866 eru·

241 906 411 989 bescunt:
431 917 533 1013 pigri,
556 917 671 1002 inscii,
696 917 818 1002 timidi,
838 920 1016 1011 loquaces
1039 940 1136 988 arma
1156 929 1192 989 et
1211 941 1320 1012 equos

242 1063 312 1113 non
334 1042 380 1112 ad
400 1040 606 1133 obsequium
629 1039 863 1122 dominorum,
884 1063 953 1111 non
968 1042 1012 1112 ad
1025 1041 1147 1135 patriae
1162 1045 1319 1128 tutelam,

242 1187 358 1258 neque
371 1164 414 1235 ad
430 1166 587 1256 gloriam,
604 1165 666 1236 sed
681 1163 726 1235 ad
738 1173 926 1257 quaestum,
937 1166 981 1236 ad
992 1175 1151 1237 ornatum
1166 1166 1321 1259 eorporis

243 1298 278 1360 et
298 1291 512 1382 voluptatem
534 1286 686 1359 habent:
708 1289 823 1359 onusti
845 1309 943 1386 auro,
967 1310 1037 1379 quo
1057 1297 1093 1358 et
1110 1289 1222 1359 amico
1243 1310 1323 1379 gra-

244 1415 313 1483 tius
328 1414 579 1505 spectaculum,
592 1419 627 1481 et
645 1410 735 1481 hosti
753 1413 899 1505 opimior
916 1410 1035 1504 praeda
1053 1413 1131 1482 sint.
1148 1414 1234 1505 Cum
1249 1414 1322 1484 suis

243 1533 393 1606 ducibus
414 1535 459 1605 de
476 1533 605 1604 virtute
627 1557 820 1625 nunquam,
849 1534 913 1606 sed
939 1533 966 1604 si
996 1536 1049 1605 sni
1077 1536 1208 1605 similes
1235 1536 1322 1609 nacti

244 1668 341 1752 sunt,
360 1658 404 1729 de
426 1680 548 1728 somno
569 1668 673 1749 atque
693 1655 861 1728 ebrietate
882 1659 1108 1743 contendunt,
1131 1669 1166 1730 et
1186 1659 1322 1733 illorum

244 1783 374 1891 scholae
399 1783 524 1873 dignos
553 1801 632 1851 sese
660 1780 831 1852 exhibent
861 1782 1064 1874 discipulos
1101 1784 1208 1854 futuri
1240 1804 1323 1854 mox

241 1918 475 2000 praeceptores
497 1926 599 1996 aeque
618 1902 791 1974 docilibus
809 1904 980 1995 ingeniis:
1004 1905 1055 1976 sui
1078 1909 1230 1978 fortasse
1254 1906 1324 1977 dis·

244 2031 375 2101 similes
413 2036 651 2110 contemnunt,
693 2027 863 2111 invident,
906 2029 1147 2116 criminantur,
1191 2031 1323 2124 vixque

244 2152 459 2266 sapientibus
487 2153 606 2244 paucis
643 2160 692 2222 tot
717 2148 806 2221 inter
832 2153 958 2223 stultos
984 2152 1126 2247 impune
1152 2155 1232 2226 licet
1257 2177 1322 2226 non

242 2276 415 2369 desipere.
438 2276 558 2366 Neque
578 2294 665 2343 vero
685 2296 778 2344 nunc
805 2274 953 2368 primum
981 2276 1073 2345 inter
1098 2280 1210 2361 malos
1235 2277 1324 2349 benc

244 2415 349 2484 agere
369 2391 515 2483 capitale
531 2398 596 2460 est.
615 2388 750 2471 Quibus
763 2389 810 2460 ita
828 2411 866 2460 se
884 2392 1103 2475 habentibus,
1118 2393 1240 2465 desine
1255 2397 1321 2466 iam

243 2513 376 2598 mirari,
398 2534 468 2583 non
487 2512 565 2583 dico
582 2512 676 2603 quod
693 2509 769 2582 baec
783 2535 871 2605 gens
889 2516 1065 2601 attollitur,
1079 2517 1136 2587 illa
1150 2517 1321 2601 deiicitnr,

162 2654 164 2657 ’
244 2650 279 2710 et
292 2652 431 2708 rursum
450 2635 506 2705 illa
519 2633 678 2719 concidit,
697 2635 773 2706 haec
786 2629 953 2730 assurgit,
973 2639 1078 2730 quod,
1097 2651 1134 2710 ut
1151 2640 1235 2720 dixi,
1253 2643 1324 2714 sola

245 2762 398 2833 varietas
421 2780 555 2830 morum
578 2759 681 2828 lacit:
704 2759 767 2830 sed
789 2762 884 2852 quod
906 2783 978 2844 nos
997 2763 1126 2856 quibus
1150 2765 1326 2836 uniformi-

247 2897 301 2956 tas
321 2884 412 2954 mala
429 2885 497 2963 est,
514 2881 547 2950 in
566 2881 643 2952 dies
665 2882 855 2976 premimur
872 2907 911 2956 ac
928 2898 1107 2970 nutamuS,
1125 2897 1326 2980 nostraeque

247 3030 304 3078 res
322 3007 355 3076 in
373 3017 533 3078 extremo
551 3005 690 3098 positae,
711 3029 778 3076 non
798 3007 1023 3079 fundamento
1041 3008 1158 3101 aliquo
1175 3009 1325 3092 virtutis,

249 3129 312 3215 sed
333 3129 484 3221 pondere
505 3150 570 3199 suo
588 3138 689 3210 stant,
714 3129 900 3222 magnique
917 3132 1054 3201 ruinam
1072 3130 1327 3202 aedificiibian-

250 3253 342 3323 tibus
368 3253 465 3322 rimis
491 3252 653 3346 produnt.
681 3251 805 3322 llirum
832 3253 947 3346 potius
978 3253 1008 3324 si
1038 3254 1181 3346 quando
1210 3275 1328 3326 causae

250 3394 333 3448 snos
360 3376 434 3448 non
454 3373 590 3468 pariant
620 3375 785 3456 ellectus;
817 3398 930 3467 neque
962 3377 1055 3447 enim
1088 3377 1228 3468 penitus
1255 3375 1327 3447 fieri

248 3508 370 3590 potest*
382 3497 467 3589 quin
487 3497 542 3565 his
564 3496 726 3579 ducibus,
749 3498 804 3568 his
824 3497 1007 3582 militibus,
1031 3500 1086 3570 his
1113 3499 1271 3572 moribus
1296 3508 1329 3569 et

250 3618 439 3692 ruinalem
459 3620 631 3714 proxima,
655 3632 689 3690 et
709 3620 845 3690 interim
866 3621 948 3693 dum
976 3622 1151 3711 differtur,
1179 3636 1215 3695 et
1240 3645 1331 3693 mor-

250 3735 318 3815 tale
338 3743 438 3815 nohis
463 3742 608 3827 bellum,
642 3765 713 3838 pax
745 3745 912 3831 extincta,
947 3747 1061 3818 virtus
1093 3748 1192 3831 exul,
1229 3760 1330 3837 atque

251 3857 333 3937 hinc
358 3870 514 3936 externis
542 3865 622 3935 hinc
647 3864 795 3959 propriis
821 3868 982 3969 manibus
1008 3870 1182 3962 discerpta
1211 3892 1330 3963 respu-

250 3988 342 4060 blica
363 4010 467 4061 serva
493 4009 631 4080 semper
651 4009 692 4058 ac
707 3989 840 4060 *misera
861 3991 916 4062 sit.
938 3992 1034 4063 Vale.

395 4123 444 4176 III.
461 4122 600 4177 Kalendas
615 4120 726 4176 Martias
741 4138 774 4175 ex
787 4121 895 4176 itinere.

701 4240 878 4279 -oeoeffi
