2940 4650
217 303 275 364 loa
695 319 857 368 vnnrnnun

218 459 405 553 gratitudo:
425 483 516 533 vana
539 482 662 533 manus
687 461 847 544 hominis,
871 463 973 532 fallax
1000 482 1119 553 equus
1144 461 1193 533 ad
1214 463 1309 533 salu-

219 593 284 653 lem
307 585 382 676 ipse
403 606 518 668 suam3
553 585 709 667 malias,
742 585 924 676 supposuit
952 606 1092 654 manum
1115 584 1308 677 praesenti·

218 728 285 796 que
305 728 360 776 me
382 709 479 777 solus
500 707 607 778 exilio
629 705 786 777 Christus
805 706 941 797 eripuit.
964 704 1065 787 Quod
1084 705 1227 776 idcirco
1247 704 1304 776 tibi

217 839 336 901 notum
351 832 455 914 volui,
472 842 509 901 ut
531 832 621 903 sicut
633 829 725 925 apud
736 832 896 901 Flaccum
914 829 1055 900 caducae
1070 828 1218 900 arboris
1234 829 1304 900 rni-

218 973 276 1034 na,
293 951 342 1023 sic
354 953 447 1045 apud
459 976 515 1024 me
529 954 701 1024 instabilis
722 952 802 1045 eqni
820 955 940 1044 lapsus
962 949 1113 1045 propriae
1137 973 1207 1021 nos
1221 973 1302 1022 con-

217 1074 357 1145 ditionis
382 1075 580 1160 admoneat,
616 1077 751 1147 inanem
776 1097 866 1146 esse
895 1072 1152 1167 providentiam
1176 1074 1302 1144 huma-

218 1219 309 1279 nam,
334 1198 587 1270 ineluctabilem
613 1200 672 1271 fati
700 1200 781 1280 vim,
804 1197 1075 1269 innumerabiles
1096 1199 1299 1269 mortalium

218 1341 334 1403 casus,
357 1321 631 1392 inaestimabilem
655 1321 857 1394 coecitatem.
886 1323 1006 1413 ltaque
1032 1319 1115 1389 dnm
1137 1320 1301 1390 1161666-

218 1444 389 1514 currimus
407 1445 442 1538 in
464 1444 546 1515 illud
571 1445 762 1530 currimus,
795 1454 830 1516 et
852 1445 936 1517 dum
970 1443 1123 1513 maxime
1149 1444 1301 1514 circum-

220 1563 383 1656 spicimus
415 1585 455 1634 ac
488 1567 595 1636 multa
627 1566 870 1659 providemus,
906 1576 978 1636 tum
1008 1564 1166 1634 maxime
1206 1563 1299 1633 unde

219 1684 267 1752 nil
284 1685 525 1757 metuebamus
545 1689 781 1782 opprimimur,
805 1685 911 1780 fitque
928 1687 1022 1781 quod
1044 1687 1092 1758 ait
1108 1686 1170 1757 ille
1188 1687 1301 1757 veris-

221 1807 368 1878 simum:
656 1884 660 1887 ,

503 1981 510 1996 .
533 1981 540 1995 .
563 1981 571 1994 .
594 1972 605 1996 .-
625 1979 760 1995 .....
782 1929 948 2009 improvisa
965 1929 1016 1992 leti

498 2029 550 2094 llis
567 2029 669 2109 rapuit
682 2030 838 2109 rapietque
855 2035 968 2107 gentes.

220 2178 460 2271 Nequidquam
481 2191 671 2253 aestuamus
693 2190 796 2273 atque
816 2181 989 2271 angimur,
1008 2181 1081 2251 sola
1102 2191 1300 2272 potensest

220 2315 401 2373 occurrere
416 2303 549 2373 cunetis
563 2304 680 2374 divina
693 2303 881 2374 clementia.
896 2303 941 2373 lla
952 2313 1031 2373 luno
1040 2304 1167 2372 Flacco
1178 2304 1298 2386 adfuit

221 2445 314 2494 nunc
333 2425 432 2510 mihi,
449 2447 542 2518 saepe
555 2427 644 2496 aliis:
665 2426 818 2516 alioquin
838 2446 902 2495 neo
926 2425 982 2495 1116
1007 2446 1121 2507 suum,
1143 2447 1211 2496 nec
1232 2446 1301 2517 ego

220 2567 354 2635 meum,
388 2569 451 2618 nec
479 2549 577 2618 multi
598 2547 765 2617 bellorum
787 2567 890 2618 casus
923 2548 957 2617 in
989 2568 1084 2640 pace,
1106 2547 1300 2639 pelagique

219 2668 370 2759 pericula
384 2668 420 2739 in
434 2669 530 2740 litore
545 2679 776 2740 renarrarent.
791 2670 853 2739 Hic
868 2691 1003 2761 semper
1017 2672 1204 2760 scrupulus
1216 2659 1315 2762 pre-⁵

222 2789 297 2875 mit,
319 2791 507 2884 quoddam
521 2793 755 2865 difficultatem
773 2816 877 2865 unam
895 2794 1081 2865 evanuisse
1098 2791 1297 2879 oredimus,

220 2925 381 3006 superest
409 2918 527 2988 altera.
550 2919 632 2989 Tota
656 2919 764 2989 nostri
794 2926 1064 3008 nostrarumque
1091 2939 1210 2987 rerum
1235 2939 1299 2988 ou-

220 3037 331 3110 stodia
352 3042 598 3114 committenda
619 3045 689 3114 Deo
706 3050 772 3125 est,
798 3051 834 3113 et
850 3041 893 3112 de
908 3040 1052 3134 propriis
1078 3038 1215 3110 viribus
1235 3049 1300 3111 aut

219 3163 371 3232 consiliis
393 3165 439 3232 uil
462 3166 680 3256 sperandum.
709 3163 777 3237 Sed
797 3165 867 3234 iam
883 3163 927 3235 de
954 3162 1108 3233 moribus
1131 3163 1218 3234 66116
1240 3172 1301 3234 661

219 3285 367 3356 dictum:
382 3287 426 3358 ad
440 3288 616 3358 familiaria
631 3296 885 3358 convertamur.
899 3288 1049 3378 Legatos
1063 3307 1147 3376 ergo
1159 3284 1233 3372 hic,
1251 3285 1299 3358 de

218 3409 458 3503 quoambigue
472 3409 533 3479 tibi
548 3410 765 3503 scripseram,
780 3432 1004 3503 spemmeam
1019 3407 1227 3480 liberalitate
1242 3411 1299 3478 vi·

219 3532 264 3626 cit
278 3554 352 3616 sua,
373 3543 409 3602 ut
429 3554 535 3624 prope
557 3555 611 3603 me
624 3529 792 3602 diffidisse
818 3532 997 3626 poeniteat,
1019 3531 1182 3624 quamvis
1201 3553 1298 3602 sem-

111 3706 112 3709 =
218 3678 281 3748 per
302 3656 415 3726 61666
437 3677 576 3748 sperare
591 3657 635 3725 sil
648 3657 765 3726 tutius.
787 3657 840 3731 Nil
858 3655 1011 3727 omnium
1029 3677 1109 3749 qnae
1124 3654 1299 3747 petieram

219 3782 372 3872 negavit:
395 3782 484 3850 ultro
505 3779 608 3852 eliam
632 3790 668 3850 ut
688 3803 749 3872 pro
770 3803 826 3851 me
840 3780 915 3875 ipso
930 3781 1061 3872 grande
1079 3779 1212 3870 aliquid
1234 3803 1300 3874 pe-

218 3914 335 3988 terem,
358 3904 516 3976 hortatus
542 3915 605 3974 est.
630 3904 703 3994 Ego
729 3914 846 3975 antem
873 3926 944 3996 pro.
963 3926 1020 3975 me
1041 3902 1135 3973 nihil.
1160 3904 1298 3974 Fallor:

219 4030 324 4100 immo
343 4051 428 4100 vero
455 4051 519 4122 pro
549 4051 603 4100 me
637 4027 766 4099 omnia:
799 4026 998 4120 quidecim
1031 4013 1152 4098 verius
1175 4050 1300 4099 meum

219 4173 323 4242 quam
352 4152 446 4245 quod
479 4154 764 4224 6616666666ιῖ1
799 4152 970 4224 Caeterum
998 4173 1064 4244 ego
1085 4149 1299 4242 iampridem
