2940 4650
565 358 716 407 uursronn
741 359 819 406 nrrv.
1170 343 1229 403 lae

144 503 294 592 invitus,
314 505 377 575 sed
398 512 545 594 urgente
566 502 650 573 hora
663 522 744 593 quae
758 499 803 571 ad
817 499 1000 570 transitum
1016 498 1226 591 rapidissimi

153 627 304 698 llumiuis
324 627 393 695 iam
407 624 536 696 tardior
557 624 756 707 videbatur,
780 620 947 715 propositi
962 620 1030 692 mei
1045 633 1225 703 summam,

140 740 187 822 *et
207 750 251 822 ad
269 749 354 843 quid
374 749 562 831 venissem,
584 769 699 840 quove
712 749 776 818 iter
789 745 1003 817 intenderem
1016 744 1227 816 indicassem

154 872 226 957 tibi,
250 883 392 967 repente
412 870 542 942 tristior
562 881 597 942 et
617 892 706 964 pene
726 870 976 940 intermortuus
1003 870 1109 939 orasti
1133 880 1169 939 ut
1189 868 1228 936 il-

153 997 220 1067 lam
241 995 302 1065 tibi
327 1003 463 1066 noctem
489 993 623 1064 darom:
652 991 850 1063 adfuturum
868 992 960 1060 enim
983 990 1092 1061 Deum
1114 1000 1150 1060 et
1167 991 1228 1061 ali-

154 1117 237 1210 quid
271 1117 413 1188 remedii
445 1117 740 1186 monstraturum?
771 1113 871 1197 Quod
901 1135 977 1183 curn
1013 1114 1141 1205 pietate
1169 1127 1226 1185 tua

154 1240 267 1310 victus
282 1239 492 1321 annuissem,
506 1237 658 1309 meruisti
673 1248 724 1320 ut,
741 1236 902 1330 precibus
920 1237 1024 1308 credo
1039 1237 1117 1319 tuis,
1132 1238 1225 1329 qnod

155 1362 364 1434 Scholastica
383 1360 557 1453 quondam
583 1361 685 1452 virgo
707 1359 926 1431 sanctissima
948 1380 1010 1453 pro
1040 1360 1227 1432 Benedictc

153 1486 256 1555 tratre
276 1484 480 1577 promeruit,
507 1484 630 1576 ingens
652 1494 687 1555 et
707 1483 868 1576 inopinus
887 1482 998 1568 imber
1012 1483 1131 1570 adsuit,
1147 1508 1226 1556 cum
1288 1489 1295 1501 '

153 1616 223 1677 tcta
243 1628 311 1677 non
331 1608 479 1698 pluisset
499 1616 631 1677 aestate.
661 1607 848 1691 Caeterum,
871 1608 954 1698 quia
976 1626 1039 1677 seu
1070 1607 1226 1679 laborum

153 1751 240 1800 usus
262 1750 324 1799 seu
342 1738 477 1800 naturae
488 1738 551 1812 est,
568 1729 653 1800 satis
667 1728 734 1798 iarn
750 1740 869 1799 contra
882 1737 1017 1811 ventos
1032 1739 1068 1799 et
1079 1731 1224 1820 fulgura,
1316 1811 1320 1817 ,

152 1861 188 1922 et
204 1859 321 1935 aestus
337 1861 372 1922 et
388 1852 524 1945 pluvias
546 1849 744 1921 induruisse
764 1849 895 1934 videor,
917 1850 974 1920 uni
992 1853 1080 1920 sorte
1104 1872 1227 1923 cessu-

153 1995 212 2045 rus
233 1974 492 2068 impedimento,
514 1973 609 2067 quod
629 1973 694 2043 elsi
717 1971 881 2042 librorum
903 1995 993 2066 quos
1022 1995 1157 2045 mecum
1178 1977 1226 2044 l-

152 2097 278 2169 r'endos
288 2117 547 2189 assumpseram
562 2117 678 2166 amore
687 2094 853 2185 tangebar
867 2117 906 2165 ac
921 2096 1226 2169 vehementissime

150 2220 367 2306 retrahebar,
387 2229 465 2311 post
484 2242 540 2289 me
560 2228 673 2289 tamen
695 2220 771 2288 illos
788 2216 962 2289 dimittere
980 2201 1050 2288 non
1070 2219 1223 2304 velabar,

150 2353 185 2412 et
206 2351 342 2433 tergum
364 2341 566 2414 indomitum
595 2339 764 2433 imbribus
785 2340 879 2421 dare,
895 2341 1077 2414 obstaculo
1091 2342 1224 2414 interim

56 2539 59 2551 ,
150 2464 317 2536 validiore
329 2463 496 2536 detineor.
517 2463 691 2558 Siquidem
706 2476 806 2536 nocte
828 2465 882 2535 illa
901 2465 1104 2559 priusquam
1124 2469 1226 2538 acol-

150 2588 268 2680 loqnio
286 2598 345 2659 tuo
358 2589 392 2658 in
406 2588 601 2660 cubiculum
616 2590 830 2672 transissem,
848 2612 967 2661 rumor
981 2590 1026 2660 ad
1040 2611 1103 2662 nos
1116 2590 1229 2661 incre-

149 2707 264 2780 dibilis
294 2711 467 2803 pervenit,
503 2720 534 2781 te
567 2712 749 2802 gaudente,
779 2732 836 2781 me
858 2721 997 2802 propter
1024 2711 1226 2784 miraculum

149 2828 263 2900 fictam
284 2855 305 2902 a
325 2841 359 2902 te
375 2834 524 2903 fabulam
545 2833 721 2924 opinante:
757 2833 822 2902 iter
850 2832 945 2923 quod
968 2829 1225 2906 destinaveram

150 2949 240 3022 bello
260 2955 420 3035 tractum,
448 2954 542 3045 quod
572 2975 636 3023 nec
669 2965 788 3023 nostra
825 2975 976 3045 unquam
998 2977 1061 3025 nec
1081 2979 1225 3028 avorum

150 3082 348 3145 nostrorum
368 3085 454 3147 aetas
475 3074 664 3146 adiuverat.
700 3076 766 3158 Qui
793 3097 870 3144 curn
894 3098 995 3147 mane
1011 3079 1226 3169 percrebuis-

151 3205 204 3268 set
223 3205 363 3281 auctuS,
385 3196 524 3270 substiti
542 3207 644 3290 atque
669 3198 724 3269 bis
750 3198 867 3270 causis
888 3199 1051 3272 inunum
1073 3204 1226 3275 coeunti-

149 3320 216 3391 bus
237 3321 394 3391 ellectum
413 3331 481 3404 est,
501 3333 539 3393 ut
560 3321 649 3393 sicut
666 3321 747 3391 olim
762 3320 816 3413 pia
831 3343 930 3394 soror
950 3306 1061 3395 noctis
1076 3327 1223 3419 spatium

148 3446 310 3515 fraternae
330 3466 451 3528 morae,
472 3446 522 3516 sic
537 3455 573 3515 lu
591 3447 669 3537 pius
691 3454 790 3539 pater
806 3466 914 3516 morae
943 3468 1030 3517 meae
1047 3470 1154 3541 prope
1174 3451 1225 3561 pn-

149 3575 286 3657 tegrum
303 3566 384 3635 anni
415 3577 549 3662 tempus
576 3566 799 3659 adiungeres:
834 3568 890 3638 cui
918 3575 1026 3638 toturn
1056 3569 1225 3661 quidquid

149 3688 256 3760 idest
274 3688 358 3759 vitae
379 3689 549 3782 reliquum
576 3690 765 3782 adiungere
799 3690 987 3782 potuisses
1008 3700 1046 3760 ut
1066 3713 1132 3761 non
1150 3713 1170 3760 a
1190 3701 1224 3762 te

150 3811 261 3903 magis
281 3833 424 3907 corpore
444 3835 547 3904 quarn
581 3823 695 3884 mente
721 3812 913 3883 divellerer.
941 3811 1010 3882 Sed
1029 3812 1123 3904 quod
1142 3822 1223 3884 tunc

149 3933 337 4027 nequivisti
370 3957 461 4005 nunc
482 3935 624 4027 implere
646 3933 789 4025 satagis,
813 3934 917 4026 idque
943 3956 1011 4005 non
1024 3933 1145 4019 verbo,
1167 3936 1233 4006 cui·

150 4067 263 4129 tamen
280 4056 359 4130 fidei
380 4058 566 4152 plurimum
587 4057 730 4142 inesset,
748 4058 812 4129 sed
831 4056 886 4127 his
906 4078 985 4150 quae
1005 4058 1142 4129 mentiri
1163 4080 1221 4129 ne-

152 4180 264 4253 sciunt
280 4182 385 4256 rebus
413 4182 549 4277 probas.
582 4183 689 4256 Taces
711 4192 746 4252 tu
767 4180 928 4273 quidem,
952 4181 1013 4254 sed
1032 4184 1141 4277 pietas
1162 4196 1221 4257 tna
