2940 4650
216 297 275 359 teu
679 310 841 359 vnntnuuu

221 451 433 546 prohiberet.
456 452 581 524 Valere
598 453 742 524 feliciter
767 472 832 523 vos
850 460 945 541 opt0‚
972 460 1008 519 et
1029 449 1098 520 mei
1124 469 1320 520 memores.

219 575 477 646 Recommendo
498 575 599 647 vobis
620 573 809 646 Barbatum
842 574 992 645 amicum
1018 594 1157 643 meum.
1192 575 1319 643 Datum

219 719 368 789 propere
386 700 445 767 ult.
468 697 627 767 Ianuarii.

322 816 481 909 Sequitur
503 823 644 892 Ourmeu
664 818 751 910 quod
770 831 816 890 est
836 819 906 890 bib.
928 818 973 905 ΙΙ,
991 817 1057 910 Ep.
1078 818 1106 887 Ι.
1134 816 1233 906 Quid
1248 839 1318 888 meu
1341 813 1343 817 ’

219 945 291 1032 futu
311 943 395 1012 mibi
413 953 478 1011 toto
498 943 771 1035 speciosiusque.

725 1170 807 1182 -w

631 1382 809 1445 urtsrott
829 1358 923 1447 turn.

256 1545 259 1549 ’
326 1540 521 1620 FRANGISCUS
541 1542 711 1592 PETRARGA
732 1542 876 1592 assentio
896 1542 1054 1591 VERONESI
1076 1543 1103 1591 S.
1128 1546 1160 1593 Ρ.
1184 1547 1216 1595 Ι).

363 1689 494 1744 Dolorem
511 1688 633 1743 lacrimis
647 1689 744 1743 leniri:
761 1687 924 1743 Amicorum
937 1691 1058 1742 mortem
1072 1687 1174 1754 deflet.

326 1936 415 2008 Sunt
428 1936 569 2029 quidam
585 1936 635 2007 sic
652 1934 763 2006 affecti
785 1935 836 2005 sic
851 1931 967 2006 obruti
985 1931 1145 2019 moerore,
1168 1947 1207 2009 ut
1226 1939 1313 2007 sicut

225 2062 261 2132 in
275 2059 492 2152 corporibus
507 2059 571 2129 nisi
586 2067 757 2153 purgatus
770 2057 895 2128 humor
909 2052 1036 2127 noxius
1049 2057 1163 2142 fuerit,
1179 2059 1312 2130 extrin-

160 2235 166 2242 -
219 2203 330 2254 secus
353 2182 493 2253 admota
517 2179 673 2252 remedia
693 2181 822 2250 frustra
843 2179 926 2263 sint,
947 2179 998 2248 sic
1017 2178 1143 2249 animis
1168 2203 1312 2274 ,qnoque

225 2297 374 2383 illorum,
390 2298 425 2366 ni
443 2306 626 2368 concretus
648 2295 747 2366 dolor
767 2296 802 2365 in
820 2296 980 2387 querelas
1001 2303 1062 2364 aut
1081 2295 1250 2366 lacrimas
1267 2297 1312 2366 ei-

226 2419 403 2502 fnndatur‚
430 2439 652 2510 nequaquam
687 2416 754 2487 illis
789 2415 977 2488 verborum
1013 2417 1311 2488 consolationibus

226 2541 400 2612 medeare.
419 2538 557 2610 ld'olim
577 2538 759 2621 meditans
776 2539 988 2631 Stephanum
1007 2538 1053 2609 de
1069 2537 1242 2610 Columna
1261 2543 1311 2611 sess

226 2664 359 2733 niorem
382 2661 497 2732 virum
528 2662 683 2732 omniurn
713 2683 800 2754 quos
833 2663 989 2734 noverim
1017 2671 1137 2733 contra
1164 2661 1310 2733 hostiles

226 2794 345 2856 motus
365 2779 493 2857 'nostra
523 2794 628 2856 aetate
653 2786 880 2858 fortissimum
905 2797 1009 2878 atque
1033 2783 1219 2868 invictum,
1249 2784 1311 2856 sed

226 2916 402 2980 amantem
424 2906 512 2978 adeo
527 2929 669 3001 suorum
689 2920 727 2982 ut
745 2932 832 3003 pene
854 2917 947 2980 totns
968 2930 1015 2978 ex
1035 2908 1174 2979 illorum
1196 2909 1311 2979 anima

227 3030 408 3125 penderet,
431 3042 510 3126 post
540 3033 632 3104 illam
666 3032 899 3105 miserabilem
918 3053 961 3102 ac
975 3030 1144 3102 vfestinam
1167 3032 1310 3103 familiae

229 3173 305 3224 suae
319 3163 473 3246 stragem
494 3155 544 3226 sio
561 3178 622 3249 per
643 3156 826 3249 epistolam
848 3176 926 3248 sum
947 3156 1160 3246 alloquutus,
1179 3176 1253 3225 non
1275 3163 1311 3224 ut

227 3277 390 3348 lacrimas
411 3279 687 3372 comprimerem,
706 3277 802 3370 quod
823 3278 851 3347 si
865 3280 1012 3348 facerem
1027 3277 1250 3375 extincturus
1271 3278 1311 3348 il-

227 3400 297 3469 lum
313 3399 458 3484 fueram,
473 3398 540 3471 >sed
553 3400 713 3470 elicerem
728 3421 769 3469 ac
782 3398 938 3470 funditus
952 3390 1191 3483 exhaurirem
1204 3409 1311 3490 atque

227 3522 275 3592 ita
294 3521 415 3592 dolore
432 3521 537 3590 nimio
558 3520 868 3612 plenamanimam
894 3542 1144 3613 expurgarem:
1171 3526 1207 3590 et
1231 3540 1313 3592 suc·

228 3643 348 3714 cessit.
369 3643 561 3734 Epistolam
582 3640 674 3713 enim
696 3640 805 3727 illam,
821 3654 859 3714 ut
873 3639 957 3711 mihi
977 3642 1038 3733 qni
1056 3663 1135 3743 erim
1157 3642 1238 3711 tulit
1257 3664 1314 3714 re-

229 3766 320 3850 tulit,
336 3775 386 3836 tot
399 3782 479 3838 cum
497 3765 650 3838 lacrimis
670 3765 753 3856 legit
766 3767 941 3857 tantisque
958 3764 1130 3858 suspiriis,
1153 3774 1192 3834 ut
1212 3765 1314 3836 time-

228 3898 281 3958 ret
300 3888 356 3958 ille
374 3911 420 3964 ,ne
438 3889 593 3982 periculo
611 3888 676 3958 sibi
693 3899 805 3974 essem
828 3889 1077 3961 insultantibus
1091 3887 1215 3958 amicis
1229 3887 1314 3980 quia

230 4010 460 4101 nescioquod
480 3988 642 4083 nocivum
670 4033 710 4083 ac
735 4013 916 4083 funereum
934 4010 1142 4086 attulissem:
1161 4030 1203 4081 ea
1225 4029 1314 4079 vero

229 4132 395 4221 perlecta,
420 4133 520 4207 tersit
540 4135 672 4217 oculos,
691 4133 889 4226 iuravitque
914 4132 1017 4205 nil-se
1034 4131 1183 4227 amplius
1210 4131 1315 4204 lletu-
