2730 4680
222 287 258 346 Ἠ
554 301 595 348 un
617 302 717 351 nunus
738 302 959 351 annullamus

222 462 298 510 rum
325 437 434 509 saeris
459 436 656 508 nominibus
689 437 871 511 inseratur.
898 439 1002 510 Aliud
1030 439 1157 530 dehinc
1182 463 1303 533 genus

221 563 392 634 foemineae
418 561 530 632 laudis
557 561 797 653 attingendum
823 575 887 633 est.
913 563 1056 660 Orithya
1077 563 1294 636 Amazonum

221 686 365 778 Regina,
390 694 427 755 nt
454 683 604 776 reliquas
631 685 765 771 sileam,
788 694 882 756 tauta
901 682 982 774 belli
1005 686 1148 759 seientia
1168 698 1204 758 et
1223 687 1296 758 vir-

222 820 293 880 tute
315 807 463 878 traditur
479 808 598 892 luisse,
623 819 661 878 ut
677 809 766 878 inter
778 798 1228 882 duodecim'famosissimos
1245 815 1297 882 la·

219 929 333 1014 bores,
352 950 441 1022 quos
463 931 599 1002 Herculi
614 930 660 1000 illi
673 932 802 1002 invicto
818 931 1038 1026 Eurystheus
1057 933 1201 1006 Graeciae
1218 936 1295 1006 Rex

219 1055 379 1139 iniunxit,
394 1077 458 1125 ceu
472 1076 545 1124 rem
565 1053 814 1147 impossibilem
833 1055 946 1125 afferri
964 1052 1029 1125 sibi
1042 1056 1173 1147 regiuae
1190 1057 1295 1129 huius

219 1174 315 1251 arma
332 1179 545 1271 deposceret.
564 1176 730 1249 Eiusdem
748 1179 888 1268 generis
905 1189 940 1248 et
956 1178 1184 1251 Penthesileae
1201 1181 1298 1275 apud

219 1303 366 1387 Troiam,
388 1312 423 1372 et
444 1301 596 1371 Camillae
616 1323 678 1394 per
698 1301 827 1371 ltaliam
852 1311 931 1371 uota
950 1301 1074 1373 virtus.
1097 1303 1204 1374 Cuius
1224 1326 1293 1376 non

219 1424 263 1496 ad
284 1446 405 1495 aurem
430 1424 527 1494 venit
546 1424 783 1518 Hypsicrateae
809 1424 951 1514 Reginae
971 1425 1163 1516 coniugalis
1180 1449 1292 1509 amor,

219 1558 253 1619 et
283 1547 403 1616 invicti
427 1546 530 1637 vigor
556 1545 673 1628 animi,
702 1567 782 1637 quae
806 1545 1039 1618 Mithridatem
1065 1569 1167 1636 suum
1193 1551 1293 1621 Ponti

219 1660 337 1763 regem
359 1670 417 1739 illo
439 1671 538 1761 gravi
558 1681 594 1740 et
613 1669 786 1754 diuturno,
815 1671 908 1762 quod
928 1692 1006 1745 oum
1029 1672 1192 1743 Romanis
1215 1695 1295 1765 ges-

211 1797 264 1892 sit
286 1794 375 1864 bello
396 1817 465 1864 non
487 1793 594 1865 modo
608 1792 689 1864 dum
713 1815 770 1864 res
795 1816 922 1888 anceps
944 1794 1051 1877 stetit,
1079 1796 1142 1866 sed
1161 1797 1294 1867 vietum

218 1918 320 1990 etiam
343 1939 384 1988 ao
409 1918 587 1989 desertum
609 1940 629 1988 a
650 1917 724 1988 suis
751 1919 823 1988 sola
842 1939 904 2012 per
928 1939 1048 1989 omnes
1072 1938 1174 1990 oasus
1195 1920 1295 1991 indo—

218 2042 311 2113 lessa
338 2039 465 2135 pietate
498 2038 659 2109 comitata
691 2049 758 2120 est,
792 2040 950 2130 neglecta
978 2060 1047 2130 qua
1073 2039 1299 2130 singulariter.

221 2163 373 2258 pollebat
392 2164 512 2234 lormae
533 2184 626 2244 eura,
650 2170 851 2252 mutatoque
871 2159 1003 2246 babitu,
1024 2183 1114 2254 equo
1133 2172 1169 2232 et
1188 2164 1295 2233 armis

218 2298 254 2359 et
274 2286 451 2358 laboribus
469 2287 602 2357 cunctis
624 2287 820 2355 assuefacto
840 2306 993 2376 corpore,
1012 2284 1106 2376 quod
1126 2286 1216 2358 iuter
1230 2286 1295 2356 de-

217 2411 315 2482 lioias
333 2410 448 2499 regias
468 2408 654 2479 educatum
670 2416 757 2491 erat,
779 2417 917 2498 gratum
935 2428 1079 2498 prorsus
1099 2418 1134 2478 et
1152 2408 1293 2480 unicum

217 2533 265 2601 illi
291 2529 416 2601 afflicto
442 2529 517 2620 regi
544 2531 702 2601 solatium
730 2529 764 2600 in
790 2529 959 2601 extremis
988 2530 1137 2600 miseriis
1162 2532 1293 2601 ooniux

217 2655 301 2725 fult?
315 2650 418 2745 Apud
431 2653 566 2735 Poenos,
586 2652 677 2746 apud
690 2653 958 2731 Lacedaemones
977 2653 1070 2745 apud
1083 2653 1291 2736 Theutones

218 2775 311 2870 apud
344 2774 502 2846 Cimbros
539 2773 820 2846 bellicosissimas
854 2786 991 2866 gentes,
1012 2774 1222 2868 quibusdam
1258 2777 1292 2846 in

217 2898 345 2990 praeliis
367 2898 559 2968 animosius
580 2899 746 2969 mulieres
767 2898 892 2989 egisse,
912 2919 1016 2991 quam
1030 2899 1138 2985 viros,
1153 2900 1294 2970 notissi-

217 3043 285 3094 mae
302 3024 490 3115 loquuntur
507 3021 675 3093 historiae.
694 3022 819 3113 Magna
837 3021 928 3092 haee:
947 3022 1077 3093 maiora
1094 3023 1169 3094 alia.
1189 3021 1294 3115 Apud

217 3144 383 3237 Assyrios
405 3142 603 3214 Semiramis
624 3167 694 3215 non
717 3145 876 3236 regnavit
896 3145 1006 3229 modo,
1030 3146 1093 3217 sed
1112 3145 1240 3216 mirum
1258 3143 1292 3213 in

146 3290 148 3295 ’
216 3267 358 3339 modum
394 3268 576 3360 prolatavit
607 3267 776 3359 auxitque
808 3269 904 3360 regni
939 3267 1038 3353 fines,
1072 3268 1165 3340 lndis
1187 3278 1293 3362 atque

217 3388 437 3485 AEthiopibus
459 3389 598 3461 vexatis
618 3389 719 3461 bello.
741 3391 952 3486 Babylonem
967 3392 1088 3486 prima,
1103 3390 1197 3484 quod
1214 3394 1291 3485 qui-

217 3513 364 3587 busdam
399 3516 527 3605 placet,
558 3514 725 3596 condidit3
758 3509 851 3605 quod
877 3536 977 3586 nemo
1010 3515 1155 3602 dubitat,
1190 3540 1291 3590 muro

216 3638 326 3710 cinxit
351 3638 575 3730 amplissimo.
608 3636 714 3708 Cuius
749 3636 844 3708 urbis
872 3639 1011 3733 inopina
1043 3639 1184 3710 rebellio
1211 3664 1291 3713 oum

217 3761 285 3830 sibi
306 3761 429 3855 capitis
457 3762 563 3832 oultui
589 3761 803 3833 muliebriter
829 3761 970 3834 intentae
996 3764 1110 3835 subito
1135 3766 1291 3837 nuntiata

216 3893 321 3968 esset,
346 3895 461 3956 tantus
483 3885 587 3956 animi
608 3885 760 3957 foeminei
775 3884 878 3964 ardor
891 3888 967 3967 fuit,
991 3897 1028 3958 ut
1047 3891 1156 3959 altera
1176 3912 1291 3963 ooma-

216 4027 294 4075 rum
314 4018 412 4100 parte
433 4009 632 4102 composita,
652 4011 759 4080 altera
780 4021 896 4080 autem
915 4010 1029 4082 adhue
1050 4033 1182 4104 sparsa,
1197 4012 1291 4084 'siout

217 4139 301 4215 erat,
316 4132 421 4203 armis
435 4128 594 4225 arreptis,
608 4131 652 4204 ad
665 4132 935 4224 expugnandam
954 4132 1130 4230 Babylona
1147 4150 1289 4210 conten-
