2730 4680
162 334 163 337 ’
196 316 203 328 ’
263 328 357 376 LIBER
378 327 882 378 vtcnstttuspnttttts-splsrutt
904 280 988 379 llllleR
1114 321 1149 382 Π

84 476 113 536 et
131 463 292 548 affabilis,
316 473 352 535 et
372 487 452 559 quae
471 462 541 536 fide
562 464 814 559 prudentiaque
835 486 900 537 sua
920 467 1046 540 meruit
1068 468 1155 542 inte·

84 611 179 680 grum
194 598 301 680 atque
315 598 519 684 perpetuum
532 589 618 661 tanti
632 588 797 682 principis
809 610 973 675 amorem,
986 602 1153 684 quantum

83 724 157 782 aute
183 731 221 780 se
253 710 440 801 coniugum
474 713 567 784 nulla
596 723 780 784 meruerat.
813 713 914 797 Quod
948 724 980 787 te
1011 716 1151 808 quidem

83 832 203 905 iisdem
224 833 359 906 artibus
376 844 412 904 et
433 832 559 905 iecisse
579 843 615 904 et
632 835 799 906 facturam
819 855 901 907 esse
921 834 1066 917 confido.
1086 836 1154 909 Sed

83 978 122 1026 ne
142 977 259 1028 sermo
279 955 414 1047 longior
433 956 576 1028 taedium
589 932 693 1043 ierat,
715 955 819 1029 filiam
842 955 903 1027 tibi
922 957 1038 1030 datam
1059 957 1155 1030 coeli-

84 1092 133 1152 tus
153 1083 252 1152 velut
277 1081 418 1152 arrham
437 1078 617 1153 nobilioris
641 1088 765 1174 partus
792 1091 827 1152 et
852 1078 971 1173 gaudii
989 1077 1153 1173 plenioris

83 1204 156 1273 laeta
176 1204 422 1298 complectere,
449 1213 485 1274 et
504 1203 598 1297 quod
625 1212 658 1275 te
685 1225 794 1297 seque
820 1204 965 1295 dignum
991 1212 1058 1287 est,
1086 1202 1154 1274 tuis

85 1328 168 1398 illam
189 1325 348 1398 moribus
369 1325 497 1412 imbue,
516 1328 567 1398 tui
587 1326 685 1398 effice
705 1326 933 1398 imitatricem.
951 1326 1070 1419 Neque
1090 1324 1155 1396 dif-

84 1445 164 1520 fidas
185 1470 291 1542 quam
318 1450 436 1522 Caesar
456 1471 504 1522 ex
525 1458 558 1521 te
584 1449 703 1542 genuit
723 1459 759 1520 et
783 1448 986 1543 parentibus
1007 1448 1152 1521 similem

84 1580 113 1640 et
131 1559 293 1644 Caesareo
313 1594 454 1666 quoque
474 1571 635 1666 coniugio
654 1572 795 1664 dignam
817 1575 902 1645 lore.

32 1780 34 1785 ,
215 1719 375 1791 Mediolani,
389 1721 424 1776 ll.
440 1719 578 1776 Kalendas
592 1719 694 1774 lunias.

574 1975 653 1986 ..-

492 2175 670 2241 EPlSTOLA
692 2176 736 2239 lx.

226 2347 423 2400 Fatuclsctts
444 2347 613 2397 Parnason
634 2346 770 2397 socnam
790 2346 849 2397 SUO
870 2348 897 2397 S.
919 2349 947 2398 Ρ.
969 2350 999 2398 Ι).
1075 2409 1080 2418 ¹

145 2497 280 2553 Hortatur
291 2498 324 2547 ut
333 2491 435 2548 fortem
449 2490 478 2546 in
493 2489 614 2545 adversis
627 2506 657 2545 se
671 2489 815 2560 exhibeat,
830 2490 961 2547 invidiam
976 2498 1082 2548 temnat

282 2589 310 2639 et
324 2599 418 2638 rerum
433 2583 619 2637 humanarum
634 2580 782 2636 vanitatem
797 2580 938 2653 despiciat.

172 2809 316 2882 Movisti·
333 2809 486 2879 animum
507 2808 625 2890 fateor,
644 2818 680 2879 et
700 2809 768 2880 nisi
786 2809 853 2880 iam
876 2811 964 2882 ratio
980 2810 1074 2882 viam
1092 2832 1154 2904 ge·

83 2933 218 3006 mitibus
238 2933 447 3021 obstrueret,
469 2928 649 3024 fixumque
673 2942 770 3004 esset
789 2935 939 3006 fortuna
958 2935 1050 3005 nolle
1072 2955 1152 3021 suc-

82 3056 256 3140 cumbere,
291 3055 466 3126 movisses
498 3054 641 3126 forsitan
674 3066 709 3126 et
741 3055 912 3128 lacrimas.
956 3056 995 3127 ln
1027 3056 1151 3130 litteris

81 3180 217 3273 quidem
239 3179 308 3251 tuis
327 3200 450 3250 verum
472 3179 568 3249 sensi
592 3179 686 3271 quod
707 3178 902 3252 oratoribus
922 3181 1049 3274 placet,
1071 3184 1151 3275 plus

81 3304 121 3376 ad
139 3301 480 3376 commiserationem
505 3301 725 3375 excitandam
746 3324 849 3395 posse
873 3305 1009 3377 virilem
1034 3304 1152 3398 queri-

6 3424 9 3431 ’
82 3429 226 3498 moniam
260 3446 365 3517 quam
392 3423 561 3497 semineus
586 3425 745 3497 eiulatus.
781 3426 816 3496 Si
845 3428 936 3499 euim
963 3437 1075 3499 status
1100 3425 1150 3497 tui

81 3546 240 3620 duritiem
260 3545 411 3618 molliter
428 3556 575 3639 questus
596 3567 708 3629 esses,
732 3547 761 3618 si
781 3549 929 3620 fortunae
951 3546 1148 3619 violentiam

83 3679 115 3738 ut
132 3691 261 3762 magna
286 3689 367 3761 pars
389 3670 566 3740 hominum
585 3668 799 3741 muliebriter
822 3671 1060 3764 deplorasses‚
1087 3667 1150 3739 do-

82 3791 220 3865 luissem
242 3791 383 3886 utique;
405 3813 486 3863 nam
507 3793 586 3885 quis
607 3815 759 3885 uuquam
781 3792 913 3865 amicus
934 3791 1034 3864 amici
1051 3789 1150 3862 dam·
1175 3785 1178 3791 ’

84 3935 168 3987 num
184 3918 289 3987 laetus
315 3914 472 3987 audivit?
496 3915 595 3986 Nunc
620 3937 706 3988 vero
732 3938 812 3987 oum
838 3924 871 3985 te
897 3914 1035 3986 videam
1059 3912 1150 3984 inter

84 4042 244 4127 procellas
271 4039 501 4111 humanarum
534 4061 666 4122 rer-um,
694 4037 857 4131 quamvis
878 4035 1013 4120 iratum,
1033 4033 1149 4109 ventis

85 4172 228 4235 erectum
251 4174 377 4247 tamen,
408 4184 450 4233 eo
468 4160 528 4233 tibi
545 4161 756 4255 profundiori
775 4159 917 4232 caritate
949 4161 1147 4255 compatior,
