2804 4656
299 325 392 374 LIBER
413 323 940 375 vicusfflusuuumus-ul‘lsuom
962 326 1003 375 vl.
1130 313 1189 378 203

109 494 196 545 vero
215 494 286 566 quo
307 491 362 541 me
382 471 486 540 altius
504 469 674 540 extuleris
697 468 860 539 humilior
880 467 973 555 fiam,
995 489 1109 563 neque
1133 491 1190 541 me

109 616 264 687 unquam
286 590 371 663 tanti
391 590 457 660 viri
478 592 580 662 lavor
600 609 689 660 meae
714 587 923 661 conditionis
949 591 1190 661 immemorem

108 721 221 792 faciet.
243 715 331 786 Olim
349 723 383 784 te
402 714 439 783 in
455 711 634 784 dominum
652 712 820 806 praelegi:
842 712 1047 802 magistrum
1067 721 1101 788 te
1121 733 1192 783 non

109 863 189 912 men
221 839 301 910 lecit
329 834 445 919 lectio,
473 835 537 907 sed
568 834 699 926 ingenii
732 835 783 906 tui
812 836 915 927 vigor
941 845 977 907 et
1009 835 1189 907 industria.

93 963 280 1053 'Deinceps
305 959 411 1052 igitur
434 979 692 1050 quemcumque
717 981 773 1029 me
799 959 915 1029 facito:
944 980 1018 1029 rem
1043 968 1138 1030 tuam
1156 959 1192 1030 in

111 1089 191 1171 alto,
207 1085 265 1155 vel
285 1082 319 1152 in
337 1081 406 1150 imo
424 1101 550 1175 ponere
568 1091 666 1152 tuum
686 1082 800 1152 luerit.
819 1081 933 1152 Meum
951 1090 1006 1152 est
1019 1102 1123 1153 nosse
1137 1103 1193 1153 me

110 1210 243 1302 ipsum,
265 1214 301 1276 et
318 1224 380 1275 res
402 1222 512 1286 meas,
534 1224 647 1295 neque
669 1203 832 1295 cuiquam
852 1203 951 1275 facile
970 1204 1015 1275 de
1036 1225 1092 1274 me
1118 1204 1194 1298 ipso
1254 1261 1256 1264 ι

110 1331 297 1424 plusquam
318 1324 402 1394 mihi
423 1322 582 1408 credere,
600 1346 713 1417 eoque
727 1327 842 1398 minus
861 1326 941 1399 fidei
957 1326 1087 1398 habere
1106 1327 1193 1400 meis

112 1449 274 1526 laudibus
300 1470 370 1541 quo
394 1450 474 1540 plus
500 1470 555 1520 me
582 1449 741 1521 laudator
765 1450 946 1521 amaverit.
968 1450 1120 1522 Gratiam
1143 1459 1195 1522 ta-

111 1596 192 1645 men
214 1571 366 1642 libitam
391 1569 440 1662 pii
465 1569 623 1654 affectus
646 1580 786 1664 tamque
812 1571 957 1643 urbanae
982 1571 1193 1662 dignationis

112 1696 237 1780 habeo,
262 1703 365 1786 teque
390 1694 523 1765 felicem
543 1695 600 1764 tali
618 1695 748 1799 animo,
775 1717 832 1767 me
858 1695 915 1766 tali
938 1694 1066 1765 iudicio
1086 1699 1194 1767 fortu-

113 1830 230 1891 natum
254 1839 343 1889 reor.
365 1817 471 1888 lllulta
494 1838 587 1887 nunc
605 1818 733 1908 cogito,
757 1817 821 1888 sed
845 1817 1024 1909 occupatio
1049 1818 1192 1908 ingens:

114 1951 251 2037 tempus
271 1941 380 2014 breve
399 1949 465 2012 est.
488 1940 530 2011 Et
549 1950 721 2034 praeterea
743 1940 858 2010 multis
882 1961 978 2032 saepe
998 1951 1033 2012 et
1056 1941 1194 2030 magnis

114 2065 159 2138 ad
179 2066 352 2137 Caesarem
374 2061 529 2153 epistolis
556 2061 696 2133 abunde
722 2065 840 2134 oculos
862 2071 941 2133 tuos
962 2073 1194 2154 occupaturus

114 2187 249 2268 videor,
269 2208 310 2257 ac
329 2186 498 2276 linguam,
520 2204 601 2276 quae
627 2184 715 2267 illas,
736 2192 954 2275 utauguror,
971 2185 1079 2255 sacris
1100 2183 1192 2255 auri-

115 2309 181 2382 bus
201 2309 380 2381 invectura
400 2317 465 2378 est.
484 2308 571 2380 Huic
587 2309 720 2378 calamo
736 2308 871 2379 ardenti
889 2316 924 2378 et
936 2308 1084 2400 plurima
1103 2316 1196 2380 sata·

116 2434 220 2526 genti,
248 2432 278 2502 si
301 2433 407 2527 paulo
423 2429 568 2502 liberius
590 2432 698 2501 lraeua
719 2429 956 2513 momorderit,
977 2440 1015 2500 ut
1031 2431 1195 2521 ignoscas

116 2574 248 2647 quaeso.
274 2551 420 2624 Accedit
444 2561 480 2624 et
504 2553 702 2625 Bucolicum
734 2573 875 2625 carmen
901 2551 996 2645 quod
1022 2552 1196 2643 integrum

115 2685 196 2748 aute
217 2685 250 2747 te
272 2676 355 2745 nulli
376 2676 601 2767 permiseram
625 2674 767 2759 hahere,
788 2675 908 2747 videre
925 2685 1039 2747 aulem
1061 2675 1194 2762 multiS,

116 2801 216 2871 cuius
235 2797 503 2889 expositionem,
531 2799 589 2867 vel
609 2798 723 2888 potius
745 2798 998 2891 expositorem,
1027 2809 1065 2870 ut
1092 2798 1196 2870 simul

117 2919 249 2992 habeas
269 2919 392 3003 velim,
412 2917 507 3010 quod
527 2938 596 2988 non
616 2919 713 3010 prius
736 2940 879 3010 sperare
895 2919 1068 3013 incipiam,
1093 2945 1196 3014 quam

115 3043 294 3129 ‚Caesarem
315 3048 473 3111 nostrum
497 3041 587 3111 meis
614 3049 662 3112 tot
687 3041 876 3134 mundique
900 3044 1108 3118 clamoribus
1134 3068 1199 3118 ex-

116 3172 312 3257 perrectum
327 3162 477 3235 audiero.
492 3162 636 3256 Reliqua
653 3186 700 3235 ex
715 3185 769 3248 ec,
789 3165 850 3257 qui
869 3165 930 3243 has
949 3167 1009 3238 tibi
1028 3169 1199 3242 litterulas

118 3285 229 3371 dabit,
252 3276 517 3380 percontabere3
544 3288 697 3359 omnium
713 3297 818 3380 atque
843 3288 1018 3384 inprimis
1040 3314 1199 3366 mearum

119 3430 235 3479 rerum
258 3429 388 3499 gnarus
409 3408 453 3479 ad
475 3417 509 3481 te
522 3409 636 3482 ¹venit.
655 3412 704 3483 De
720 3434 791 3505 quo
811 3410 896 3482 nihil
913 3413 1020 3485 aliud:
1039 3437 1120 3485 nam
1138 3437 1201 3488 uo·

120 3532 166 3604 sti
185 3526 314 3613 omnia,
336 3531 404 3602 nisi
423 3532 519 3624 quod
537 3532 628 3603 inter
645 3556 828 3627 praecones
849 3537 898 3608 tui
923 3537 1086 3621 nominis,
1109 3559 1200 3631 quos

121 3658 248 3727 multos
266 3653 392 3738 hahes,
413 3677 481 3726 non
502 3656 603 3728 facile
623 3657 793 3753 cuiusque
813 3659 912 3733 altior
933 3659 1016 3745 tuba
1031 3671 1096 3732 est.
1116 3661 1201 3733 Vale

121 3777 279 3877 feliciter,
302 3790 459 3850 nostrum
479 3778 597 3853 decus.
804 3762 805 3767 ¹

262 3946 425 4017 Mediolani,
445 3921 508 4004 xli.
525 3950 664 4008 Kalendas
679 3953 792 4026 Aprilis.
