2738 4680
220 329 277 389 tl8
562 344 602 389 nn
623 342 724 389 11111
746 340 967 388 inminuamus

222 488 277 557 tici
298 487 457 578 responsi
474 485 566 555 illius
585 484 630 556 ad
647 484 954 567 adolescentulum,
973 485 1128 576 quicum
1147 486 1305 558 similiter

220 609 348 683 dubius
370 631 410 679 ac
429 615 473 693 tu,
491 630 538 679 ex
552 608 608 679 illo
628 607 829 700 quaesiisset
845 605 938 699 quod
956 630 1003 678 ex
1020 629 1077 678 me
1097 632 1304 704 11101111

223 737 281 819 rie,
305 737 351 807 ait
378 735 554 806 Socrates:
586 740 702 804 utrum
736 753 855 804 eorum
890 731 1031 803 fecisset
1062 734 1304 826 poenitentiam

222 871 378 930 acturum
399 879 501 940 esse3
521 866 555 928 et
572 855 696 928 adiecit
717 875 844 925 causas
861 876 949 946 quas
972 854 1058 926 sileo
1073 883 1080 925 :
1098 866 1191 930 notae
1212 861 1303 930 enim

221 992 312 1052 sunt.
339 981 414 1065 Quo
434 979 526 1053 dicto
552 979 638 1051 satis
658 976 811 1048 ostendit
834 975 919 1069 quid
939 976 983 1047 de
1010 977 1076 1051 hoc
1096 980 1190 1072 quod
1216 980 1306 1052 inter

222 1126 284 1176 nos
304 1106 419 1196 agitur
441 1105 596 1188 sentiret,
619 1102 780 1194 quamvis
803 1099 894 1171 idem
916 1089 1044 1192 magna
1064 1101 1109 1172 de
1129 1114 1228 1208 parte
1249 1127 1304 1175 re-

221 1253 297 1300 rum
324 1229 555 1300 humanarum
577 1226 733 1297 similiter
758 1222 826 1294 dici
848 1223 973 1318 possit,
988 1225 1023 1292 in
1037 1223 1178 1317 quibus,
1202 1228 1303 1320 quid-

220 1353 304 1448 quid
323 1348 441 1444 eligis,¹
458 1350 611 1442 undique
631 1349 730 1420 labor
752 1349 893 1419 taedium
916 1347 1120 1442 periculum.
1141 1348 1213 1420 Nec
1239 1351 1303 1420 mi-

219 1475 353 1547 raberis
382 1475 411 1545 si
438 1473 596 1544 intendas
621 1473 728 1544 vitam
757 1479 922 1556 nostram,
944 1493 1013 1563 111
1038 1479 1216 1566 tantopere
1241 1472 1303 1544 de-

218 1602 400 1681 lectamur,
428 1618 637 1688 quocunque
662 1607 697 1667 te
726 1603 844 1666 vertas
877 1616 946 1665 non
972 1616 1053 1665 esse
1078 1595 1172 1666 aliud
1197 1619 1302 1689 qnam

217 1721 408 1814 periculum
429 1729 464 1791 et
484 1718 627 1790 taedium
645 1729 680 1790 et
701 1716 867 1789 laborem.
886 1717 978 1801 Quid
999 1717 1079 1788 inde
1099 1719 1190 1788 enim
1210 1721 1302 1793 aliud

217 1864 340 1938 speres
361 1865 464 1935 quarn
483 1841 578 1936 quod
598 1841 645 1911 ibi
666 1844 746 1912 est?
763 1839 848 1923 Quis
870 1840 1006 1912 ardenti
1026 1843 1165 1912 fornace
1187 1862 1302 1914 rorem

217 1966 384 2058 gelidum,
419 1967 499 2059 quis
526 1967 613 2036 mari
639 1963 753 2036 medio
777 1963 915 2035 dulcem
941 1966 1087 2049 fontem,
1114 1974 1175 2037 aut
1200 1968 1302 2040 vivas

217 2090 296 2160 altis
319 2089 385 2161 sub
405 2088 547 2160 nivibus
569 2111 700 2182 prunas
722 2091 880 2181 quaerat‘?
899 2089 1126 2180 Unaquaeque
1147 2109 1204 2160 ras
1228 2091 1302 2162 suis

217 2210 422 2284 insedibus
451 2220 508 2282 111
537 2212 741 2304 11111111,
776 2221 811 2283 11
840 2213 870 2282 11
896 2210 977 2282 alibi
1003 2211 1172 2304 quaeritur
1196 2216 1303 2285 altam

215 2355 356 2425 quoque
376 2336 564 2404 frustratur
584 2333 795 2424 indaginem.
819 2336 941 2426 ltaque
961 2356 1041 2405 cum
1062 2312 1095 2404 in
1118 2334 1184 2405 hoc
1203 2337 1303 2408 fusco

218 2457 422 2546 scrupuloso
441 2465 476 2526 et
497 2454 630 2526 lubrico
650 2440 862 2526 vitaecursu
882 2479 946 2527 uec
965 2457 1105 2550 requies
1126 2479 1220 2540 vera,
1238 2481 1304 2530 nec

216 2598 311 2648 mera
336 2577 485 2649 dulcedo
510 2578 639 2670 aliqua,
664 2601 728 2650 nec
753 2589 848 2650 certa
869 2580 979 2673 possit
1004 2602 1085 2652 esse
1113 2580 1300 2667 securitas

215 2699 376 2790 quotiens
403 2701 453 2770 rei
479 2702 674 2794 cuiuspiam
700 2702 911 2795 ambiguitas
937 2715 1013 2776 orta
1039 2705 1117 2789 erit,
1144 2715 1184 2777 ut
1210 2728 1302 2778 nuuc

215 2822 285 2908 tihi,
309 2822 404 2917 saepe
424 2824 517 2911 aliis,
540 2826 633 2897 omni
653 2828 824 2899 fallacium
849 2849 911 2920 spe
932 2828 1071 2913 reiecta,
1095 2828 1207 2900 virtus
1229 2833 1302 2901 sola

215 2946 429 3040 relinquitur.
456 2951 516 3022 llla
541 2948 713 3042 dirigendi
739 2950 969 3042 flectendique
998 2951 1134 3022 consilii
1161 2952 1299 3043 signum

214 3066 319 3154 dabit,
339 3071 384 3141 ad
400 3074 495 3163 quod
512 3075 702 3168 respiciens
720 3098 788 3147 non
806 3074 941 3145 errabis
956 3098 963 3157 3
982 3082 1018 3146 11
1033 3075 1197 3168 quamvis
1214 3078 1301 3148 forte

172 3254 177 3262 .
214 3211 272 3261 res
297 3193 421 3263 effectu
447 3206 578 3280 careat,
605 3200 682 3291 ipse
715 3209 830 3270 tamen
857 3199 994 3271 electivi
1023 3199 1164 3271 babitus
1191 3199 1301 3291 gloria

214 3334 283 3384 non
308 3314 454 3387 carebis.
484 3319 655 3391 Caeterum
683 3322 717 3391 in
744 3324 819 3416 ipsa
841 3324 944 3394 etiarn
971 3323 1106 3395 utilium
1132 3324 1300 3394 electione

213 3437 295 3509 dum
314 3439 399 3530 quid
415 3441 580 3535 expediat
596 3446 765 3537 quaeritur
781 3447 982 3518 difficillima
1000 3447 1216 3518 examinatio
1232 3456 1298 3529 est;

212 3562 307 3653 quod
328 3583 425 3657 saepe
443 3564 502 3637 tibi
523 3589 642 3653 unum,
661 3568 780 3641 domui
797 3580 914 3642 autem
937 3579 1007 3642 tuae
1023 3574 1081 3642 vel
1102 3569 1226 3664 patriae
1242 3571 1300 3640 vel

212 3686 332 3757 amicis
354 3687 459 3772 aliud,
484 3712 590 3761 unum
611 3693 829 3781 patrimonio,
852 3694 947 3766 aliud
967 3697 1085 3779 famae,
1111 3715 1218 3766 uuum
1239 3692 1299 3764 de-

212 3807 401 3894 lectationi,
428 3812 524 3884 aliud
549 3814 741 3886 valetudini
762 3816 927 3910 expediat
952 3839 992 3888 ac
1019 3816 1133 3888 saluti.
1161 3814 1239 3898 Quo
1263 3814 1298 3884 iu

212 3925 306 4001 bivio
327 3934 413 4007 illud
434 3936 693 4009 observandum
714 3960 850 4023 censeo,
870 3949 908 4011 ut
935 3939 1131 4010 communia
1151 3935 1298 4032 privatis

211 4059 246 4118 et
266 4051 396 4125 nobilia
415 4058 627 4150 ignobilibus
652 4065 895 4156 praeferantur.
919 4061 1015 4133 Neve
1035 4061 1167 4132 diutius
1185 4071 1220 4131 te
1237 4082 1298 4131 an-

212 4169 842 4270 1111111(11110111111111111111111,
870 4187 940 4258 huc
966 4207 1040 4257 rem
1068 4186 1178 4258 traho.
1206 4182 1297 4255 Satis
