2934 4650
230 308 288 372 392
706 324 868 374 vlaruuuu
976 350 983 360 -

228 470 296 540 iam
323 477 401 538 ante
428 459 550 538 morbo
583 467 768 562 impeditus
800 467 1031 540 describitur:
1062 471 1177 562 itaque
1203 470 1314 541 facile

227 613 338 684 parva
361 588 491 660 doloris
518 592 674 662 accessio
700 591 899 663 inclinatum
921 591 1073 663 animum
1096 592 1231 663 stravit.
1259 592 1313 663 At

227 714 322 810 quod
345 713 518 806 integrum
547 737 757 808 quemquam
785 715 922 788 subitus
951 715 1050 787 dolor
1080 716 1126 787 de
1157 717 1308 789 alterius

228 850 338 910 morte
356 853 542 932 susceptus
560 838 720 910 moeroris
738 839 867 934 impetu
882 851 917 910 et
933 818 1151 912 lacrimarum
1168 832 1308 913 diluuio

226 960 438 1054 oppresserit
450 970 553 1051 atque
565 960 757 1045 necaverit,
776 959 843 1031 boc
859 973 916 1034 est
929 962 1022 1053 quod
1035 962 1126 1056 apud
1139 973 1307 1035 auctores

227 1082 370 1154 idoneos
384 1084 441 1152 vel
454 1059 524 1152 non
541 1083 620 1172 legi,
638 1083 695 1153 vel
713 1105 768 1154 me
785 1086 912 1176 legisse
929 1107 999 1156 non
1017 1086 1167 1168 memini,
1187 1107 1306 1179 eoque

226 1204 436 1276 insolabilior
457 1205 556 1276 dolor
576 1214 632 1275 est
653 1185 769 1293 meds,
795 1231 864 1300 quo
890 1208 1083 1279 inusitatior
1109 1209 1208 1280 amici
1235 1210 1306 1279 mi-

227 1331 333 1412 seria,
356 1329 414 1420 qui
437 1326 487 1397 sic
508 1328 595 1397 mori
616 1329 725 1398 voluit
745 1351 785 1400 ac
808 1331 934 1422 potuit,
970 1340 1007 1400 ut
1039 1329 1114 1401 sine
1139 1335 1306 1425 exemplo

227 1452 272 1522 sit
303 1471 399 1520 mors
429 1449 505 1542 ipsa
535 1449 750 1520 mortalibus.
778 1451 949 1522 Caeterum
976 1473 1042 1543 ego
1067 1474 1206 1545 quoque
1232 1455 1306 1525 for-

226 1573 331 1644 tassis
351 1572 479 1663 impetu
500 1571 605 1639 animi
626 1582 769 1643 evectus
792 1592 869 1642 sum
896 1573 1033 1664 longius
1056 1574 1303 1665 quamdebui.

225 1699 286 1773 lla,
307 1694 457 1777 veniam,
493 1714 638 1786 quaeso:
679 1716 796 1766 amara
825 1694 908 1764 mibi
940 1695 1086 1767 dulcedo
1117 1707 1152 1767 et
1188 1697 1304 1771 dulcis

44 1807 45 1810 ¹
141 1843 143 1847 ’
224 1820 288 1891 fuit
320 1817 528 1903 amaritud0,
549 1824 631 1889 'cum
653 1818 764 1889 amico
784 1819 851 1889 iam
874 1821 1010 1911 sepulto
1031 1819 1304 1915 quasirespon-

226 1967 308 2017 suro
341 1967 381 2015 ac
414 1952 587 2036 praesente
618 1943 838 2015 contendere.
878 1945 949 2013 lam
981 1943 1119 2014 tandem
1149 1934 1305 2017 detersis

224 2080 411 2160 utcumque
440 2067 549 2138 oculis
579 2067 623 2137 ad
653 2052 685 2137 te
716 2066 837 2152 redeo,
865 2078 968 2158 atque
989 2066 1037 2136 ita
1056 2086 1182 2136 censeo
1208 2064 1303 2137 idern

224 2189 386 2261 omnibus
407 2190 581 2281 agendum
602 2211 681 2261 esse
702 2192 850 2259 fortunae
880 2187 947 2259 sub
972 2187 1117 2281 imperio
1142 2187 1303 2280 degenti-

224 2314 303 2398 bus,
326 2313 420 2406 quod
441 2314 554 2383 solent
575 2313 633 2404 qui
655 2333 752 2382 saeva
773 2321 977 2405 premuntur
997 2290 1203 2408 tyrannide:
1230 2323 1303 2384 lerss

226 2459 307 2528 gum
335 2435 499 2530 patientia
531 2433 751 2505 durandum:
780 2434 831 2504 sic
863 2434 1087 2506 instruendos
1112 2438 1231 2507 oculos
1259 2445 1301 2509 ac

223 2579 356 2639 aures,
375 2556 425 2626 sic
457 2553 657 2627 formandos
687 2558 821 2627 animos
843 2567 881 2628 ut
899 2558 994 2650 quod
1014 2557 1134 2630 vident
1152 2558 1222 2630 n'ou
1237 2560 1301 2628 'vi-

109 2739 112 2753 .
223 2682 339 2762 deant,
361 2677 455 2771 quod
475 2679 621 2749 audiunt
641 2701 709 2751 non
728 2679 884 2765 audiant,
918 2693 953 2752 et
981 2679 1075 2774 quod
1101 2668 1213 2752 sciunt
1238 2705 1301 2754 ne-

223 2803 353 2886 sciaut;
381 2804 486 2872 multa
520 2801 790 2887 dissimulanda,
822 2805 937 2876 omnia
973 2803 1164 2887 toleranda,
1192 2816 1227 2874 et
1258 2816 1300 2876 ut

221 2927 364 2998 Flaccus
397 2925 458 3007 ait,
494 2947 610 2996 amara
643 2927 736 2997 lento
769 2928 842 2998 risu
864 2926 1098 3020 temperanda.
1127 2925 1299 2999 Horribile

221 3053 372 3143 cogitatu
394 3061 461 3134 est,
480 3071 584 3141 quam
607 3049 692 3119 nibil
712 3059 767 3122 est
787 3050 867 3122 mali
887 3051 980 3143 quod
1006 3072 1074 3121 non
1100 3050 1299 3144 impendeat

221 3176 311 3246 hanc
331 3173 439 3243 vitam
461 3172 662 3264 agentibuS,
693 3174 761 3258 cui,
784 3174 850 3244 nisi
882 3176 993 3258 fallor,
1015 3174 1188 3267 optandus
1214 3170 1296 3245 linis

220 3309 316 3372 esset
351 3319 454 3391 quem
493 3307 672 3390 tantopere
709 3297 947 3369 lormidamus.
990 3299 1110 3390 ltaque
1155 3295 1296 3390 sapiens

219 3423 334 3493 omnia
352 3421 493 3513 cogitat,
513 3421 629 3490 omnia
648 3420 834 3514 praevidet,
854 3420 968 3491 omnia
998 3420 1064 3492 scit
1086 3421 1193 3490 multo
1214 3429 1295 3492 aute

219 3565 322 3637 quam
337 3541 435 3626 fiant,
452 3543 658 3613 examinans
679 3563 747 3614 uon
771 3554 902 3616 tantum
924 3563 1003 3637 quae
1024 3555 1171 3615 ventura
1198 3555 1292 3626 sunt,

219 3668 282 3740 sed
304 3687 382 3759 quae
403 3675 550 3758 possunt
569 3665 725 3749 evenire,
751 3675 925 3759 tamquam
947 3687 1026 3759 quae
1051 3667 1192 3738 evenire
1213 3687 1295 3759 pos·

219 3800 301 3862 sunt
330 3810 475 3882 prorsus
502 3811 571 3860 non
600 3787 740 3859 evenire
773 3810 842 3859 non
876 3790 1027 3882 possint,
1054 3799 1090 3860 et
1122 3775 1294 3860 adversus

218 3912 395 4006 possibilia
428 3911 592 4003 quaelibet
626 3933 691 3981 ceu
722 3913 921 3983 necessaria
953 3920 1057 4004 atque
1082 3909 1294 3982 inevitabilia

218 4055 298 4104 sese
325 4042 447 4117 armat,
482 4035 683 4126 pervigilem
710 4018 957 4129 intentumque
976 4035 1010 4106 iu
1035 4033 1195 4106 excubiis
1221 4036 1294 4105 ani-

218 4179 311 4229 mum
335 4166 467 4228 leneus.
490 4157 533 4226 Et
560 4157 636 4228 baec
667 4157 807 4251 quidem
831 4157 981 4251 sapiens.
1005 4157 1080 4249 Ego
1097 4169 1212 4230 autem
1234 4159 1293 4250 qui
