2804 4656
195 300 254 363 ⁹208
369 282 371 285 ’
536 312 577 361 ns
599 311 700 361 nunus
721 310 944 367 ruurummnus

197 470 309 537 seam,
330 461 366 522 et
385 462 522 522 naturae
546 449 714 542 tantisper
740 469 828 521 meae
852 461 888 521 et
912 451 1007 540 aetati
1027 451 1283 523 etlassitudini

196 599 327 648 morem
362 597 492 667 geram.
528 575 660 644 Fessus
685 571 779 643 enim
810 594 926 644 rerum
959 575 1150 665 fessusque
1175 574 1281 645 animi

197 695 291 781 sum,
318 699 448 781 Caesar,
476 698 593 767 tessus
625 696 797 780 omnium,
824 698 1012 788 fessusque
1042 698 1280 788 negotiorum,

195 824 312 893 fessus
336 820 381 892 ad
401 819 597 890 extremum
612 817 694 902 mei,
714 818 988 910 utque-afflictus
1009 818 1064 890 ilie
1084 840 1197 890 senex
1216 819 1281 889 ait:

193 948 388 1034 factiosum
401 943 613 1034 mihimetipsi
630 942 753 1033 prauis.
777 942 821 1012 Et
846 951 884 1012 ut
904 941 1088 1013 verissime
1109 943 1278 1028 dixerim,

195 1069 270 1162 ipse
290 1067 368 1136 sum
395 1066 532 1159 pondus
560 1087 686 1135 meum.
714 1063 921 1156 Sperabam,
951 1074 1001 1135 tot
1021 1065 1214 1157 grandibus
1241 1088 1281 1137 ac

195 1189 376 1284 profundis
402 1171 496 1260 euris
516 1209 563 1258 ex
585 1196 656 1258 toto
682 1187 767 1258 orbe
789 1187 944 1279 quotidie
970 1189 1005 1257 in
1035 1200 1133 1259 tuum
1160 1199 1282 1291 peetus

196 1308 260 1385 ceu
287 1312 486 1382 fluminibus
513 1311 668 1403 undique
694 1312 729 1381 in
755 1311 963 1382 altissimum
985 1312 1160 1404 quoddam
1187 1335 1282 1384 mare

196 1436 399 1517 fluentibus
419 1433 539 1525 exigui
558 1433 706 1504 nominis
722 1435 788 1505 mei
804 1436 902 1505 facile
915 1436 1064 1529 opprimi
1084 1457 1191 1530 posse
1210 1460 1284 1509 me-

198 1561 354 1631 moriam.
376 1556 458 1635 Mihi
485 1577 579 1638 rere,
607 1568 733 1649 praeter
753 1558 937 1650 imperium
959 1567 1069 1645 tuum,
1091 1560 1146 1629 eui
1168 1561 1284 1630 omnia

197 1680 324 1764 debeo,
340 1680 549 1774 uilprorsus
567 1680 744 1771 antiquius
761 1691 816 1751 est
834 1682 968 1772 quiete,
987 1704 1092 1773 quam
1107 1704 1185 1753 oum
1205 1682 1282 1752 nbi-

196 1826 266 1898 que
286 1800 550 1896 semper'anxie
577 1825 597 1872 a
619 1803 729 1897 prima
750 1814 853 1876 aetate
873 1805 1086 1898 quaesierim,
1108 1826 1282 1897 nusquam

197 1928 348 2022 reperio:
374 1926 538 2020 quodque
565 1935 619 1998 est
644 1929 804 2018 gravius,
826 1950 1006 2019 nunquam
1029 1928 1146 2020 spero,
1174 1928 1285 1999 donee

166 2074 167 2077 ¹
197 2050 290 2120 iliam
311 2051 345 2121 in
367 2051 473 2121 huius
499 2051 583 2122 vitae
612 2050 878 2144 tempestatibus
905 2073 1078 2144 quaeram,
1100 2073 1207 2144 quam
1234 2063 1286 2122 ta-

199 2195 277 2244 men
299 2174 410 2267 ipsam
433 2173 652 2267 repertur‘um
674 2195 731 2243 me
752 2173 858 2258 illico,
883 2182 920 2243 ut
940 2171 975 2240 in
994 2194 1058 2242 sua
1078 2173 1160 2243 sede
1175 2172 1284 2264 quaeri

198 2298 351 2389 coeperit,
370 2319 437 2368 nou
455 2296 592 2366 diffido:
616 2295 680 2367 sed
700 2297 793 2365 ittam
815 2295 863 2366 ibi
884 2316 1044 2387 quaerere
1060 2317 1142 2387 quae
1160 2297 1195 2366 iu
1216 2298 1284 2366 alto
1345 2353 1352 2360 .

198 2419 339 2502 habitat,
362 2419 488 2488 animae
511 2437 612 2508 vagae
636 2428 740 2509 atque
761 2418 795 2484 in
816 2417 958 2488 diversa
972 2418 1164 2499 distractae,
1188 2417 1284 2488 insu-

199 2565 261 2635 per
280 2552 315 2611 et
336 2538 547 2632 ponderibus
566 2539 641 2609 suis
659 2559 792 2631 pressae
810 2550 844 2611 et
864 2540 898 2611 in
918 2550 1046 2610 terram
1065 2561 1184 2634 prome
1202 2539 1286 2611 sub·

198 2664 346 2735 difficile.
369 2663 465 2733 Nitor
487 2683 582 2744 sane,
606 2673 641 2733 et
662 2683 757 2756 saepe
779 2663 932 2734 subhac
954 2685 1015 2756 spe
1042 2662 1161 2734 verbis
1181 2663 1285 2734 Davi·
1392 2711 1395 2714 ι

200 2787 288 2858 dieis
305 2807 361 2855 me
375 2785 549 2857 cohortor:
566 2780 763 2855 committere
776 2788 891 2856 auimo
905 2808 977 2856 meu
990 2789 1025 2855 iu
1033 2788 1175 2878 requiem
1184 2799 1282 2869 trram,

201 2910 278 3001 quio
304 2909 461 2979 domiuus
479 2910 633 3002 benefecit
654 2911 725 2993 tibi,
748 2931 813 2980 nec
830 2908 965 2981 viribus
988 2908 1075 2979 fisus
1098 2909 1200 2992 meiS,
1219 2909 1285 2980 eir-

200 3032 502 3124 cumspieiensque
520 3032 686 3103 auxilium
708 3041 912 3117 externum,
934 3042 1064 3102 etcum
1082 3031 1207 3102 eodem
1228 3031 1286 3100 illo

201 3175 286 3244 rege
308 3154 488 3246 suspirans
509 3153 602 3224 dieo:
625 3157 697 3244 quis
714 3154 801 3225 dabit
817 3158 899 3225 miti
913 3177 1044 3247 paunus
1063 3157 1146 3224 sicut
1163 3156 1284 3223 cotum·

204 3279 259 3361 be,
275 3288 305 3346 et
318 3277 433 3344 notabo
451 3286 481 3343 et
496 3279 719 3366 requiescam?
736 3279 803 3349 Sed
819 3277 951 3349 interea
968 3277 1176 3348 laboriosam
1195 3277 1284 3347 bauo

200 3401 357 3495 requiem
372 3423 439 3493 qua
461 3397 565 3470 datur
582 3403 780 3492 amplector,
799 3403 891 3471 ittam
909 3403 1053 3470 alteram
1071 3398 1229 3490 cogitans
1244 3421 1285 3469 ae

202 3523 397 3617 suspirans.
413 3525 534 3615 ltaque
548 3521 622 3607 tibi,
643 3522 699 3593 eui
718 3533 754 3593 ut
771 3525 906 3594 vultum
928 3545 1044 3593 meum
1065 3523 1115 3593 sic
1133 3522 1286 3592 animum

204 3659 321 3720 notum
344 3647 464 3728 veiim,
487 3667 605 3716 meum
634 3645 764 3716 crimen
792 3646 943 3737 ingenue
963 3648 1087 3717 fateor:
1110 3645 1177 3716 etsi
1203 3644 1286 3714 nihil

96 3859 101 3865 „
203 3770 248 3840 sit
267 3771 362 3862 qnod
381 3769 544 3841 libentius
569 3767 706 3838 videam
730 3791 834 3860 quam
858 3778 902 3852 te,
922 3770 1118 3862 praesertim
1141 3768 1170 3838 si
1191 3766 1286 3839 caeli-

203 3904 260 3965 tus
280 3895 400 3965 datum
424 3893 476 3976 sit,
497 3903 533 3962 ut
554 3893 587 3961 in
610 3900 669 3960 tua
691 3890 773 3961 sede
795 3900 829 3961 te
850 3892 999 3974 videam,
1023 3912 1125 3962 nemo
1152 3890 1206 3961 cui
1228 3888 1288 3958 de·
1306 3887 1311 3892 ’

203 4018 319 4088 votius
342 4039 481 4110 paream
498 4038 602 4108 quam
624 4014 702 4100 tibi,
722 4015 918 4107 praesertim
937 4016 965 4085 si
983 4036 1053 4085 non
1067 4015 1101 4082 in
1119 4011 1287 4084 extremis

203 4153 320 4223 terrae,
356 4140 416 4211 sed
442 4140 660 4232 expectantis
687 4148 721 4209 te
747 4138 854 4211 ltaliae
887 4138 1048 4209 claustris
1080 4138 1207 4209 adesse
1235 4156 1288 4204 me
