2992 4664
578 301 731 349 urrsrott
753 302 803 348 rx.
1166 293 1224 353 :tto

146 446 239 541 quod
261 449 294 517 in
315 447 393 517 sinu
415 446 491 517 eius
513 455 590 517 tuos
613 468 740 518 aureos
760 448 980 537 congessisti.
1009 449 1144 531 Quibus
1168 451 1225 521 ille

145 570 264 662 procul
286 565 393 638 dubio
421 588 490 638 non
519 567 654 657 egebat.
689 568 762 638 Nisi
796 568 890 658 quod
922 568 1092 662 quidquid
1125 594 1225 664 mage

147 711 403 782 supervacuum
428 700 483 760 est
515 689 644 761 homini
679 691 913 763 necessarium
946 690 1027 762 fecit
1058 713 1162 764 arens
1191 706 1231 764 et

147 812 322 904 inexpleta
354 810 534 906 cupiditas.
569 811 655 891 Quae
688 813 805 883 nescio
830 835 980 904 quonam
1006 826 1124 907 paeto,
1159 819 1227 886 etsi

146 934 317 1005 latissime
338 955 415 1005 cum
438 931 618 1005 sororibus
647 933 722 1005 suis
744 946 881 1024 regnet,
906 958 1080 1027 nusquam
1113 947 1226 1009 tamen

146 1056 286 1128 omnino
307 1056 385 1146 plus
402 1053 528 1125 virium
550 1053 669 1138 babet,
690 1077 795 1146 quam
823 1055 882 1127 ubi
904 1069 1050 1130 matrem
1072 1059 1225 1131 omnium

147 1177 351 1250 adiutricem
370 1174 550 1247 stultitiam
581 1185 680 1248 nacta
700 1190 765 1248 est.
795 1177 989 1251 Excusavit
1009 1180 1064 1252 ille
1084 1183 1226 1272 quidem

148 1297 331 1369 artificiosa
364 1297 553 1379 dementia,
589 1319 697 1390 seque
727 1310 883 1370 coactum
917 1285 1008 1375 dixit
1032 1303 1228 1376 liberalitati

148 1429 217 1492 tuae
234 1420 439 1514 nequivisse
461 1419 640 1495 resistere:
659 1419 779 1505 credo,
797 1420 943 1514 aedepol,
964 1432 999 1493 et
1017 1432 1051 1493 te
1072 1422 1139 1494 sibi
1156 1424 1227 1495 vim

147 1545 293 1615 amicam
314 1544 484 1615 attulisse.

553 1958 731 2023 EPISTOLA
752 1961 821 2023 Xltl.

257 2090 454 2174 rntucrscus
477 2125 645 2174 rnrntncn
667 2126 788 2174 nouruo
810 2125 969 2176 ranunnsr
991 2129 1018 2176 s..
1038 2131 1066 2179 r.
1089 2132 1118 2179 n.

148 2268 286 2338 Zelotypia
298 2268 470 2324 laborantem
484 2270 612 2325 hortatur
623 2275 654 2324 ul
667 2286 780 2325 omnem
792 2271 978 2342 suspicionem
992 2273 1085 2326 animo
1099 2274 1226 2344 deponat.

247 2513 340 2583 luter
359 2534 522 2584 curarum
541 2535 695 2585 mearum
720 2512 1038 2586 turbulentissimas
1059 2516 1229 2609 procellas

148 2635 359 2725 gratissimae
383 2634 466 2705 mibi
495 2636 751 2729 tranquillitatis
784 2646 922 2730 portum
957 2635 1127 2709 obtulisse
1153 2638 1230 2710 visa

147 2767 204 2829 est
218 2757 407 2849 -praedulcis
427 2761 538 2829 vestri
558 2760 709 2831 mellitlui
731 2758 802 2829 oris
826 2759 985 2852 epistola,
1000 2781 1103 2851 quam
1120 2782 1231 2852 nuper

148 2880 410 2968 elegantissima
428 2881 580 2950 colorum
609 2883 778 2952 varietate
796 2880 1006 2963 distinctam,
1030 2891 1065 2950 et
1082 2880 1229 2975 incredi-

149 2997 209 3068 bili
229 2998 418 3069 verborum
432 2999 576 3072 artificio
593 3001 813 3093 perpolitam,
834 2999 889 3068 bis
907 3009 1028 3090 terque
1045 3002 1230 3092 perlectam

150 3145 229 3194 cum
253 3121 516 3213 occupationum
543 3123 718 3193 variarum
745 3131 934 3214 occupatus
962 3123 1096 3195 sarcina
1123 3124 1231 3218 depo-

149 3267 233 3317 nere
252 3243 456 3336 cogitarem,
473 3245 547 3336 ipse
564 3244 647 3314 mihi
670 3247 765 3338 lepos
787 3246 911 3317 insitus
936 3257 973 3320 ut
992 3249 1113 3320 decies
1132 3249 1230 3320 hlau-

148 3366 277 3437 diendo
298 3369 488 3458 relegerem
508 3366 691 3460 persuasit.
707 3369 744 3438 ln
760 3391 830 3461 qua
846 3370 984 3462 quidem
1002 3370 1086 3441 illud
1104 3393 1228 3463 exper-

150 3499 206 3560 tus
222 3509 321 3575 sum,
345 3490 440 3581 quod
457 3488 501 3560 de
517 3491 679 3582 perlectis
693 3491 910 3584 poematibus
931 3491 998 3562 dici
1012 3494 1113 3574 solet,
1136 3504 1228 3563 ulex

149 3610 313 3681 crebriori
333 3611 463 3682 scilicet
481 3612 625 3683 lectione
648 3611 786 3685 uberior
811 3614 993 3685 delectatio
1021 3615 1228 3707 perveniret.

150 3733 319 3805 Nimirum
342 3736 413 3806 fere
433 3735 565 3819 omnia,
587 3756 667 3827 quae
688 3735 732 3805 de
751 3734 914 3805 ineffabili
938 3735 1066 3805 amoris
1087 3734 1231 3827 imperio

149 3855 328 3926 confusius
355 3857 447 3948 apud
480 3855 694 3927 clarissimos
723 3868 884 3928 auctores
915 3855 1052 3946 magnis
1083 3856 1232 3926 volumi-

150 3974 261 4046 nibus¹
278 3977 518 4071 explicantur,
544 3999 752 4069 omnemque
773 3977 1029 4071 peripateticam
1053 3975 1230 4047 materiam

149 4095 279 4189 inqua
309 4109 423 4192 poetae
456 4100 596 4192 quidam
631 4100 785 4172 illustres
822 4109 953 4169 tautum
990 4100 1156 4191 temporis
1191 4121 1230 4170 ac
