2940 4650
569 307 723 357 uursroua
745 310 806 357 nrx.
1162 298 1217 358 lll

141 445 368 530 diximusac
386 445 568 516 satellitem
591 456 810 540 reputamus
832 449 963 518 omisso
994 449 1038 521 ad
1060 470 1219 542 praesens

141 568 198 639 illu
218 569 322 658 longo
344 587 513 658 processu
541 575 576 638 et
608 566 835 640 confictorum
868 568 1052 641 criminum
1073 593 1218 655 acerve,

142 687 202 758 ubi
224 689 332 758 multa
352 696 387 760 et
403 689 502 758 varia
523 688 559 757 in
579 698 736 760 nostrum
762 710 825 760 seu
844 691 965 762 verius
987 690 1022 760 iu
1048 701 1145 762 tuum
1166 713 1223 763 ca*

144 819 204 900 put
224 809 405 882 mendacia
422 807 647 901 congessisti,
671 812 813 883 omissis
828 812 930 905 nugis
952 822 987 883 et
1007 813 1224 885 tumentibus

144 931 261 1002 verbis
284 932 368 1017 tuis,
388 933 455 1003 hoc
474 935 584 1003 solum
603 933 828 1024 presentium
845 944 965 1006 tenore
986 933 1223 1006 rescribimus.

142 1056 213 1126 Nos
227 1056 316 1126 infra
330 1057 516 1127 terminum
531 1078 636 1148 quem
651 1056 751 1127 nobis
766 1057 811 1127 ad
824 1055 889 1127 hoc
903 1056 1031 1128 diceris
1050 1055 1224 1150 praefixis-

144 1199 193 1260 se,
214 1199 257 1248 ne
279 1176 436 1248 laborare
470 1188 504 1249 te
533 1187 690 1269 oporteat
722 1178 897 1250 veniendo
928 1199 1033 1272 super
1059 1178 1226 1250 Mediola-

144 1321 261 1382 nense,
285 1299 531 1384 Placentinum,
547 1322 610 1370 seu
623 1302 811 1371 Parmense
826 1300 1045 1384 territorium,
1065 1310 1102 1371 ut
1116 1302 1228 1373 mina-

145 1421 209 1505 ris,
231 1421 266 1491 in
287 1420 372 1514 ipsis
390 1421 458 1493 tuis
478 1430 539 1493 aut
561 1432 698 1493 tuorum
725 1420 865 1507 finibus,
892 1424 975 1515 quia
996 1433 1029 1495 te
1051 1444 1120 1494 nou
1139 1424 1226 1495 tanti

143 1541 289 1616 facimus
310 1545 410 1617 ulad
427 1552 550 1617 nutum
572 1557 669 1617 tuum
690 1546 919 1639 personaliter
934 1568 1147 1640 moveamur,
1163 1546 1227 1617 tibi

144 1687 206 1758 per
217 1678 469 1758 ¹procuratores
482 1679 621 1740 nostros
636 1667 792 1752 idoneos,
808 1677 846 1739 ut
861 1689 1054 1762 speramus,
1072 1659 1226 1760 legitime

144 1797 180 1858 et
193 1788 377 1881 magnifice
390 1811 635 1884 responsuros.
649 1790 762 1860 Unum
778 1789 844 1860 hoc
863 1789 1056 1881 praemissis
1072 1789 1226 1861 adnecti-

90 1895 92 1900 ’
144 1933 240 1998 mus,
260 1933 304 1983 ne
326 1912 387 1982 tibi
400 1915 498 1997 forte,
514 1923 552 1992 ut
565 1910 758 1982 vanissima
773 1931 856 2004 spes
870 1912 1066 1995 stultorum,
1083 1910 1126 1981 de
1143 1932 1228 1981 con·

144 2034 285 2105 scientia
308 2032 429 2107 vesani
451 2034 573 2126 capitis
596 2031 798 2116 blandiaris3
828 2044 868 2103 et
888 2033 1054 2125 quoniam
1085 2032 1224 2104 vocaris

142 2156 345 2250 episcopus,
368 2178 448 2226 cum
470 2155 524 2225 vir
546 2156 755 2244 sanguinum
789 2155 850 2237 sis,
887 2152 1029 2246 impune
1055 2155 1172 2225 furere
1191 2163 1227 2225 et

143 2279 313 2353 insultare
334 2299 437 2371 posse
457 2277 601 2350 urbibus
623 2299 664 2347 ac
685 2276 905 2371 populisque
924 2278 1075 2372 impetus
1098 2279 1223 2361 tulerit,

143 2400 314 2477 bonorum
333 2400 432 2487 fines
452 2410 580 2473 statum
593 2412 628 2471 et
643 2401 848 2492 patrimonia
865 2402 1030 2487 lacerare,
1048 2413 1224 2494 postremo

142 2523 275 2616 passim
296 2523 468 2616 quidquid
488 2533 542 2595 est
559 2521 694 2594 libitum
717 2522 846 2593 licitum
861 2543 1000 2625 speres,
1021 2543 1084 2592 nos
1098 2523 1125 2592 si
1144 2543 1224 2601 eum

143 2647 273 2723 nefaria
294 2648 465 2718 latronum
488 2669 598 2743 manu·
613 2645 657 2716 ad
679 2644 894 2737 populandos
921 2633 1225 2735 exterrendosque

144 2767 306 2860 pacificos
326 2769 413 2840 fines
432 2780 570 2841 nostros
590 2767 763 2858 attigeris,
786 2766 815 2836 si
831 2778 863 2836 te
885 2766 918 2835 in
939 2787 1063 2870 manus
1085 2776 1224 2836 nostras

142 2889 293 2961 Fortuna
307 2890 447 2961 iustitiae
461 2891 619 2960 ministra
637 2887 852 2982 perduxerit,
870 2910 936 2957 non
952 2888 1020 2957 alio
1033 2909 1142 2979 quam
1156 2909 1227 2979 qun

144 3008 290 3082 meritus
311 3031 350 3080 es
370 3010 493 3080 famosi
510 3008 655 3081 latronis
674 3030 715 3078 ac
736 3007 935 3083 incendiarii
963 3007 1133 3101 supplicio
1159 3031 1224 3101 pu-

145 3129 290 3202 nituros.
314 3133 412 3204 Vale.

285 3276 355 3332 Data
369 3276 534 3347 Mediolani,
550 3276 698 3333 ute-vult.
712 3277 853 3333 Octobris.

237 3466 315 3532 llum.
332 3494 362 3504 -
379 3467 473 3517 Littera
493 3469 546 3518 llaec
567 3467 671 3517 Galeatii
692 3465 850 3516 Vleecomitis
871 3466 974 3516 nomine
996 3466 1027 3515 ad
1041 3463 1225 3526 elaqueatum

144 3545 294 3609 Episcopum
307 3538 492 3608 augustensem
509 3546 585 3597 mlssa
601 3547 627 3597 ln
645 3547 744 3598 duobus
754 3546 889 3597 codicibus
900 3545 1052 3596 Florentinis
1062 3543 1223 3597 Franclscum

145 3628 285 3681 tetrarcam
298 3633 427 3678 auctorem
438 3627 557 3677 babuisse
571 3627 672 3678 dicitur.
685 3627 761 3677 lllulta
771 3634 854 3676 tamen
871 3626 997 3676 rationum
1019 3630 1144 3675 momenta
1165 3635 1227 3674 con-

144 3707 248 3758 trarium
264 3710 384 3768 suadent,
401 3721 457 3772 quae
473 3708 498 3757 in
515 3708 721 3758 adnotationibus
737 3715 826 3770 quarto
844 3708 870 3756 ln
887 3707 1013 3756 volumine
1030 3702 1167 3767 vulgandis
1192 3703 1227 3752 le

142 3795 198 3838 ctor
212 3788 332 3839 inveniet.
351 3788 425 3838 lllsce
442 3801 491 3840 nou
508 3787 676 3848 obstantlbus‚
697 3788 806 3837 litteram
832 3799 864 3837 ex
881 3786 929 3836 hoc
945 3785 1010 3836 libro
1032 3784 1226 3848 expungendam

142 3868 210 3920 haud
222 3869 353 3930 duximus,
368 3883 401 3920 ne
413 3869 545 3919 sententiae
557 3876 650 3918 nostrae
660 3867 686 3917 iu
700 3879 729 3918 re
741 3866 817 3916 dubia
828 3866 902 3916 nimis
918 3865 1048 3918 confidere
1065 3855 1226 3926 sineremur,

142 3963 206 4000 neve
218 3949 269 4000 nlla
281 3963 312 4001 ex
326 3950 357 4002 iis
368 3963 424 4014 quae
441 3950 515 4011 vulgo
532 3948 628 4000 auctori
644 3954 731 3999 nostro
747 3948 901 4008 tribuuntur,
919 3947 965 3998 bac
975 3948 1001 3997 ln
1017 3947 1114 4010 sylloge
1128 3946 1228 3997 deside·

144 4038 224 4083 retur.
