2804 4656
332 310 424 358 uranu
447 310 769 369 vrcusruusoulnrus.
783 311 986 360 —nrlsroul
1009 313 1049 359 rv.
1167 300 1227 364 265

144 455 252 523 uisse.
275 451 434 524 Accessit
453 464 488 525 el
508 457 596 526 alter
615 454 760 549 poeticae
777 454 847 525 viae
867 455 964 526 dux:
986 456 1033 526 ita
1052 457 1145 529 enim
1168 482 1229 530 ue·

144 574 293 646 cessitas
320 574 498 667 poscebat,
534 587 572 648 ut
605 586 701 648 esset
731 586 766 647 et
797 597 902 668 quem
924 579 1045 649 solutis
1066 588 1102 650 et
1120 602 1225 672 quem

143 697 299 767 lraenatis
326 697 510 788 gressibus
531 708 747 793 praeeuntem
769 717 1016 789 sequeremur,
1046 723 1150 792 quem
1177 702 1229 771 lov

143 827 325 909 quentem,
356 840 461 910 quem
491 829 670 895 canentem
701 818 921 902 miraremur,
952 820 1117 912 quoniam
1147 844 1226 893 cum

141 940 234 1012 bona
253 940 357 1011 venia
378 938 569 1024 amborum,
593 951 717 1012 neuter
742 941 787 1012 ad
813 949 1002 1033 utrumque
1025 942 1113 1014 satis
1135 956 1224 1026 aral,

142 1065 200 1133 ille
220 1063 292 1133 tuis
311 1061 528 1155 aequorihus,
552 1071 589 1133 tu
610 1061 701 1132 illius
727 1063 839 1156 impar
859 1063 1044 1154 angustiis.
1065 1066 1141 1137 Non
1159 1089 1226 1159 ego

141 1185 275 1277 primus
296 1184 363 1255 hoc
382 1183 537 1255 dicerem
561 1185 723 1267 fortasse,
744 1186 907 1276 quamvis
925 1187 1027 1280 plane
1041 1187 1223 1259 sentirem:

140 1305 231 1376 dixit
256 1305 322 1377 boc
348 1316 428 1376 ante
454 1327 525 1391 me,
554 1327 619 1379 seu
651 1304 706 1376 ab·
728 1307 804 1376 aliis
835 1307 1000 1401 scriptum
1031 1307 1121 1379 dixit
1152 1330 1226 1379 ma-

139 1448 232 1518 gnus
251 1427 393 1520 quidem
415 1427 471 1498 vir
489 1427 643 1498 Annaeus
663 1428 795 1499 Seneca
817 1426 1066 1514 Cordubensis,
1094 1428 1151 1500 oui
1176 1440 1222 1514 te,

141 1559 179 1620 ul
200 1549 290 1620 idem
317 1550 392 1640 ipse
418 1548 657 1641 conqueritur,
685 1571 755 1621 non
781 1561 867 1621 aetas
894 1549 1035 1643 quidem
1062 1550 1127 1622 sed
1151 1549 1224 1622 bel-

139 1672 252 1741 lorum
278 1670 432 1742 civilium
468 1672 565 1743 furor
594 1672 731 1763 eripuit.
769 1671 898 1743 Videre
931 1679 965 1742 te
998 1672 1123 1764 potuit,
1159 1672 1224 1745 sed

139 1814 207 1864 non
234 1790 336 1876 vidit,
364 1812 514 1883 magnus
542 1806 659 1865 mmen
679 1815 822 1886 operum
846 1803 985 1864 tuorum
1006 1803 1110 1887 atque
1131 1795 1223 1866 illius

51 1892 52 1900 ἵ
139 1916 285 1989 alterius
308 1915 477 1988 laudator.
498 1915 603 2008 Apud
633 1916 727 1987 hunc
758 1937 843 2006 ergo
874 1915 1025 2008 quisque
1052 1916 1126 1986 suis
1152 1919 1223 1988 elo·
1270 1999 1272 2003 ¹

138 2039 292 2131 quentiae
324 2036 453 2110 finibus
490 2037 775 2129 circumscriptus
813 2037 958 2126 collegae
996 2057 1061 2106 suc
1098 2036 1223 2109 cedere

139 2161 279 2233 iubetur
304 2161 338 2231 in
365 2161 520 2254 reliquis.
549 2161 680 2230 Verum
713 2157 956 2249 expectatione
989 2167 1023 2228 te
1055 2166 1222 2255 torqueo;

137 2284 298 2376 quisnam
340 2284 417 2354 dux
454 2284 511 2353 ille
554 2281 600 2353 sit
635 2259 791 2374 quaeris‘?
828 2278 921 2350 nosti
961 2279 1156 2363 hominem,
1192 2280 1222 2350 si

137 2404 242 2475 modo
259 2404 407 2477 nominis
437 2405 642 2475 meministi:
669 2401 813 2473 Publius
839 2401 1009 2492 Virgilius
1034 2400 1130 2472 llaro
1154 2412 1219 2486 est,

137 2526 346 2598 Mantuanus
372 2528 475 2610 civis,
503 2527 548 2597 de
574 2548 644 2620 quo
664 2524 807 2617 egregie
827 2522 1040 2594 vaticinatus
1061 2544 1111 2594 es.
1135 2523 1220 2594 Cum

136 2648 246 2734 enim,
274 2659 312 2720 ut
341 2650 508 2742 scriptum
533 2648 699 2739 legimus
740 2645 892 2717 iuvenile
929 2644 1105 2737 quoddam
1143 2645 1220 2717 eius

137 2773 342 2865 opusculum
372 2771 535 2853 miratus,
571 2769 805 2861 quaesivisses
842 2778 1032 2853 auctorem,
1069 2790 1220 2861 eumque

136 2895 300 2964 iuvenem
334 2893 401 2962 iam
437 2891 555 2961 senior
592 2891 767 2972 vidisses,
798 2889 990 2961 delectatus
1019 2911 1073 2972 eS,
1103 2901 1138 2961 et
1175 2890 1220 2964 de

136 3013 348 3084 inexhausto
384 3011 591 3104 eloquentiae
618 3023 689 3080 tuae
714 3012 822 3093 fonte,
857 3031 936 3080 cum
970 3011 1110 3103 propria
1142 3012 1216 3104 qui-

136 3136 217 3206 dem
232 3133 334 3205 laude
348 3133 578 3226 permixtum,
601 3152 725 3202 verum
744 3138 858 3201 tamen
880 3132 1164 3225 praeclarumque·
1176 3154 1218 3203 ac

137 3256 360 3349 magnificum
389 3256 436 3326 illi
462 3253 699 3326 testimonium
726 3252 920 3326 reddidisti.
948 3255 1074 3328 Dixisti
1100 3255 1215 3327 enim:

478 3423 582 3503 Magna
600 3440 668 3504 spes
685 3423 777 3487 altera
793 3392 907 3486 Roma,

136 3603 237 3688 Quod
261 3603 392 3675 dictum
426 3624 473 3673 ex
506 3622 567 3673 ore
602 3611 660 3674 luo
694 3599 859 3685 auditum,
888 3596 976 3670 adeo
1002 3597 1068 3670 sibi
1089 3598 1236 3692 placuit·

136 3724 333 3817 inseditque
359 3725 550 3816 memoriae,
580 3734 618 3794 ut
642 3715 726 3794 illud
756 3732 836 3816 post
867 3741 976 3793 annos
1010 3717 1150 3811 viginti,
1182 3728 1215 3791 te

136 3847 270 3941 pridem
308 3846 414 3917 robus
451 3845 613 3917 bumauis
645 3854 823 3938 exempto,
863 3843 982 3915 divino
1019 3842 1113 3934 operi
1151 3862 1216 3913 suo

133 3968 264 4040 eisdem
286 3971 425 4064 penitus
453 3968 570 4041 verbis
590 3969 778 4052 insereret,
804 3964 899 4059 quod
923 3984 1012 4056 opus
1040 3965 1070 4034 si
1096 3963 1216 4035 videre

136 4089 305 4176 licuisset,
329 4094 467 4163 laetatus
489 4112 605 4174 essee,
628 4090 671 4163 de
694 4091 804 4182 primo
831 4087 913 4159 llore
936 4095 1004 4156 lam
1027 4096 1159 4157 certum
1182 4095 1214 4156 lo
