2804 4656
215 322 272 381 18⁹3
554 332 595 380 ΒΕ
617 333 719 381 REBUS
740 332 964 382 rnnlttnnttttts

216 489 367 550 strorum
381 495 505 547 manus
522 476 652 565 exigua
672 498 764 546 nunc
782 473 850 547 sub
870 475 1015 561 Arcton,
1032 500 1124 549 nunc
1145 479 1212 550 sub
1228 480 1313 551 Α6-.

217 611 341 683 strum,
367 621 460 669 nunc
487 598 553 669 sub
580 599 868 683 Orientis‚.nunc
895 600 962 671 sub
990 600 1189 673 Occidentis
1215 605 1297 675 solis

217 734 388 808 extrema,
411 721 631 817 stupentibus
652 732 688 793 et
712 724 867 793 attonitis
890 723 1055 815 gentibus
1077 747 1118 795 ac
1138 726 1295 818 regibus

216 847 373 919 victricia
398 850 466 918 late
493 847 593 937 signa
620 827 845 931 circumtulit,
882 847 939 917 hic
971 849 1130 919 avaritiae
1163 853 1296 920 frenum

219 971 412 1061 stringenS,
435 971 502 1040 illic
523 968 690 1040 tumidam
711 991 875 1064 premens
895 971 1136 1042 insolentiam:
1157 973 1213 1044 hic
1235 974 1299 1044 ira-

219 1094 355 1167 cundiae
387 1095 549 1186 mitigans
584 1104 700 1165 truces
730 1105 861 1179 motuS,
884 1093 952 1164 illic
973 1115 1082 1165 saevae
1102 1093 1235 1167 libidini
1249 1095 1300 1166 iu-

220 1242 303 1311 gum
324 1241 474 1312 ponens:
497 1228 672 1311 postremo
691 1215 821 1310 aliquid
844 1215 987 1288 ubilibet
1012 1237 1150 1310 semper
1176 1238 1297 1309 agens

220 1363 291 1436 quo
312 1340 487 1433 magnifici
513 1340 680 1412 transitus
707 1341 859 1432 gloriosa
886 1340 1034 1432 vestigia
1062 1350 1298 1433 superessent,

221 1475 257 1537 et
276 1464 372 1537 orbis
392 1463 468 1557 ipse
487 1462 703 1558 perdomitus
725 1472 831 1555 caput
851 1474 968 1534 tamen
993 1465 1050 1533 vel
1077 1474 1301 1535 veneraretur

223 1597 415 1683 acceptum,
430 1590 488 1658 vel
501 1587 646 1659 dilatum
662 1587 798 1658 silentio
812 1586 1016 1681 suspiraret.
1027 1587 1119 1670 Quot
1134 1586 1301 1658 maiorum

223 1723 422 1784 nostrorum
452 1730 557 1804 opera
582 1710 745 1781 omnibus
772 1710 876 1780 terris
902 1708 1069 1800 effulgent
1093 1711 1191 1780 velut
1217 1711 1302 1780 coelo

225 1814 347 1928 sparsa
368 1832 508 1904 sidera?
529 1832 620 1915 Quot
637 1832 771 1903 mirifici
788 1835 912 1903 actus?
932 1833 1024 1916 Quot
1048 1835 1210 1926 exempla
1233 1833 1304 1903 vir-

225 1959 362 2028 tutum?
387 1957 562 2039 Quantum
591 1975 732 2037 nomen,
764 1962 894 2046 quanta
926 1953 1093 2023 memoria
1127 1964 1304 2043 gestarum

227 2081 365 2150 rerum‘?
385 2078 477 2161 Quot
497 2098 560 2169 per
585 2075 705 2148 orbem
734 2074 862 2147 urbes?
887 2054 1104 2166 Quantaeque
1138 2077 1306 2146 coloniae‘l

227 2202 319 2286 Quot
338 2201 494 2292 trophaea
515 2199 661 2269 minacia
688 2197 851 2268 horrifico
877 2219 1051 2269 marmore
1077 2197 1179 2268 victis
1207 2197 1305 2269 terris

227 2324 395 2397 extantia:
409 2321 489 2415 quis
502 2331 627 2393 cuncta
638 2320 852 2403 dinumeret,
868 2341 948 2412 quae
964 2320 1115 2391 mundus
1130 2321 1216 2412 ipse,
1230 2321 1308 2391 licet

229 2447 374 2527 invitus,
410 2445 514 2515 sentit
549 2443 807 2534 indignansque
837 2443 1065 2514 recordatur?
1094 2441 1185 2524 Quid
1219 2464 1308 2513 nunc

229 2567 336 2657 igitur
355 2567 406 2636 rei
421 2569 496 2636 esl‘?
516 2566 607 2649 Quid
627 2564 817 2657 quaeritur?
841 2565 932 2648 Quid
952 2565 1124 2637 delleam‘l
1144 2565 1236 2649 Quid
1254 2587 1311 2637 ac·

231 2691 375 2759 cusem?
394 2689 446 2758 En
468 2709 578 2781 parva
598 2686 804 2783 praedonum
826 2710 950 2760 manus
975 2711 1022 2760 ex
1049 2690 1141 2760 mille
1166 2691 1310 2760 collecta

232 2809 422 2882 fornicibus
443 2821 612 2882 terrarum
633 2811 787 2882 omnium
808 2810 983 2883 dominam
1005 2823 1110 2905 atque
1131 2811 1309 2915 victricem

232 2934 361 3006 ltaliam
382 2945 617 3028 pervagatum
639 2944 674 3003 et
694 2932 950 3026 provinciarum
975 2934 1128 3005 omnium
1155 2934 1309 3024 reginam

235 3056 302 3127 sibi
335 3068 415 3126 ante
445 3055 530 3126 alias
561 3056 758 3147 provincias
793 3053 1006 3150 depoposcit.
1040 3057 1115 3127 Heu
1150 3057 1310 3149 quisnam

234 3180 392 3250 consulet
407 3176 532 3270 pudori
552 3188 683 3261 nostro,
701 3178 843 3269 quando
864 3178 930 3248 iam
956 3178 1001 3249 de
1027 3181 1140 3250 salute
1159 3179 1312 3269 cogitare

237 3325 353 3376 serum
372 3305 447 3374 est‘?
468 3300 552 3383 Quis
573 3299 728 3370 vultibus
746 3303 877 3372 nostris
897 3304 1013 3373 velum
1027 3299 1312 3374 dissimulationis

237 3440 298 3500 aut
320 3425 525 3519 ignorantiae
549 3423 757 3518 praetendet,
788 3426 929 3518 quando
955 3449 1024 3497 non
1049 3425 1190 3519 estqui
1214 3425 1312 3496 malis

238 3545 367 3625 nostris
388 3550 558 3623 auxilium
578 3547 688 3619 ferat?
708 3550 827 3621 Liceat
847 3554 969 3622 saltem
990 3552 1049 3622 vel
1071 3549 1209 3621 nescire
1234 3569 1313 3643 quae

238 3676 404 3770 patimur,
420 3675 479 3744 vel
491 3672 702 3743 foedissimas
718 3671 897 3745 cicatrices
915 3685 1112 3745 nostrorum
1131 3676 1315 3744 vulnerum

212 3776 213 3779 Ἴ
239 3818 307 3868 606
329 3790 461 3867 videre.
481 3792 646 3867 Volebam
668 3806 699 3865 te
716 3815 818 3864 orare
836 3796 1048 3889 suppliciter,
1068 3797 1163 3866 ovir
1179 3797 1315 3887 ingens,

240 3942 342 4013 quem
363 3919 542 3991 nominare
563 3940 631 3989 non
654 3916 780 4002 audeo,
803 3930 842 3990 ut
863 3920 962 3992 nobis
989 3920 1170 3992 dexteram
1198 3920 1315 4001 dares,

241 4042 335 4134 quod
355 4053 390 4113 et
411 4063 514 4134 posse
534 4024 727 4126 videbaris,
749 4050 784 4112 et
803 4066 908 4135 quam
931 4043 1083 4116 maxime
1105 4052 1203 4114 tuum
1227 4054 1316 4114 erat:

242 4162 318 4248 sed,
344 4174 382 4234 ut
407 4162 521 4249 video,
552 4183 697 4256 prorsus
724 4160 952 4238 obsurduisti.
980 4167 1100 4260 ltaque
1133 4163 1318 4261 postquam
1389 4150 1392 4156 ’
