2934 4650
210 300 269 362 tat
674 307 836 359 vnnrnuun

211 459 290 530 dem
318 458 517 539 continuas,
554 457 619 528 sed
648 477 728 528 cum
762 456 798 526 in
827 440 886 526 illo
913 454 1082 546 temporis
1111 457 1238 547 spatio
1264 466 1315 525 ter
1406 518 1408 523 .

211 589 272 652 aut
297 591 420 673 quater
446 579 768 672 expergisceretur,
804 577 834 647 si
865 576 1101 669 interruptum
1139 598 1312 647 somnum

211 718 429 797 recuperare,
450 711 488 772 ut
505 700 631 784 evenit,
659 722 729 772 non
755 708 887 793 posset,
909 699 1102 771 lectoribus
1125 701 1189 772 vel
1213 696 1311 769 tabu-

159 910 163 917 ,
214 824 383 903 latoribus
409 823 590 897 accersitis
624 831 789 894 uteretur.
816 822 865 894 De
890 821 1014 894 eodem
1042 821 1177 912 legitur
1212 821 1309 914 quod

211 961 280 1021 tam
304 969 429 1043 pareus
451 947 620 1041 temporis
641 947 861 1040 dispensator
881 947 984 1017 luerit
1010 956 1048 1016 ut
1072 945 1170 1016 inter
1188 967 1308 1016 come-

208 1069 365 1142 dendum
398 1064 660 1160 bibendumque
685 1069 818 1158 legeret
842 1076 902 1138 aut
927 1065 1107 1138 scriberet.
1136 1065 1218 1136 Tibi
1244 1089 1307 1138 au·

211 1201 281 1261 tem
302 1191 338 1260 in
359 1190 425 1260 hoc
447 1190 622 1283 praecipue
648 1210 765 1261 rerum
792 1198 885 1261 statu
910 1189 996 1281 quid
1019 1188 1216 1280 legendum
1244 1212 1305 1260 au-

210 1312 424 1384 diendumve
438 1312 484 1382 sit
496 1313 613 1404 potius
625 1333 731 1403 quam
749 1313 920 1383 maiorum
937 1324 1075 1384 tuorum
1095 1333 1159 1382 res
1179 1321 1302 1402 gestae,

211 1445 246 1504 et
264 1453 413 1524 quorum
437 1433 530 1502 nulla
552 1431 760 1503 abundatior
787 1432 871 1502 urbs
902 1435 981 1502 est‘l
1006 1432 1129 1502 Omnis
1159 1433 1303 1504 virtutis

210 1541 524 1645 exempla'habes
559 1554 762 1626 domestica.
801 1556 846 1624 Et
879 1577 963 1626 sane
1000 1555 1036 1624 in
1073 1554 1167 1625 libro
1210 1557 1302 1627 illius

212 1675 534 1748 Censorii-Catonis
569 1677 666 1748 senis
697 1677 847 1769 legimus
873 1678 992 1748 solitos
1018 1697 1147 1748 canere
1176 1679 1225 1749 ad
1250 1690 1305 1751 tu·

209 1800 312 1872 bicen
340 1801 385 1873 de
411 1803 586 1874 clarorum
614 1802 792 1873 hominum
821 1800 1018 1873 virtutibus.
1041 1800 1080 1870 ld
1101 1822 1174 1871 non
1198 1801 1304 1892 exigo

213 1923 388 2018 (quamvis
409 1935 445 1996 et
464 1925 530 1995 hoc
550 1924 726 1997 interdum
748 1924 936 1996 scintillare
953 1923 1087 1995 animos
1105 1935 1142 1994 et
1159 1925 1209 1995 ad
1228 1924 1305 1995 irni-

211 2044 318 2117 tanda
350 2047 585 2118 exardescere
606 2046 742 2134 faeiatlz
775 2045 859 2116 mihi
892 2056 1008 2118 autem
1042 2045 1131 2116 satis
1165 2048 1247 2130 erit,
1276 2047 1304 2118 si

209 2189 326 2240 coram
349 2177 383 2240 te
402 2169 526 2240 erebro
553 2168 697 2240 Romani
723 2170 867 2240 annales
892 2175 929 2240 et
955 2167 1113 2238 historiae
1140 2172 1305 2264 relegan-

210 2300 277 2363 tur.
298 2293 343 2362 Et
369 2303 484 2363 tecum
511 2292 654 2384 quidem
680 2292 862 2363 haetenus.
1203 2292 1205 2295 ’

308 2416 380 2485 Vos
392 2436 478 2484 vero
489 2435 580 2484 nunc
593 2414 743 2505 primurn
758 2413 833 2486 veri
848 2415 954 2494 cives
970 2403 1191 2482 huncvirum
1208 2417 1305 2486 ooeli-

210 2550 267 2610 tus
280 2535 381 2606 vobis
396 2535 542 2605 missum
557 2534 702 2617 credite,
718 2535 811 2606 hunc
824 2546 990 2606 utrarum
1006 2533 1068 2603 Dei
1087 2555 1225 2606 munus
1245 2559 1303 2608 co-

209 2661 283 2742 lite,
306 2679 371 2750 pro
392 2660 503 2728 salute
529 2658 605 2728 eius
622 2659 759 2728 animas
777 2668 915 2728 vestras
933 2655 1108 2748 exponite.
1132 2657 1253 2729 Licuit
1271 2670 1306 2730 et

210 2777 276 2851 sibi
288 2802 367 2851 cum
382 2779 526 2870 reliquis
542 2780 576 2849 in
590 2779 734 2850 servitio
748 2779 1131 2872 degere,et,quodtan1
1148 2803 1304 2873 magnus

209 2904 359 2996 populus
381 2914 502 2994 sponte
520 2901 690 2988 subierat,
706 2903 824 2993 iugum
843 2903 926 2994 pati:
949 2901 1059 2986 licuit,
1083 2901 1113 2971 si
1134 2901 1172 2973 id
1193 2907 1304 2976 mole-

210 3034 301 3095 stum
316 3023 505 3107 videretur,
526 3026 644 3117 procul
662 3047 682 3096 a
700 3036 887 3117 conspectu
909 3023 1113 3096 miserrimae
1132 3026 1237 3098 urbis
1254 3031 1305 3098 et-

208 3146 393 3235 ingereet,
403 3145 496 3238 quod
509 3149 680 3240 quosdam
696 3169 853 3220 sunnnos
867 3148 963 3219 viros
978 3148 1104 3219 fecisse
1117 3150 1301 3236 novimus,

210 3278 402 3358 spontaneo
422 3268 529 3338 exilio
555 3293 659 3342 suum
684 3282 789 3362 caput
812 3269 1031 3342 contumeliis
1057 3271 1211 3363 eripere.
1235 3277 1304 3348 Re·

210 3389 317 3460 traxit
341 3411 422 3460 eum
449 3393 545 3462 solus
571 3413 667 3463 antor
694 3392 827 3484 patriae,
855 3415 959 3486 quam
981 3415 1061 3464 cum
1084 3393 1118 3461 in
1141 3417 1187 3466 eo
1206 3407 1302 3470 statu

208 3513 374 3583 deserere
400 3513 620 3603 saerilegium
648 3523 796 3606 putaret,
827 3507 867 3586 'in
900 3516 967 3587 hac
999 3513 1065 3586 sibi
1099 3515 1303 3592 vivendum

208 3655 303 3716 esse,
330 3658 391 3727 pro
412 3635 478 3705 hac
498 3636 715 3706 moriendum
744 3641 864 3710 statuit
888 3640 1047 3709 fortunas
1067 3651 1214 3713 vestras
1238 3644 1305 3713 mi-

209 3763 358 3825 seratus.
383 3757 422 3826 ln
447 3779 552 3850 quem
579 3757 790 3850 praecipitem
817 3762 929 3833 locum
956 3761 1105 3845 venerit,
1141 3764 1303 3836 videtis:

209 3898 310 3968 opem
337 3880 422 3949 ferte
448 3902 493 3951 ne
518 3889 679 3951 corruat:
698 3883 857 3973 cogitate,
885 3904 1016 3976 quaeso,
1036 3885 1207 3976 quotiens
1234 3911 1304 3962 vos

209 3995 362 4086 periculo
388 4000 509 4071 mortis
542 4023 605 4093 pro
640 4003 795 4095 tyrannis
824 4001 1086 4096 superbissimis
1113 4015 1151 4077 et
1179 4009 1307 4102 ingra-

210 4113 356 4190 tissimis
382 4120 567 4221 obtulistis,
588 4121 671 4193 dum
690 4125 781 4194 terro
803 4123 1039 4196 decerneretis
1060 4147 1132 4197 non
1161 4130 1214 4202 uti
1247 4155 1307 4205 res
