2738 4680
93 387 95 390 ,
188 318 245 378 lul
343 335 347 357 ³
521 329 568 376 ruu
590 328 691 377 uncus
713 326 936 376 Fttlltllltlhus

186 475 382 557 emerserit,
405 470 652 564 quodmutare
673 471 880 542 sententiam
899 483 1018 563 cogat:
1036 472 1130 564 quod
1152 483 1272 545 nostra

159 584 290 673 *atate
315 595 555 688 quotidianum
580 593 668 665 adeo
693 606 760 678 est,
786 607 822 664 ut
848 594 1040 665 Psalmistae
1070 597 1106 664 in
1136 617 1273 666 caucasea

176 718 253 792 suo
277 719 406 802 dictum
445 719 550 786 omnis
581 717 676 785 bomo
701 717 850 788 mendum
876 738 1055 810 uunquam
1081 717 1168 789 alias
1202 730 1270 790 tam

189 853 322 914 certum
341 852 480 933 tamque
496 848 709 931 compertum
731 841 856 922 lucrit3
875 841 1034 934 interque
1056 850 1106 911 tut
1125 842 1272 912 menda-

188 986 262 1047 ces,
290 963 376 1058 quid
388 964 510 1056 paucis
528 985 614 1034 uera
633 962 856 1054 loquentibus
883 963 980 1034 credi
1010 962 1120 1056 possit
1142 963 1275 1034 subdil-

189 1087 289 1159 licilis
308 1086 505 1158 coniectura
524 1084 580 1154 sit.
601 1083 728 1155 Fecisti
749 1085 856 1176 igitur
876 1087 1028 1176 ingenue
1048 1088 1142 1179 quod
1163 1087 1274 1158 amico

188 1208 292 1282 fidem
320 1207 483 1278 habueris
506 1229 573 1277 non
595 1206 734 1277 fallenti.
756 1207 888 1300 Nempe
911 1208 941 1276 si
962 1207 1089 1299 indigis
1112 1208 1273 1280 manibus

188 1353 325 1403 vacuus
342 1343 375 1401 et
395 1329 507 1399 inanis
525 1328 696 1411 inveniar,
712 1330 854 1414 durum3
875 1332 938 1401 sed
956 1327 1006 1401 si‘c
1024 1340 1090 1414 est,
1105 1341 1141 1401 et
1161 1333 1274 1402 leren-

190 1456 273 1526 dum
288 1452 381 1546 quod
397 1453 523 1522 mutari
542 1451 670 1544 nequit.
686 1453 730 1522 Ut
746 1452 837 1522 enim
856 1474 893 1522 re
912 1452 1065 1544 intelligo
1082 1453 1189 1524 nihilo
1203 1474 1275 1522 me-

190 1577 255 1646 lior
274 1576 510 1653 oeconomicus
532 1597 636 1668 quam
655 1573 813 1668 politicus
835 1596 925 1644 sum.
944 1575 1068 1664 Omnia
1085 1575 1162 1647 haec
1183 1595 1274 1659 unus

191 1698 387 1781 solitudinis
414 1720 454 1769 ac
480 1699 670 1769 litterarum
697 1721 796 1769 amor
825 1698 982 1784 abstulit,
1010 1721 1075 1769 nec
1108 1698 1274 1791 deinceps

190 1822 348 1892 mutandi
369 1821 527 1893 habitum
549 1842 629 1914 spes
651 1831 714 1892 est.
738 1821 826 1892 Nam
842 1821 910 1890 etsi
928 1843 1068 1916 semper
1088 1820 1219 1914 aliquid
1241 1821 1273 1890 in

191 1945 267 2016 dies
287 1944 423 2016 discere
448 1922 584 2025 moliar,
612 1953 723 2014 artem
752 1955 867 2014 tamen
893 1965 1039 2035 prorsus
1065 1943 1275 2034 incognitam

191 2068 334 2161 aggredi
351 2090 469 2138 serum
487 2077 550 2138 est.
570 2066 635 2137 Eat
651 2089 735 2158 ergo
754 2087 809 2136 res
827 2065 1007 2136 familiaris
1027 2076 1064 2135 ut
1083 2064 1180 2149 libet,
1201 2065 1276 2136 sive

192 2203 232 2279 ut
256 2179 383 2285 potest*
401 2189 511 2261 modo
536 2211 603 2281 ego
630 2193 762 2280 integer
791 2189 907 2279 nudus
937 2189 1098 2275 evadam.
1125 2189 1276 2280 Peregre

192 2313 332 2391 rediens
357 2312 604 2403 Anaxagoras,
633 2313 860 2404 desertasque
890 2312 1109 2406 conspiciens
1133 2331 1278 2406 posses

192 2439 310 2517 siones
332 2455 431 2518 suas,
452 2433 539 2504 nihil
557 2433 684 2505 damno
707 2446 839 2505 mutus:
862 2433 939 2525 Non
961 2456 1061 2525 essem
1082 2434 1193 2528 inq-uit
1212 2437 1277 2504 sul-

192 2583 254 2628 uus
271 2578 342 2646 epu,
365 2557 516 2626 uisitata
532 2557 718 2648 periissent.
737 2557 992 2650 philosophice,
1011 2558 1180 2649 graviter,
1203 2578 1276 2630 ma-

193 2677 329 2771 gnifice.
343 2675 434 2760 Quid
452 2687 567 2747 autem
586 2681 692 2749 refert
709 2701 812 2772 quam
832 2701 940 2774 prope
955 2700 1017 2750 seu
1032 2701 1136 2771 qnam
1158 2680 1277 2772 procul

117 2793 118 2797 ’
193 2802 277 2884 sim,
299 2799 381 2870 dum
409 2821 486 2871 mea
510 2799 720 2894 diripiuntur
737 2823 777 2872 ac
802 2805 971 2896 pereunt?
992 2800 1184 2896 lmproprie
1201 2801 1279 2893 qui-

194 2925 274 2996 dem
292 2945 357 2994 uec
371 2934 426 2993 sat
438 2924 580 2995 Bianteo
597 2944 693 2995 more
708 2935 761 2995 me
777 2927 927 2996 locutum
947 2926 1072 3010 fateor,
1089 2932 1165 2995 mea
1184 2921 1276 2994 enim

193 3070 259 3119 uec
278 3046 381 3138 diripi
402 3054 549 3139 possunt
568 3068 632 3118 uec
650 3048 772 3140 perire.
792 3048 859 3119 Sed
883 3069 959 3118 mea
976 3047 1050 3118 dixi
1067 3067 1148 3140 quae
1168 3048 1276 3117 sortu-

92 3231 99 3238 .
194 3191 250 3241 nae
266 3180 359 3251 suut,
379 3168 475 3259 vulgi
489 3171 605 3263 potius
618 3191 771 3242 errorem
787 3170 1022 3264 iuloquend0,
1037 3192 1141 3262 quam
1161 3191 1276 3240 meum

195 3301 290 3363 uerte
310 3287 474 3359 indicium
498 3298 655 3360 secutus:
673 3292 820 3382 vulgare
839 3293 1009 3364 sermonis
1027 3294 1165 3368 malum.
1186 3290 1278 3375 Quid

195 3416 335 3506 iuquam
355 3414 460 3483 relert
479 3414 562 3484 dum
590 3414 666 3485 haec
690 3422 838 3505 pereunt
863 3413 1003 3484 ubinam
1031 3414 1112 3495 sim,
1136 3414 1165 3482 si
1189 3413 1279 3484 inter

195 3543 310 3634 ipsum
329 3538 470 3620 thalami
490 3538 559 3610 mei
581 3540 702 3621 limen,
726 3541 775 3609 sic
796 3537 841 3609 ab
861 3537 954 3610 omni
981 3536 1139 3611 custodia
1160 3558 1277 3607 rerum

196 3661 414 3758 pereuntium
436 3661 642 3755 peregrinor
665 3663 765 3753 quasi
788 3674 889 3733 trans
908 3662 1039 3732 ludiam
1066 3669 1280 3732 extremam-

197 3808 266 3878 que
280 3783 544 3878 Thaprobauem
558 3783 771 3855 habitarem?
781 3777 877 3858 Hane
887 3787 1102 3859 occasionem
1116 3784 1207 3855 nacti
1221 3770 1280 3877 utri

197 3908 361 3978 dicuutur
382 3887 492 3989 servi,
516 3928 592 3977 cum
617 3905 686 3977 siut
703 3885 826 3977 hostes
848 3907 1040 4000 asperrimi,
1068 3917 1103 3976 et
1124 3907 1199 3978 suis
1226 3905 1280 3976 usi

195 4029 389 4114 fraudibus
410 4040 446 4100 et
465 4030 626 4103 facilitate
646 4051 723 4100 mea
743 4029 862 4115 abusi,
890 4030 992 4124 impie
1021 4041 1124 4122 atque
1150 4028 1281 4100 nefarie

197 4173 239 4223 eo
256 4173 312 4223 me
331 4156 406 4222 non
419 4152 622 4228 sentientem
646 4150 821 4242 redegere,
844 4161 884 4224 ut·
895 4162 1123 4247 experrectus
1145 4150 1280 4243 pericu-
