2940 4650
397 609 457 685 tu
490 606 676 689 AMICUM
708 605 968 687 LECTOREM.

652 894 725 921 ,ea-.-

164 1540 168 1550 ,
254 1453 467 1533 Memineris
497 1452 669 1546 sortasse,
702 1452 836 1546 lector,
869 1452 1012 1530 dictum
1045 1452 1083 1528 in
1109 1452 1228 1530 Prole·

148 1585 317 1686 gomenis
346 1583 437 1689 (Vol.
465 1584 492 1660 l.
516 1607 601 1688 pag.
629 1581 715 1675 XX)
753 1582 906 1662 haesisse
930 1607 990 1660 me
1020 1606 1069 1660 an
1097 1583 1227 1663 litteris

147 1716 251 1794 hisce
277 1723 383 1793 notas
406 1715 821 1816 animadversionesque
842 1715 1115 1808 subnecterem,
1140 1739 1227 1817 quae

146 1844 972 1939 earumdemdiem,occasionemetmateriem
982 1845 1226 1940 declarantes,

146 2000 195 2055 ex
213 1975 328 2082 ipsius
341 1976 526 2055 Petrarcae
539 1975 663 2054 verbis
681 1975 900 2081 deprompta
919 1976 1149 2057 validissima
1170 2004 1228 2056 ar-

146 2119 327 2210 gumenta
342 2107 791 2213 suppeditarent-quibus
811 2118 849 2186 et
863 2108 983 2187 civilis
1005 2109 1175 2202 historia,
1191 2120 1229 2186 et

146 2237 339 2331 litteraria,
364 2247 401 2315 et
423 2235 796 2341 praeclarissimorum
819 2236 899 2315 eius
917 2237 1039 2316 aetatis
1061 2237 1229 2316 virorum

147 2367 237 2447 vitae
264 2390 397 2469 resque
423 2376 541 2468 gestae
563 2368 857 2446 illustrarentur:
888 2391 928 2445 re
949 2379 1077 2446 tamen
1105 2378 1226 2446 matu·

149 2521 190 2575 re
218 2520 418 2602 perpensa,
448 2521 559 2577 omne
592 2508 764 2578 notarum
797 2510 835 2576 et
861 2498 1228 2578 animadversionum

147 2651 240 2730 opus
274 2627 414 2708 ltalioae
443 2629 683 2733 epistolarum
711 2629 914 2708 traslationi
944 2629 1227 2730 adiungendum

147 2780 367 2837 reservasse.

255 2886 296 2964 ld
313 2887 457 2966 scilicet
471 2911 546 2966 non
557 2888 627 2965 alia
642 2888 688 2967 de
710 2911 822 2967 causa
842 2889 933 2965 milri
950 2912 1227 2993 proposueram,

147 3018 217 3097 nisi
235 3019 335 3120 quod
355 3019 414 3096 vel
428 3041 568 3124 paucos
588 3018 684 3098 intra
704 3042 869 3114 menses,
889 3021 948 3098 vel
965 3031 1068 3101 certe
1083 3046 1157 3101 non
1172 3045 1229 3099 se·

146 3149 224 3229 rius
246 3151 391 3229 duobus
411 3149 518 3232 annis
537 3152 637 3231 hanc
660 3152 901 3256 epistolarum
924 3153 1126 3232 editionem
1145 3176 1228 3256 per·

147 3281 287 3360 lectum
308 3282 352 3358 iri
372 3283 633 3378 autumabam,
657 3309 750 3387 quos
769 3309 886 3387 quum
907 3285 1034 3364 formis
1054 3296 1228 3390 typogre-
1304 3331 1311 3339 ·

145 3411 266 3514 phiois
279 3413 593 3514 recognoscendis
606 3424 643 3493 et
655 3416 910 3509 emendandis,
922 3425 1001 3494 tum
1017 3416 1154 3496 italicae
1171 3417 1228 3493 in-

146 3540 397 3645 terpretationi
411 3566 526 3644 quam
540 3542 734 3622 simuluna
748 3545 979 3652 vulgandam
994 3547 1227 3651 typographo

144 3669 284 3749 iamdiu
301 3672 536 3768 tradideram,
551 3674 821 3779 perpoliendae,
833 3676 898 3753 vix
911 3679 1132 3756 suffecturos
1146 3677 1226 3755 exi-

144 3799 305 3879 stimavi.
321 3802 446 3894 Quum
460 3827 549 3882 vero
563 3804 663 3883 eliud
678 3807 891 3911 expectanti
908 3807 998 3885 mihi
1015 3818 1146 3887 contra
1161 3830 1226 3885 vo-

146 3939 224 4008 tum
243 3933 424 4030 evenerit,
445 3945 483 4013 et
495 3935 660 4038 quinque
677 3961 772 4041 pene
790 3962 974 4017 annorum
993 3939 1156 4044 spatium
1176 3964 1224 4018 ex

143 4084 218 4159 quo
237 4085 329 4164 opus
354 4063 499 4165 vulgari
524 4065 713 4171 inceptum
736 4077 793 4148 est
814 4070 998 4149 hactonus
1021 4070 1222 4163 effluxerit,

268 4201 306 4240 ιιι.
1042 4199 1072 4249 35
1195 4240 1199 4248 ,
