2992 4664
602 328 755 376 urrsroun
778 329 862 376 run.
1212 315 1271 377 ata

191 479 382 549 incolumes
407 476 443 545 in
464 485 557 547 statu
578 497 747 568 prospero
769 475 942 548 custodiat
969 499 1009 548 ac
1043 481 1186 550 soletur.
1206 479 1271 549 Pa-

189 601 271 673 duae
286 599 329 669 X.
345 596 504 670 Octobris
518 620 596 669 cum
614 597 733 670 labore
747 597 931 690 scriptal.
946 599 980 668 P.
1001 609 1121 671 vester
1137 621 1272 673 recom-

190 720 459 794 mendationem.

690 909 768 918 ο--ι-

597 1139 773 1204 EPISTOLA
795 1141 865 1204 XlX.

314 1310 508 1361 FRANCISCUS
530 1309 699 1359 Paresaca
720 1309 820 1360 Monte
841 1312 1001 1361 PARMENSl
1023 1313 1048 1362 S.
1072 1315 1099 1362 Ρ.
1122 1315 1152 1362 D.

210 1457 355 1513 Demortui
370 1457 472 1512 Azouis
487 1455 522 1511 de
538 1455 662 1526 Corrigio
677 1454 842 1510 memoriam
858 1455 910 1510 sihi
926 1456 1098 1513 carissimam
1113 1456 1267 1526 laudibus,'

468 1543 589 1600 lacrimis
605 1549 632 1598 et
647 1542 786 1598 desiderio
800 1545 988 1616 prosequitur.

290 1803 365 1872 Heu
385 1800 488 1872 mihil
513 1801 604 1885 Quid
626 1799 692 1871 hoc
712 1802 792 1871 mali
818 1801 943 1871 accidit
969 1802 1158 1895 inopinum,
1182 1801 1276 1873 subi-

100 1962 104 1971 ὴ
194 1937 274 2007 turn,
291 1925 534 2015 repentinum?
552 1921 720 2006 Quamvis
739 1921 823 1992 nihil
844 1923 934 2007 mali,
958 1923 1042 1995 nihil
1057 1925 1196 2018 inopini,
1219 1946 1277 1994 ac-

192 2045 284 2123 cidat
310 2047 477 2139 sapienti:
505 2043 569 2116 sed
590 2043 675 2115 mihi
702 2043 826 2115 accidit
851 2055 888 2116 ut
914 2048 1032 2118 multis
1058 2048 1274 2137 argumentis

193 2170 361 2261 intelligo,
386 2191 432 2241 ex
453 2170 613 2261 plurimis
634 2168 750 2240 adhuc
772 2169 832 2239 uni
856 2170 954 2261 qnia,
976 2169 1071 2261 quod
1092 2169 1195 2241 valde
1216 2191 1278 2241 no-

153 2351 159 2361 ,
193 2293 266 2377 lim,
292 2293 409 2365 adhuc
428 2293 542 2386 portio
560 2291 658 2382 vulgi
681 2290 766 2373 sim;
792 2289 893 2362 euius
916 2300 972 2361 est
998 2313 1073 2363 mos
1100 2290 1277 2364 bonasus

193 2413 260 2484 sibi
282 2427 447 2507 perpetua
466 2412 636 2506 polliceri:
662 2421 698 2483 et
722 2411 894 2504 quidquid
925 2413 1152 2485 vehementer
1182 2435 1278 2484 ama-

194 2537 285 2608 verit
304 2537 506 2608 immortale.
536 2538 607 2607 Hoc
633 2556 730 2626 saepe
756 2535 836 2606 olim
871 2534 934 2605 sed
959 2557 1138 2629 nunquam
1165 2537 1277 2626 magis

193 2680 296 2750 quam
317 2658 457 2751 quando
480 2659 597 2730 minus
615 2656 735 2748 debuit
755 2678 811 2727 me
824 2658 951 2729 fefellit.
966 2657 1010 2728 Et
1030 2658 1096 2729 heu
1112 2661 1117 2728 t
1135 2657 1277 2730 misero.

193 2781 280 2864 Quis
301 2781 357 2851 hic
376 2782 482 2851 animi
503 2781 569 2851 mei
594 2790 721 2861 status,
736 2799 817 2868 quae
832 2779 989 2851 conlusio
1006 2801 1138 2863 rerum,
1152 2800 1278 2872 quaeve
1318 2815 1320 2820 v

193 2903 406 2994 perplexitas
440 2912 546 2995 atque
582 2901 720 2991 vertigo
759 2909 835 2981 est,
877 2899 1018 2990 quaudo
1055 2923 1168 2990 neque
1207 2921 1279 2992 quo

196 3021 367 3114 gaudeam
390 3044 506 3112 quove
529 3044 585 3092 me
611 3022 704 3092 soter
729 3017 860 3103 habeo,
892 3041 1006 3111 neque
1031 3021 1115 3112 qnid
1142 3023 1280 3112 lugeam

193 3145 419 3235 doloremque
440 3165 557 3219 meum
578 3143 708 3236 quibus
728 3165 885 3237 promam
913 3143 1031 3215 verbis
1057 3145 1222 3217 invenio?
1243 3147 1279 3214 Si

194 3267 308 3337 dicam
329 3266 423 3358 quod
445 3264 573 3337 bonum
592 3265 771 3338 dominum
793 3264 909 3349 amisi,
931 3266 1063 3340 amicus
1082 3267 1175 3339 idem
1202 3277 1279 3338 erat

196 3387 357 3480 optimus,
391 3389 506 3458 Dicam
533 3398 667 3479 patrem
695 3386 852 3480 perdidit
884 3388 1006 3457 Frater
1030 3398 1128 3458 erat:
1159 3388 1277 3458 Dicam

195 3519 398 3581 ornamento
426 3509 509 3580 vitae
543 3510 696 3604 spolior?
727 3509 770 3580 Et
802 3508 1007 3602 praesidium
1041 3508 1126 3580 luit:
1160 3509 1277 3581 Dicam

195 3631 424 3705 familiaritate
454 3632 586 3727 privor·
608 3632 704 3703 utili?
737 3632 782 3701 Et
821 3631 1046 3704 delectabilis.
1070 3644 1104 3703 et
1131 3632 1278 3733 honesta

194 3763 285 3836 erat,
303 3754 535 3847 omnibusque
562 3754 665 3826 simul
690 3775 736 3825 ex
759 3753 875 3826 causis
903 3753 1104 3848 appetenda,
1127 3775 1276 3845 quarum

194 3897 345 3969 quaeque
367 3898 483 3968 perse
510 3899 637 3969 magno
665 3876 838 3949 sufficiens
867 3876 912 3946 sit
936 3877 1058 3948 amori.
1081 3878 1199 3948 Dicam
1221 3898 1277 3946 re·

195 4022 271 4070 rum
294 4021 449 4076 mearum
473 4022 647 4071 summum
668 4001 805 4070 culmen
826 3997 972 4081 excidia
990 4000 1169 4090 angularis
1190 4018 1277 4091 quo·

196 4143 263 4213 que
285 4121 354 4193 ruit
373 4122 476 4215 lapis,
505 4132 540 4193 et
560 4143 731 4215 compago
756 4121 898 4214 optima3
927 4122 992 4193 iarn
1022 4121 1142 4196 mortis
1168 4120 1276 4194 ariete
