2730 4680
362 312 452 359 niuno
476 311 651 359 rrunsruus.
665 329 703 341 -
716 312 868 358 urrsrons
892 313 929 359 rr.
1142 300 1180 359 ub

101 460 129 520 tc
153 449 279 521 litterae
307 455 508 540 reperturae‘
526 445 611 516 sint:
633 454 669 516 ct
693 445 893 516 nuntiorum
920 447 1056 532 raritas,
1083 451 1182 519 iami-

100 567 178 642 liarc
199 568 460 642 incommodum
484 567 607 640 mediis
629 569 717 640 etin
739 569 902 654 urbibuS,
925 571 1020 641 dictu
1043 572 1179 657 mirum,

99 694 189 766 haud
209 693 311 765 aliter
332 716 435 785 quam
464 691 498 762 in
527 692 626 763 silvis
654 691 809 763 solitario
829 693 979 784 degenti.
1004 694 1077 766 Nec
1096 718 1182 767 vero

100 817 302 909 negaverim
322 816 466 908 perhoc
488 824 637 908 tempus,
656 815 750 907 quod
769 816 909 887 tacitum
932 817 1007 888 iure
1022 830 1081 890 tuo
1097 843 1184 912 que-

100 941 196 1024 reris,
225 939 343 1032 aliqua
366 961 422 1009 me
448 938 615 1021 dictasse,
639 961 720 1030 quae
741 940 900 1030 relegens
924 941 1088 1012 mittenda
1115 965 1182 1013 non

100 1063 230 1147 censui,
255 1084 324 1134 non
344 1062 446 1132 aliam
468 1060 513 1132 ob
533 1066 625 1146 rem,
648 1061 716 1132 nisi
736 1060 819 1154 quia
841 1061 943 1134 nimis
960 1085 1059 1147 vera,
1078 1066 1183 1135 nimis

101 1187 204 1258 libera
231 1185 310 1256 visa
337 1193 446 1257 erant.
474 1184 567 1255 Nihil
592 1185 684 1256 enim
711 1185 854 1256 saeculis
879 1188 1007 1258 nostris
1033 1187 1184 1259 invisius

102 1332 201 1402 quam
219 1309 291 1381 duo
310 1309 398 1392 haec‚
417 1310 551 1380 veritas
568 1318 603 1379 et
621 1307 773 1380 libertas.
789 1311 909 1402 ltaque
927 1312 1183 1404 preterendum

102 1433 183 1505 duxi
205 1444 240 1505 te
262 1455 384 1516 uuum,
407 1453 575 1524 quocum
603 1441 704 1503 esset,
725 1430 810 1500 mibi
837 1432 1020 1504 facillimus
1047 1456 1185 1527 semper

103 1558 300 1648 ingratiam
318 1554 463 1638 reditus,
484 1555 620 1626 silentio
638 1554 779 1637 laedere,
797 1577 900 1647 quam
918 1559 1047 1628 multos
1063 1580 1184 1643 eorum

105 1680 295 1762 hominum,
318 1700 407 1771 quos
432 1678 516 1748 mibi
543 1679 610 1749 iam
638 1677 774 1772 pridem
801 1682 880 1751 sola
908 1679 1039 1753 veritas
1066 1681 1186 1753 hostes

105 1804 189 1887 iecit,
206 1821 332 1874 rursus
345 1802 482 1872 infestae
499 1800 598 1872 vocis
616 1804 738 1872 aculeo
748 1804 951 1887 vulnerare,
967 1824 1185 1896 quorumque

105 1925 274 1997 nonnuliis
297 1935 450 1996 cruentae
474 1925 652 1996 cicatrices
679 1925 833 1996 nondum
860 1925 1004 2010 baerent,
1032 1928 1184 1999 nondum

107 2059 319 2120 vetustorum
354 2048 453 2119 dolor
486 2051 671 2119 vulnerum
702 2049 841 2119 resedit.
882 2049 953 2119 Nec
983 2050 1066 2137 iilud
1099 2046 1188 2120 inter

107 2171 343 2265 pretereunda
377 2172 566 2264 posuerim,
606 2171 702 2263 quod
732 2171 862 2264 saepius
896 2172 1010 2263 questi
1047 2144 1185 2255 sumno,

108 2296 257 2387 epistolis
283 2292 424 2387 quidem
452 2296 520 2365 tuis
548 2294 614 2364 stili
646 2295 754 2366 decus
794 2293 949 2379 obstare,
980 2317 1021 2364 ne
1055 2295 1099 2365 ad
1133 2319 1187 2366 mc

108 2421 256 2506 intactae,
285 2442 374 2490 neve
400 2418 467 2489 nisi
496 2428 574 2513 post
608 2422 748 2510 tongum
778 2428 915 2510 tempus
943 2417 1097 2499 veniant;
1124 2440 1188 2488 nec

109 2544 169 2614 stili
201 2543 306 2614 modo
341 2543 405 2614 sed
435 2543 571 2634 apicum
599 2564 713 2613 raram
739 2553 774 2613 et
801 2542 971 2614 insolitam
1000 2541 1187 2634 quamdam

108 2669 270 2749 tormam3
306 2667 386 2770 hinc
411 2687 529 2738 rerum
558 2689 598 2738 ac
618 2665 806 2738 verborum
835 2666 959 2757 gratia,
982 2688 1046 2737 ceu
1073 2666 1189 2738 nativa

109 2790 218 2881 specie
240 2791 384 2882 ingenii,
408 2791 489 2862 hinc
514 2790 702 2881 digitorum
730 2788 922 2862 adventitio
948 2800 1088 2872 ornatu,
1116 2788 1190 2858 ani-

110 2934 197 2984 mum
218 2915 322 2984 simul
340 2914 528 3005 oculosque
544 2910 815 2984 intendentibus.
831 2914 958 2985 Contra
971 2921 1086 2984 autem
1103 2908 1189 2981 meis

110 3037 148 3107 ad
167 3049 200 3136 te
221 3037 272 3107 ire
294 3034 493 3107 volentibus
512 3035 596 3128 quid
617 3033 746 3118 obstet,
769 3035 900 3118 nescio,
924 3056 1004 3105 cum
1026 3031 1061 3102 id
1083 3031 1188 3102 sciam

109 3160 277 3250 plurimas
295 3181 351 3229 me
370 3158 510 3230 misisse
527 3177 608 3249 quae
624 3159 711 3227 calle
730 3157 845 3229 medio
866 3155 1068 3237 substitere,
1087 3153 1191 3246 quasi

111 3292 275 3356 matronae
310 3285 522 3368 severiores
551 3306 572 3354 a
597 3280 726 3374 quibus
758 3282 886 3352 nollent
911 3278 1070 3372 turpibus
1096 3278 1192 3347 vetut

111 3411 290 3494 adulteris,
313 3411 382 3481 vim
405 3429 533 3504 passae.
555 3408 611 3477 Sic
637 3428 706 3479 nou
729 3408 803 3477 sola
823 3404 923 3477 nobis
944 3413 1099 3484 actuum,
1129 3399 1192 3470 sed

112 3537 295 3608 affectuum
321 3554 461 3627 quoque
486 3531 627 3604 libertas
653 3529 792 3600 interiit.
818 3528 967 3600 Proinde
994 3547 1104 3617 nuper
1129 3523 1192 3591 Pa·

114 3660 201 3730 tario
229 3654 387 3741 redienS,
410 3656 479 3727 illic
500 3655 592 3727 enim
613 3677 661 3725 ex
682 3653 821 3744 negotio
848 3654 970 3735 ieram,
986 3649 1052 3720 etsi
1078 3647 1193 3718 Vene-

113 3781 174 3853 tias
198 3805 247 3854 ex
281 3783 351 3853 otiu
377 3781 571 3875 petiissem,
604 3777 638 3847 in
668 3777 745 3869 ipso
777 3777 898 3846 itinere
925 3770 1193 3844 formosissimas

114 3904 196 3977 duas
217 3930 260 3979 ac
282 3907 465 3998 gemellas,
488 3923 579 3996 quas
605 3900 798 3972 novissime
825 3907 926 3991 partu
957 3916 1027 3965 uno
1062 3894 1191 3965 soecuu-

114 4024 295 4099 dissimum
329 4035 426 4096 tuum
461 4035 582 4118 pectus
615 4022 804 4102 effuderat,
849 4019 938 4088 inter
975 4014 1193 4109 quorundam

117 4174 235 4230 manus
272 4151 402 4244 reperi,
438 4172 504 4221 nou
540 4150 707 4220 malorum
739 4141 880 4237 quidem
912 4133 1193 4211 bominumsed
