2992 4664
333 327 424 374 arona
448 317 984 384 vrcssruusonnarus.-errsrona
1007 333 1047 378 vr.
1174 321 1232 381 ⁶275

147 482 266 546 costos
286 471 398 543 bonus
419 475 505 543 fuit‘?
520 474 570 542 Tu
591 474 780 564 cognitioni
804 497 921 546 rerum
944 497 1049 569 supra
1069 478 1175 551 iidem
1199 495 1234 549 et

149 600 225 667 sine
251 597 414 687 exemplo
439 594 598 680 deditus
627 618 697 667 non
722 597 801 668 ideo
828 608 942 670 tamen
974 611 1130 672 actuosae
1152 603 1233 672 vitae

149 720 308 789 semitam
340 719 534 801 declinasti,
563 732 711 812 utroque
738 724 824 793 calle
855 704 1077 815 conspicuus,
1107 736 1143 794 et
1167 726 1242 793 illis

149 840 297 910 summis
324 839 411 910 viris
437 839 562 930 Magno
587 840 751 935 Pompeio
777 864 817 913 ac
842 845 929 914 lulio
956 846 1086 917 Caesari
1111 847 1234 916 merito

151 977 209 1035 tuo
222 985 336 1034 carus.
353 964 472 1055 ltaque
487 960 553 1032 sub
567 964 675 1034 altero
689 966 859 1035 militasti:
874 966 919 1036 ad
932 951 1079 1038 alterum
1094 968 1231 1060 scripsi·

128 1160 131 1169 ,
150 1087 193 1158 sti
212 1085 327 1156 libros
340 1083 518 1157 mirabiles
539 1085 723 1179 omnisque
750 1087 944 1181 disciplinae
968 1090 1231 1173 refertissimos

150 1210 239 1278 inter
265 1206 433 1278 bellorum
460 1217 495 1276 et
520 1206 736 1300 publicorum
763 1231 946 1280 munerum
973 1209 1232 1282 diversissimas

148 1351 264 1401 curas.
286 1331 411 1420 Magna
430 1339 486 1401 est
507 1333 584 1401 laus
606 1354 674 1402 non
695 1332 827 1423 ingenii
853 1331 956 1404 modo
983 1333 1047 1404 sed
1067 1335 1234 1428 propositi

150 1455 184 1522 in
205 1462 286 1523 actu
307 1463 473 1546 perpetuo
494 1474 622 1545 corpus
650 1457 752 1526 simul
779 1467 885 1547 atque
911 1457 1065 1527 animum
1088 1456 1231 1539 habere,
1272 1441 1280 1454 ⁸

148 1585 308 1668 etposse
334 1584 369 1645 et
393 1575 486 1663 velle
512 1595 581 1644 non
607 1576 702 1647 aetati
728 1588 798 1646 tuae
823 1586 957 1647 tantum
985 1578 1048 1649 sed
1071 1577 1233 1648 omnihus

150 1697 290 1771 saeculis
310 1696 491 1789 prodesse.
514 1697 537 1764 li
559 1699 723 1788 equidem
754 1709 848 1770 tanto
870 1701 986 1772 studio
1007 1699 1173 1772 elaborati
1193 1702 1234 1771 li-

151 1819 319 1910 bridigni
345 1842 414 1891 non
440 1818 669 1902 sembobiti,
696 1822 757 1912 qui
783 1844 846 1916 per
873 1845 996 1893 manus
1023 1833 1162 1896 nostras
1189 1822 1233 1894 ad

151 1952 310 2034 posteros
326 1942 562 2034 pervenirent:
585 1941 745 2014 ardorem
768 1955 864 2015 tuum
891 1953 1011 2016 nostra
1032 1946 1117 2014 vicit
1136 1946 1234 2034 igna-

149 2067 217 2136 via.
244 2065 353 2134 Nemo
380 2076 449 2135 tam
477 2086 604 2158 parcus
630 2077 729 2157 pater
755 2087 908 2157 unquam
936 2068 1010 2148 fuit,
1038 2067 1139 2137 cuius
1165 2089 1233 2145 non

149 2190 347 2280 longaevam
362 2189 607 2281 parsimoniam
627 2187 726 2258 brevi
745 2197 901 2281 tempore
918 2189 1123 2259 luxuriosus
1141 2187 1234 2261 filius

148 2322 270 2406 posset
288 2323 460 2384 euertere.
482 2311 573 2393 Quid
595 2335 686 2384 nunc
704 2312 810 2384 libros
829 2311 983 2404 perditos
1008 2315 1234 2383 enumerem?

146 2447 234 2527 quot
245 2436 413 2508 librorum
427 2446 564 2508 tuorum
580 2436 720 2508 nomina
733 2433 875 2506 totidem
891 2437 994 2504 famae
1007 2445 1139 2505 nostrae
1150 2447 1233 2504 sunt

148 2562 304 2630 vulnera.
327 2561 476 2632 Praestat
494 2560 601 2652 igitur
622 2560 782 2631 siluisse:
806 2582 884 2632 nam
907 2569 943 2630 et
960 2560 1237 2631 contrectatione

148 2681 362 2754 recrudescit
387 2686 530 2765 vulnus,
558 2696 593 2754 et
619 2683 752 2778 sopitus
787 2682 1033 2755 dolor-damni
1065 2684 1232 2753 memoria

147 2803 330 2875 excitatur.
358 2805 426 2875 Sed
452 2806 497 2874 oh
516 2805 728 2876 incredibilis
758 2809 860 2876 famae
890 2806 961 2875 vis!
990 2806 1081 2875 vivit
1105 2828 1234 2877 nomeu

148 2928 295 3020 sepultis
315 2927 492 3018 operibus,
514 2936 550 2996 et
573 2949 652 2997 cum
678 2927 724 2998 de
750 2929 906 3013 Varrone
933 2948 1040 3019 prope
1066 2926 1150 2997 nihil
1171 2951 1232 3020 ap

148 3057 282 3143 pareat,
313 3047 492 3118 doctorum
524 3061 638 3119 tamen
668 3048 820 3118 omnium
848 3069 1036 3132 consensu,
1069 3048 1232 3121 doctissi-

147 3191 227 3242 mus
245 3171 356 3241 Varro
376 3179 439 3251 est,
463 3168 557 3260 quod
579 3168 652 3238 sine
675 3157 743 3237 ulla
757 3167 976 3240 dubitatione
993 3170 1125 3242 amicus
1145 3183 1227 3243 tuns

146 3295 285 3364 Marcus
305 3293 424 3364 Cicero
450 3295 483 3362 in
511 3294 553 3363 iis
578 3292 664 3384 ipsis
691 3291 787 3363 libris
815 3292 848 3361 in
877 3292 1004 3384 quibus
1027 3295 1111 3365 nihil
1138 3296 1230 3365 affir-

147 3419 312 3488 mandum
338 3418 505 3508 disputat,
533 3416 706 3486 affirmare
734 3436 804 3485 non
838 3415 964 3498 timuit,
996 3427 1034 3486 ut
1060 3418 1229 3509 quodam-

146 3540 249 3611 modo
273 3543 350 3610 luce
378 3542 424 3610 tui
451 3540 599 3611 nominis
626 3539 881 3633 perstringente
907 3540 1041 3621 oculos,
1064 3538 1228 3610 videatur

82 3688 84 3693 ·
145 3663 283 3732 interim
300 3663 384 3733 dum
404 3661 448 3733 de
462 3673 501 3758 vte
514 3660 666 3754 loquitur
684 3682 786 3732 suum
804 3662 993 3756 principale
1011 3661 1227 3753 propositum

145 3806 213 3855 nou
232 3784 371 3857 vidisse.
395 3784 496 3868 Quod
523 3785 699 3855 Ciceronis
726 3784 962 3854 testimonium
988 3783 1228 3874 quidam-lati-

144 3908 260 3979 nitatis
274 3909 444 3999 angustiis
458 3907 758 3989 circumscribunt,
775 3907 868 4002 apud
882 3927 970 3998 quos
992 3906 1226 3976 Romanorum
1330 3978 1335 3988 ,

142 4029 332 4105 doctissimi
349 4036 475 4103 nomen
494 4030 615 4114 habes,
630 4030 685 4101 alii
704 4030 748 4102 ad
765 4031 963 4101 Graecorum
979 4037 1091 4100 metas
1103 4041 1227 4100 exten-

142 4155 239 4238 dunt,
259 4156 504 4248 praecipueque
524 4153 726 4226 Lactantius
746 4156 800 4224 vir
817 4175 862 4223 ex
883 4154 1011 4223 nostris
1030 4152 1227 4243 eloquentia
