2738 4680
265 311 358 360 urnae
380 309 546 360 vrousruus
567 312 955 363 susurrus-urrsronn
977 314 1029 363 xu.
1140 304 1197 365 lc:

114 455 269 541 seni-et
294 453 486 549 praevalido
512 455 647 536 iuveni,
681 464 718 525 et
749 454 873 527 florido
901 455 1130 544 adolescenti,
1162 471 1197 531 el

114 589 247 666 tenerae
271 575 448 672 pueritia,
474 584 519 649 ,et
547 578 669 651 lacteae
703 578 897 650 communis
930 578 1094 669 infantiae,
1128 583 1201 655 Mo·

114 701 275 772 riendum
297 697 483 772 omnibus:
505 709 611 792 atque
623 698 745 772 ‘omnia
763 702 798 771 in
816 699 884 772 hoc
903 724 971 773 uno
988 703 1099 795 paria,
1120 726 1200 789 curn

102 822 151 915 ¹in
176 821 322 915 reliquis
349 832 419 893 tam
448 823 556 903 multa
582 820 652 894 sint
676 823 785 919 uaria.
812 823 951 894 Nullum
979 825 1200 918 privilegium

114 946 244 1031 aetatis,
264 946 397 1017 nullum
421 944 500 1027 loci,
522 946 656 1016 nullum
678 944 858 1037 dignitatis
880 961 939 1018 aut
956 948 1087 1038 gloriae.
1102 951 1202 1021 'Mor-

116 1082 185 1143 tem
208 1071 321 1164 ipsam
343 1069 551 1154 intueamur.
576 1066 668 1151 Quid
681 1069 812 1141 metiris
827 1068 1030 1153 adventitia,
1057 1073 1202 1143 moritu·

117 1217 192 1264 rum
227 1215 268 1263 ac
292 1192 437 1266 mortale
461 1190 603 1272 animal¹
619 1190 718 1284 qnid
752 1192 918 1287 trepidas
939 1193 1024 1287 quid
1054 1205 1201 1266 externa

117 1313 380 1407 circumspicis?
395 1312 500 1404 Apud
513 1334 618 1386 veros
628 1313 863 1387 aestimatores
878 1338 994 1389 rarum
1013 1327 1201 1413 apparatus

116 1439 274 1511 exterior
294 1437 379 1508 nihil
399 1437 557 1532 adrem:
580 1457 637 1507 res
658 1437 816 1524 nudasni
836 1462 958 1510 verum
979 1444 1027 1513 rei
1051 1444 1199 1537 pretium

116 1564 301 1656 quaeritur,
326 1561 534 1634 aestimanda
560 1568 625 1631 est.
653 1561 689 1631 Si
715 1583 810 1634 mors
837 1562 944 1653 igitur
972 1587 1040 1636 una
1065 1574 1136 1647 est,
1171 1565 1200 1635 si

117 1695 271 1760 statutus
297 1687 394 1787 loeus
421 1682 662 1775 praefixasque
693 1684 917 1757 nascentibus
954 1687 1074 1759 mortis
1100 1686 1199 1771 dies,

116 1809 200 1902 quid
221 1807 265 1880 de
286 1807 371 1880 locis
391 1815 494 1898 atquc
517 1805 732 1898 temporibus
758 1807 942 1899 angirnur‘.l
967 1810 1017 1879 lle
1043 1810 1202 1902 utrisque

117 1936 184 2015 iam
201 1943 355 2005 cautum.
370 1931 406 2001 Si
419 1929 576 2002 audirem
598 1930 770 2002 dicentem
785 1930 887 2001 nobis
900 1933 1100 2004 Ieremiam:
1120 1932 1202 2019 (lni-

117 2079 245 2149 camque
256 2056 490 2130 mortariolia
505 2056 637 2133 civitate
653 2040 919 2153 irotrrtorr'ertlur
935 2054 1045 2144 plodio
1066 2067 1097 2124 cl
1114 2060 1202 2146 same

117 2193 149 2252 et
166 2191 274 2275 peste,
301 2180 360 2270 qui
373 2189 484 2249 autem
504 2177 688 2271 prosupcrit
703 2175 748 2247 od
771 2175 939 2249 Chaldoeos
960 2180 1121 2263 vinecel
1141 2183 1204 2251 erit

111 2282 232 2376 xtritinia
252 2305 322 2373 eius
346 2318 474 2399 sospes,
503 2322 572 2392 non
598 2301 794 2374 dubitarem
816 2301 861 2373 ad
882 2301 1065 2373 Chaldaeos
1088 2323 1202 2395 usque

117 2431 316 2524 profugere.
337 2426 464 2498 Contra
484 2435 603 2500 autem,
617 2423 649 2501 si
667 2426 810 2520 Moyses
831 2427 905 2496 Deo
922 2424 1066 2497 iubente
1081 2428 1203 2517 loque·

118 2562 214 2622 retur
247 2558 283 2620 et
309 2546 456 2625 diceret:
477 2544 598 2618 Cavete
629 2567 672 2631 ne
696 2545 878 2618 ascendatis
902 2549 939 2618 irr
963 2558 1202 2631 morttemsnec

118 2676 262 2762 torpetis
281 2673 362 2764 fines
386 2672 498 2741 illius:
524 2672 630 2750 nmrrit
661 2672 719 2762 poi
751 2671 891 2760 teliperit
922 2681 1076 2742 montem·
1099 2681 1203 2741 morte

117 2798 299 2869 morietur:
321 2795 487 2866 auderem
509 2802 542 2864 te
564 2793 695 2866 hortari
717 2804 755 2865 ut
768 2815 873 2886 quam
888 2793 1036 2888 primurn
1051 2817 1071 2864 e
1085 2805 1202 2866 monte

117 2919 362 2994 descenderes.
385 2918 484 2990 Nunc
505 2928 667 2990 neutrum
685 2917 802 3000 audio,
823 2916 886 2988 sed
906 2916 1086 2987 mulierem
1109 2915 1200 2988 illam

118 3044 319 3117 Thecuitem
333 3043 505 3116 dicentem
520 3042 631 3116 David
646 3043 734 3135 rogi:
752 3043 876 3113 Omnes
889 3042 1050 3111 morimur
1066 3051 1097 3110 el
1108 3045 1204 3130 quari

117 3191 210 3258 aquae
230 3165 408 3241 dilabimur
428 3165 465 3244 in
488 3176 621 3235 terram.
643 3165 744 3249 Quod
766 3186 844 3236 cum
866 3163 913 3234 ila
932 3164 991 3249 sit,
1011 3185 1076 3234 nec
1095 3183 1201 3241 exce

118 3290 189 3383 ptio
209 3290 256 3360 sit
279 3289 361 3372 ulla,
377 3285 460 3380 quid
474 3288 541 3358 nisi
556 3288 709 3361 laborem
726 3289 859 3362 irritum
874 3296 909 3361 et
924 3289 1202 3380 peioremmorte

117 3413 247 3487 mortis
263 3419 394 3491 metum
417 3411 499 3500 luga
523 3412 734 3483 contulerit?
759 3413 872 3483 Velox
899 3410 1043 3504 quidem
1067 3418 1199 3489 metue,

116 3533 180 3605 sed
200 3531 355 3605 velocior
376 3552 471 3613 mors
492 3541 547 3603 est
567 3541 603 3603 et
623 3535 771 3604 fortuna.
793 3531 979 3605 Honestius
1001 3529 1201 3601 invenimur

117 3665 252 3728 stantes
278 3677 383 3749 quam
408 3655 547 3748 profugi
573 3655 820 3750 praevenimur.
846 3655 1083 3748 Expectemus
1114 3671 1200 3740 ergo

115 3780 227 3873 aequis
248 3777 425 3850 mentibus
446 3778 485 3848 in
503 3787 603 3849 terra
616 3779 702 3870 quid
721 3778 766 3848 de
788 3776 888 3849 nohis
909 3779 1034 3848 coelum
1064 3771 1197 3858 statuit,

115 3925 158 3974 ne
179 3904 276 3974 velut
296 3902 444 3974 aviculae
466 3900 565 3973 visco
586 3923 650 4004 seu
668 3904 793 3994 laqueo
819 3900 995 3994 implicitae
1020 3895 1199 3971 volitando

115 4028 329 4119 nitendoque
343 4023 492 4119 amplius
510 4024 736 4117 implicemur.
753 4026 823 4095 lam
837 4024 931 4116 quod
947 4034 980 4096 te
993 4034 1199 4118 perpetuum
1241 4030 1244 4036 '

114 4151 276 4224 comitem
298 4149 494 4256 laterimeo
511 4148 679 4241 spondes
693 4157 729 4220 et
741 4147 806 4251 hoc
820 4166 945 4251 rursus
959 4144 1200 4219 amantissime
