2934 4650
571 310 726 359 nulsione
747 311 831 359 xurx.
1179 296 1240 357 lae

160 461 308 523 mentem
346 452 460 536 venit,
502 452 708 543 particulam
731 453 853 523 saltem
892 473 995 522 unam
1043 451 1240 524 dedicatam

158 581 302 644 aeternae
333 574 510 646 memoriae
549 575 776 646 sacratissimi
809 574 940 646 domini
978 574 1087 646 nostri
1131 573 1240 666 regis,

159 697 214 767 vel
249 696 300 767 sic
330 694 479 768 defessis
513 696 632 787 digitis
666 718 870 783 exararem,
898 698 1035 779 volens,
1062 705 1100 767 ut
1122 697 1241 768 verbis

160 816 237 887 eius
256 827 343 902 utar,
365 817 431 888 hoc
453 817 609 909 pretium,
632 839 781 911 parvum
803 817 957 910 quidem,
978 816 1042 889 sed
1062 817 1242 911 sicutipse

159 939 345 1022 existimat,
368 939 493 1010 animis
526 940 657 1011 vestris
683 950 836 1032 gratum,
863 940 967 1012 vobiS
993 940 1149 1027 duobus,
1177 963 1242 1012 nec

159 1083 228 1133 non
260 1069 296 1132 et
327 1062 495 1154 magistro
525 1062 565 1132 N.
600 1063 646 1134 de
675 1062 814 1157 Aliphia
844 1062 1070 1154 praemittere,
1093 1085 1242 1155 quorum

159 1183 312 1255 consiliis
334 1206 375 1255 ac
396 1184 575 1257 favoribus
601 1186 741 1276 negotia
767 1205 832 1255 sua
857 1183 901 1255 acl
928 1186 1085 1257 votivum
1108 1184 1242 1256 exitum

159 1315 370 1398 perventura
389 1305 539 1378 confidit.
568 1307 603 1375 ln
631 1329 711 1398 que,
739 1328 782 1377 ne
808 1327 891 1398 spes
912 1306 998 1390 eius,
1023 1308 1051 1378 si
1078 1306 1243 1400 possibile

159 1435 221 1510 est,
244 1430 313 1499 ulla
325 1450 371 1499 ex
385 1439 482 1523 parte
496 1431 715 1513 frustrentur,
728 1428 991 1523 'iterum‘atque
1017 1431 1143 1502 iterum
1164 1454 1243 1524 pre·

159 1569 228 1619 cor.
252 1550 422 1621 Caeterum
445 1561 483 1623 ut
502 1554 637 1643 eglogae
659 1552 764 1623 huius
790 1551 924 1623 facilior
951 1574 1079 1624 sensus
1102 1554 1159 1637 sit,
1181 1575 1244 1624 no-

159 1669 255 1738 veris
270 1690 332 1760 per
346 1681 598 1761 argumentum,
618 1670 750 1762 dequo
768 1672 824 1743 hic
843 1674 971 1744 mentio
988 1684 1051 1755 est,
1067 1683 1242 1765 pastorem

159 1782 348 1872 oculatum,
371 1792 764 1885 circumspectissimum
784 1792 964 1865 dominum
983 1816 1115 1884 regem,
1134 1796 1191 1889 qui
1210 1808 1245 1867 et

159 1912 235 2003 ipse
260 1915 466 2006 populorum
501 1935 645 1986 suorum
680 1924 774 1986 totus
807 1918 951 1986 oculeus
971 1923 1091 2008 pastor
1117 1917 1241 2000 luerat,

158 2032 357 2124 importari:
393 2056 456 2126 per
489 2035 622 2105 Idaeum
657 2035 773 2105 lovem
808 2024 982 2117 nostrum,
1017 2036 1078 2127 qui
1113 2035 1148 2105 in
1181 2036 1243 2108 Ida

89 2141 99 2205 '—
159 2154 316 2226 Cretensi
331 2158 422 2227 altus
434 2167 505 2227 est:
519 2179 582 2250 per
596 2155 753 2252 Pythiam
767 2155 956 2227 Barbatum
968 2177 1092 2238 meum,
1103 2168 1244 2251 propter

159 2274 331 2366 insignem
352 2275 515 2346 amicitiae
533 2278 698 2368 gloriam,
721 2298 826 2368 quam
848 2298 926 2347 cum
947 2277 1031 2346 mihi
1053 2299 1123 2349 uon
1144 2299 1240 2349 arro·

158 2418 256 2488 gem,
292 2418 361 2467 non
382 2399 514 2468 Damon
536 2399 626 2490 elegi
650 2418 730 2470 esse
758 2398 822 2471 sed
854 2399 1004 2484 Silvius,
1038 2409 1075 2471 et
1100 2411 1242 2493 propter

157 2519 299 2592 insitum
321 2519 487 2592 silvarum
509 2544 678 2609 amorem,
698 2533 734 2594 et
753 2524 835 2617 quia
848 2524 914 2596 hoo
926 2526 1087 2619 poetandi
1108 2548 1229 2617 genus,

157 2651 195 2712 ut
214 2641 296 2728 dixi,
320 2645 354 2714 in
375 2643 562 2717 solitudine
590 2645 672 2717 mihi
694 2658 729 2718 et
750 2649 785 2717 in
802 2648 902 2719 silvis
919 2660 1128 2721 occurrerat.
1158 2649 1233 2720 Cae·

158 2771 231 2856 tera
244 2768 336 2837 clara
350 2777 444 2838 sunt.
464 2768 594 2842 lterum
612 2771 701 2841 vale.

265 2948 334 3003 Data
348 2951 376 3003 in
390 2951 499 3005 inferno
515 2953 682 3021 viventium,
701 2953 790 3008 XVIII
807 2955 940 3009 Ianuarii.

253 3241 389 3333 Egloge
414 3239 572 3333 sequitur
605 3242 629 3310 l.
664 3239 793 3311 Aureus
818 3262 977 3313 occasum
992 3255 1051 3313 etc.

255 3362 515 3435 Bartholomaeus
535 3363 685 3448 Fontius,
712 3366 770 3456 qui
796 3361 880 3435 Soec.
915 3363 992 3434 XV.
1028 3364 1242 3435 Rhetoricom

156 3480 336 3555 Florentiae
355 3483 475 3570 docuit,
495 3487 648 3577 cuiusque
668 3508 768 3579 opera
793 3486 879 3557 edila
896 3489 989 3575 prere
1010 3485 1240 3576 Francosurti,

155 3625 244 3675 uano
268 3607 284 3674 l
294 3607 382 3687 624,
405 3631 450 3679 em
466 3609 525 3680 lac
542 3606 717 3679 Francisci
732 3611 866 3702 epistola
878 3607 1108 3701 depromptum
1125 3609 1242 3680 asserit

153 3747 290 3818 sequens
310 3725 350 3799 de
370 3729 471 3801 Laelio
497 3733 710 3824 epigramma.

255 3849 383 3946 (Bcrllt.
396 3850 498 3926 Forat.
520 3851 725 3925 collectanea
736 3857 805 3925 sice
818 3853 1046 3924 memorabilia
1059 3843 1139 3924 Mssss
1153 3853 1239 3924 Bill.

153 3969 303 4043 Riccord.
325 3996 359 4044 o.
382 3974 416 4044 5.
442 3976 474 4045 4.
502 3977 560 4047 ld.
581 3978 636 4064 sol.
662 3977 747 4046 tal.
763 4018 807 4029 --
827 3979 874 4047 De
898 3974 986 4047 Sede
1021 3977 1055 4046 Τ.
1083 3980 1119 4051 2.
1146 3977 1237 4048 Piec.

155 4091 261 4185 litatis.
281 4118 315 4166 rt.
343 4095 396 4190 V).
