2992 4664
353 311 445 358 trouu
467 308 1003 366 vrcnsruusouuarus.-uursruuu
1027 306 1078 352 uu.
1193 290 1251 348 alt)

169 473 293 525 ornnes
314 454 437 541 longae.
449 452 518 520 viae
536 449 649 520 llexus
670 471 710 521 ac
732 449 881 520 latebras
900 449 945 518 alt
963 449 1046 542 ipsis
1063 443 1256 516 incunabu-

172 580 214 648 lis
235 574 280 646 ad
307 594 506 665 supremam
532 573 660 664 eloquii
686 593 800 643 arcem
822 571 931 642 ducis.
955 572 1079 651 Placet,
1107 569 1256 640 delectat

170 711 206 771 et
230 696 347 769 mirari
370 695 478 786 cogit,
505 717 548 766 eo
574 717 725 787 namque
752 695 988 789 aspirantibus
1016 693 1100 763 nihil
1125 692 1254 771 utilius,

171 817 395 892 Ciceroniana
413 818 569 889 claritas:
588 828 773 910 provectos
790 817 974 899 illuminat,
995 827 1029 886 et
1045 817 1179 886 celsum
1198 835 1256 885 va-

173 940 251 1011 lidis
273 939 338 1011 iter
359 937 485 1030 signat.
513 940 587 1011 Tua
613 938 781 1010 sedulitas
809 940 904 1032 ipsos
929 960 1070 1029 quoque
1091 939 1185 1009 louet
1204 937 1256 1005 in-

173 1062 323 1146 validos,
345 1073 380 1132 et
400 1061 529 1154 optima
555 1062 675 1133 nutrix
701 1062 918 1154 ingeniorum
946 1063 1034 1131 laete
1061 1060 1181 1130 humili
1208 1071 1255 1132 te-

173 1205 294 1256 neram
328 1184 439 1275 pascit
471 1184 660 1255 infantiam.
696 1184 766 1256 Sed
799 1207 843 1255 ne
879 1184 939 1255 tibi
970 1184 1099 1254 veritas
1131 1183 1256 1254 blanda

174 1316 335 1400 suspecta
357 1306 412 1390 sit,
440 1307 629 1378 mutandus
649 1317 705 1378 est
726 1308 837 1388 stilus.
856 1309 893 1377 lu
916 1317 948 1378 te
968 1306 1073 1397 igitur
1093 1327 1259 1399 reappa-

174 1427 243 1498 ruit
270 1451 394 1509 verum
427 1429 630 1522 essequod
657 1429 777 1502 Cicero
807 1430 897 1501 idem
933 1427 980 1500 ait
1012 1429 1047 1497 in
1080 1428 1259 1499 rhetoricis

174 1551 304 1627 oratori
318 1552 498 1623 minimum
512 1552 555 1622 de
569 1561 644 1623 arte
658 1553 764 1645 loqui,
784 1553 893 1622 multo
907 1550 1099 1622 maximum
1121 1572 1168 1623 ex
1184 1560 1258 1619 arte

173 1674 299 1751 dicere.
322 1674 397 1744 Non
424 1684 540 1744 tamen
562 1685 599 1745 ut
619 1676 676 1744 ille
702 1675 928 1765 Hermagorae
954 1673 998 1744 de
1023 1693 1094 1764 quo
1118 1671 1256 1763 agebat,

176 1800 226 1867 sic
245 1819 312 1887 ego
331 1797 393 1868 tibi
415 1796 539 1868 horum
556 1799 704 1868 alterum
722 1797 855 1888 eripior
867 1807 1053 1886 utrumque
1074 1815 1258 1865 concesse-

177 1919 255 1988 rim:
291 1919 354 1990 sed
387 1920 453 1989 loc
486 1918 718 2001 mediocriter,
750 1917 835 1988 illud
858 1916 1000 1999 eximie,
1033 1926 1137 2008 atque
1170 1917 1259 1986 adeo

174 2042 385 2112 excellenter
407 2052 445 2115 ut
461 2040 523 2110 vix
543 2040 735 2133 quidquam
758 2038 860 2111 adiici
885 2039 953 2109 iam
980 2037 1134 2108 humano
1156 2046 1259 2130 pos'se

175 2162 334 2234 videatur
356 2162 507 2254 ingenio.
529 2161 700 2254 Equidem
718 2171 885 2253 quantum
908 2159 974 2229 hoc
995 2168 1054 2230 tuo
1075 2157 1259 2249 magnifico

174 2307 280 2379 opere
296 2287 419 2357 collato
439 2308 518 2357 curu
536 2306 578 2355 eo
598 2282 809 2376 libro'quem
829 2282 873 2354 de
889 2281 1005 2352 causis
1027 2279 1166 2351 edidisti
1188 2281 1256 2372 (qui

176 2408 303 2480 idcirco
325 2431 393 2479 uon
413 2408 514 2501 periit
537 2417 574 2478 ut
590 2416 766 2478 constaret
783 2415 922 2478 aetatem
940 2414 1095 2474 nostram
1114 2403 1259 2494 optima-

176 2554 252 2603 rum
274 2554 390 2602 rerum
413 2532 589 2625 praecipue
609 2528 844 2621 negligentem
867 2526 1094 2598 mediocrium
1113 2523 1257 2615 nonita)

176 2654 261 2725 satis
282 2633 551 2744 intelligentibus
574 2662 679 2745 patet,
704 2653 812 2723 multo
834 2663 867 2723 te
887 2649 1018 2721 vmelius
1038 2648 1126 2719 cotis
1147 2646 1259 2719 officio

176 2779 331 2855 functum
352 2797 448 2859 esse,
467 2797 572 2867 quam
591 2776 713 2866 gladii,
729 2788 767 2846 et
784 2788 956 2846 oratorem
977 2775 1259 2872 formarepoteu·

178 2900 245 2970 tius
262 2920 366 2989 quam
394 2910 573 2989 praestare.
600 2897 703 2975 Idne
730 2896 776 2967 ad
801 2896 961 2966 iniuriam
990 2895 1109 2965 trahas
1137 2894 1257 2964 velim:

177 3019 240 3090 sed
264 3019 438 3109 intelligas
459 3021 494 3089 in
516 3031 549 3090 te
571 3021 647 3110 ipso
673 3020 708 3087 in
733 3040 803 3111 que
828 3017 904 3087 aliis
930 3039 1122 3112 nunquam,
1137 3018 1187 3090 sic
1207 3020 1258 3102 in-

176 3141 316 3235 genium
341 3162 447 3212 unum
473 3146 535 3234 par
555 3140 599 3211 ad
619 3140 751 3229 omnia,
775 3151 896 3211 utnon
914 3141 1029 3233 aliqua
1052 3140 1084 3211 iu
1108 3152 1205 3234 parte
1220 3165 1258 3214 se

177 3268 306 3337 vincat.
337 3266 485 3355 Maguus
506 3267 615 3337 fateor
640 3265 695 3335 vir
720 3266 827 3348 luisti,
856 3265 918 3337 sed
944 3267 1166 3339 instituendis
1190 3270 1260 3338 lor-

180 3387 385 3478 mendisque
410 3388 546 3478 magnis
568 3387 653 3457 viris
679 3390 871 3459 maximus:
893 3390 1008 3481 etqui
1030 3390 1058 3457 si
1082 3388 1258 3458 materiam

178 3509 337 3580 idoneam
358 3519 481 3580 nactus
495 3530 610 3592 essee,
628 3521 659 3580 te
678 3511 843 3581 maiorem
857 3532 904 3581 ex
922 3521 955 3580 te
969 3509 1066 3579 facile
1083 3508 1258 3598 gignere&

177 3631 301 3715 dectus
334 3632 500 3703 nobilium
529 3632 641 3702 cultor
675 3632 906 3723 ingeniorum.
938 3632 1016 3703 Fuit
1045 3639 1163 3701 autem
1198 3629 1259 3701 tibi

178 3755 351 3825 aemulatio
372 3778 439 3826 non
463 3756 552 3826 levis
579 3755 695 3846 magui
716 3758 900 3827 cuiusdam
922 3755 1065 3825 alterius
1085 3753 1165 3837 viri,
1189 3754 1274 3834 Αη-’

178 3899 293 3949 uaeum
315 3880 481 3949 Senecam
501 3877 587 3948 dico.
612 3878 706 3960 Quos
723 3890 833 3967 aelaS,
856 3900 945 3969 quos
964 3878 1146 3969 professio,
1169 3898 1259 3970 quos

178 4000 270 4069 natio
292 4000 468 4082 iunxerat,
493 3998 649 4069 seiunirit
669 4001 804 4091 parium
824 4000 932 4092 pestis
951 4000 1049 4070 livor.
1070 4000 1145 4082 Qua
1165 4000 1199 4069 iu
1222 4023 1258 4069 rc

178 4124 295 4194 nescio
316 4147 360 4195 au
383 4133 417 4194 tu
439 4122 630 4195 modestior
652 4122 808 4207 uidearc;
831 4121 1000 4214 siquiden]
1025 4146 1087 4194 noc
1110 4137 1143 4194 tu
1163 4123 1256 4194 illurn
