2738 4680
223 306 280 367 llo
559 317 600 364 nn
622 317 722 366 uncus
744 310 966 365 unuinmnmus

222 464 386 533 humanae
406 459 503 552 prius
525 481 632 530 causa
657 458 808 529 miseriae
830 469 908 550 post
930 456 1068 540 salutis,
1087 456 1147 528 sic
1166 459 1201 528 iu
1223 478 1306 551 poe·

223 583 298 655 ticis
319 607 388 655 non
409 583 512 655 modo
534 584 666 674 lignum
687 583 780 654 idem
803 603 945 675 genere,
969 581 1032 652 sed
1057 582 1161 654 arbor
1182 585 1304 655 eadem

223 706 335 799 specie
357 707 401 776 sit
422 705 573 777 redivivi
594 704 731 797 lmperii
752 703 897 775 materia
917 724 998 797 quae
1016 705 1126 775 ruinae
1146 706 1220 776 luit.
1240 709 1307 778 Ha-

221 828 285 899 bes
311 827 510 898 intentionis
538 848 626 898 meae
653 848 826 896 summam
852 848 915 896 nec
940 847 1029 918 opus
1055 837 1110 898 est
1135 828 1306 921 pluribus,

222 953 259 1023 ln
280 951 404 1022 eadem
424 951 559 1041 Egloge
576 950 741 1042 scriptum
764 961 839 1020 erat
855 948 948 1019 aliud
967 950 1094 1019 mirum
1111 951 1192 1021 inde
1213 953 1307 1043 quod

220 1074 302 1167 quia
318 1073 422 1145 valde
443 1094 607 1143 noveram
629 1069 841 1162 ignorabam,
864 1081 899 1141 et
920 1071 956 1140 in
973 1094 1015 1142 eo
1034 1071 1187 1158 fallebar,
1211 1074 1305 1166 quud

112 1179 118 1187 ¹
222 1197 251 1267 si
284 1217 424 1267 nossem
454 1195 594 1287 parcius
619 1214 690 1264 non
714 1194 866 1291 fallerer,
895 1215 957 1263 nec
982 1216 1069 1266 vero
1093 1207 1170 1266 erat
1195 1197 1308 1267 alieno

219 1319 410 1411 persimile,
433 1312 595 1417 quoniam
622 1315 774 1385 alienum
795 1335 963 1409 prorsus:
992 1317 1054 1388 sed
1075 1315 1126 1387 sic
1145 1315 1231 1386 mibi
1253 1339 1309 1388 ac-

221 1439 368 1523 cidebat,
384 1448 422 1511 ut
435 1438 483 1508 illi
500 1439 560 1530 qui
578 1439 707 1530 apertis
725 1439 835 1510 oculis
853 1442 1003 1512 amicum
1020 1463 1136 1513 coram
1153 1442 1306 1535 positum

220 1586 290 1635 non
309 1563 427 1634 videt:
450 1572 526 1632 erat
543 1571 658 1631 autem
678 1561 723 1631 ad
743 1559 835 1634 bunc
853 1564 1005 1634 modum.
1028 1561 1116 1650 Quid
1132 1568 1222 1635 cuim
1240 1588 1307 1634 ooo

221 1685 373 1757 cocuzina
401 1685 565 1778 possunt?
591 1683 745 1756 Tandem
770 1686 815 1757 ad
841 1709 896 1755 me
926 1685 1063 1758 rediens
1093 1686 1309 1779 deprehendi

220 1833 289 1882 non
311 1831 426 1879 meum
447 1829 529 1879 esse
550 1806 655 1878 finem
676 1830 820 1880 versus.
849 1808 955 1879 Cuius
977 1819 1092 1880 autem
1117 1820 1213 1880 esset
1233 1810 1309 1882 diu-

221 1933 323 2006 ticule
342 1930 512 2015 haesitavi,
528 1953 597 2002 non
611 1931 712 2002 aliam
726 1930 772 2002 ob
787 1952 929 2003 causam
947 1931 1015 2002 nisi
1029 1931 1112 2024 quia
1130 1943 1166 2003 ut
1178 1932 1309 2004 dictum

158 2122 160 2126 ,
220 2068 283 2140 est,
305 2055 372 2125 iam
393 2077 470 2126 mea
490 2056 575 2126 illud
592 2055 626 2123 in
649 2055 780 2127 ratione
802 2076 1002 2149 posueram.
1022 2053 1077 2125 Ad
1095 2065 1308 2148 postremum

220 2180 333 2273 reperi
353 2201 434 2251 esse
454 2180 608 2250 Nasonis
628 2198 673 2246 vu
693 2178 1051 2271 lletbamcrpboseos.
1073 2179 1119 2248 Et
1138 2179 1205 2250 boc
1225 2200 1309 2270 ergo

222 2303 381 2374 similiter
400 2301 572 2384 innubis,
593 2322 775 2394 ponesque
796 2301 861 2385 ita,
883 2300 961 2390 quid
986 2303 1075 2370 enim
1095 2303 1164 2371 cim
1190 2304 1309 2372 carmi-

220 2426 274 2494 ois
298 2437 411 2514 aequct.
431 2425 502 2495 Nec
521 2422 642 2495 verbis
660 2444 725 2492 nec
743 2423 914 2494 sententia
930 2445 1058 2495 versus
1078 2423 1229 2495 inferior.
1249 2424 1309 2495 Hic

222 2547 328 2638 igitur
344 2546 456 2617 nostri
479 2545 532 2630 sit,
557 2545 586 2616 si
608 2555 723 2617 tamen
745 2544 802 2617 hio
822 2547 898 2641 ipse
917 2549 973 2618 vel
995 2548 1046 2618 sic
1065 2548 1168 2619 etiam
1191 2555 1309 2618 noster

220 2679 296 2739 est:
319 2668 374 2737 ille
395 2668 484 2737 alter
504 2668 549 2738 ad
566 2667 744 2738 dominum
766 2689 870 2740 suum
891 2668 1066 2741 redeatet
1081 2669 1231 2740 Nasonis
1254 2668 1306 2754 sit,

221 2815 325 2886 quem
351 2792 400 2861 illi
419 2791 556 2883 eripere
580 2814 644 2863 nec
670 2794 701 2863 si
722 2792 825 2863 velim
854 2791 1002 2885 possim,
1030 2814 1096 2862 nec
1120 2791 1149 2862 si
1174 2791 1306 2883 possim

220 2917 337 2987 velim.
356 2916 431 2988 Etsi
450 2916 542 2986 enim
564 2939 635 2988 non
657 2939 711 2987 me
733 2918 839 2988 lateat
856 2917 1027 3009 quosdam
1049 2925 1210 2986 veterum
1232 2915 1308 2987 Vir-

221 3038 412 3130 giliumque
444 3051 523 3112 aule
548 3043 635 3112 alios
667 3063 795 3112 versus
823 3042 1026 3112 innumeros
1059 3063 1129 3112 non
1160 3042 1307 3114 modoe

221 3182 338 3252 graeco
358 3161 391 3230 in
410 3163 554 3232 latinum
576 3184 712 3245 versos,
732 3163 789 3234 ubi
807 3164 996 3236 abstulisse
1013 3166 1150 3235 clavam
1169 3163 1306 3234 Herculi

220 3285 401 3378 gloriatur,
425 3283 486 3354 sed
508 3294 546 3355 ut
566 3295 665 3356 erant
685 3310 729 3358 ex
758 3287 879 3359 alienis
900 3288 935 3358 iu
956 3310 1060 3359 suum
1081 3309 1171 3381 opus
1192 3298 1306 3360 trans-

221 3410 351 3495 tulisse,
371 3431 437 3478 non
457 3409 651 3499 ignorantia
664 3409 807 3503 quidam
826 3413 903 3495 ulla,
922 3431 1004 3504 quae
1019 3413 1053 3483 in
1069 3421 1118 3483 tot
1130 3414 1306 3506 tantisque

221 3533 326 3604 rebus
341 3533 420 3603 hinc
431 3532 523 3603 illinc
535 3534 663 3627 ereptis
678 3532 762 3625 fingi
777 3539 904 3626 nequit,
920 3558 1033 3628 neque
1046 3534 1182 3607 furandi
1196 3558 1305 3629 quau-

220 3666 294 3727 tum
311 3656 528 3746 intelligitur,
549 3656 613 3726 sed
631 3655 787 3726 certandi
808 3659 932 3742 animo,
952 3670 1068 3731 tamen
1085 3668 1145 3730 aut
1162 3661 1241 3751 plus
1259 3658 1304 3728 illi

220 3781 368 3853 licentiae
388 3780 464 3864 luit,
488 3792 548 3851 aut
568 3801 668 3850 mens
687 3782 777 3863 alia3
799 3793 892 3852 certe
913 3804 991 3875 ego,
1019 3782 1086 3852 nisi
1110 3802 1167 3852 res
1189 3780 1306 3872 adigat

220 3903 331 3976 alieno
352 3905 465 3976 sciens
488 3905 535 3976 uti
557 3927 626 3976 non
646 3904 769 3999 patiar.
797 3907 832 3976 Si
854 3906 937 3997 quid
959 3907 1130 3978 adversus
1156 3905 1235 3977 baec
1261 3904 1304 3975 ab

161 4024 163 4030 ’
219 4025 400 4116 ignorante
414 4027 621 4122 peccabitur,
637 4031 689 4100 sac
702 4029 861 4101 seutiam.
875 4028 1037 4121 Agnosco
1050 4028 1162 4100 libens
1175 4028 1300 4102 bonam

220 4143 323 4217 iidem
351 4158 386 4220 et
404 4164 575 4245 usurpata
596 4153 750 4247 restituo.
779 4153 822 4223 Et
847 4175 893 4224 ex
920 4153 986 4224 hoc
1006 4151 1146 4243 quidem
1174 4174 1301 4244 genere
