2992 4664
263 310 320 371 302
602 321 642 365 un
665 317 764 366 nauus
786 318 1007 366 rnnrnnnmus

263 473 367 555 caput
388 461 509 544 Roma,
532 460 659 530 mirum
674 456 768 549 quod
782 478 871 549 pene
887 455 932 528 ad
952 478 1059 528 uuum
1081 457 1208 527 talibus
1222 458 1349 531 incolis

263 588 308 656 sit
327 585 513 656 exhausta.
535 581 681 652 Perusia
701 602 811 650 unum
834 579 920 661 tulit,
945 581 1098 650 futurum
1123 577 1256 671 aliquid
1276 583 1347 651 nisi

263 729 300 779 se
320 708 396 799 ipse
416 704 626 797 negligeret3
653 701 716 774 sed
736 703 874 772 illenon
887 703 1041 773 Parnaso
1056 713 1198 787 tantum,
1219 725 1346 775 verum

262 828 443 922 Apennino
467 827 572 897 etiam
603 839 708 917 atque
740 822 889 915 Alpibus
919 823 1065 906 relictis,
1099 827 1348 917 lucrosamque

261 953 393 1021 calamo
410 972 583 1044 papyrum
601 950 764 1028 sulcans,
790 968 885 1022 nunc
911 948 1027 1017 senior
1053 948 1238 1039 Hispanias
1265 970 1346 1040 per·

261 1083 420 1163 vagatur.
444 1073 680 1161 Tuleruntque
700 1070 786 1140 alios
805 1068 913 1139 urbes
925 1069 1020 1152 aliae,
1037 1070 1101 1140 sed
1114 1090 1235 1140 omnes
1250 1088 1345 1161 quos

262 1215 329 1286 ego
349 1214 532 1276 noveram,
551 1192 588 1262 in
609 1213 827 1261 communem
850 1191 944 1259 illam
965 1197 1000 1260 et
1025 1202 1193 1262 aeternam
1219 1191 1343 1261 urbem

261 1337 305 1386 ex
328 1316 397 1385 boc
413 1315 549 1385 mortali
570 1314 743 1384 domicilio
763 1314 1047 1403 commigrarunt.
1074 1311 1222 1384 Proinde
1247 1314 1345 1404 quod

263 1437 366 1506 velim
384 1437 500 1518 vides,
520 1458 564 1505 ne
583 1435 712 1512 scilicet
732 1435 777 1504 de
794 1435 906 1506 amico
923 1455 1050 1528 pergas
1072 1435 1184 1527 queri,
1200 1435 1296 1527 quod
1309 1450 1345 1507 te

203 1565 204 1570 ’
257 1558 297 1626 'in
315 1557 582 1641 terramduxit,
601 1556 668 1627 etsi
690 1556 824 1647 paucis,
848 1556 1006 1648 pluribus
1026 1565 1121 1626 certe
1146 1578 1252 1647 quam
1274 1560 1346 1629 ulla

263 1678 365 1750 bodie
383 1679 502 1749 amicis
523 1700 564 1749 ac
584 1677 807 1748 miratoribus
829 1676 1017 1748 habitatam
1041 1678 1119 1748 tuis.
1147 1678 1200 1747 An
1226 1681 1346 1750 nescis

260 1810 392 1894 quanta
417 1801 520 1872 etiam
547 1800 641 1894 apud
666 1822 731 1871 nus
758 1799 862 1870 buius
887 1801 1028 1890 generis
1054 1802 1179 1872 raritas
1205 1821 1346 1893 semper

260 1925 345 1995 luit‘l
361 1926 490 1996 Nostra
510 1925 605 1997 enim
627 1932 749 2007 aetale,
772 1922 839 1992 nisi
854 1924 965 2005 fallor,
988 1923 1120 1993 amicus
1141 1921 1197 1993 bic
1223 1933 1346 1994 noster

262 2049 330 2118 iarn
353 2058 423 2120 tota
445 2050 480 2119 in
500 2048 634 2119 Graecia
656 2048 752 2117 solus
773 2056 839 2116 est.
861 2047 947 2115 Erat
967 2046 1057 2115 alter
1082 2046 1187 2116 modo
1206 2052 1346 2136 'praece-

261 2177 339 2260 ptor
359 2190 471 2252 meus,
488 2169 549 2261 qui
567 2190 644 2238 cum
663 2165 951 2238 iucundissimam
970 2166 1075 2237 mein
1093 2187 1190 2258 spem
1205 2167 1345 2236 erexis-

262 2300 329 2372 set,
352 2292 386 2360 in
408 2292 486 2381 ipso
506 2290 702 2360 studiorum
724 2292 811 2359 lacte
825 2287 984 2359 destituit
996 2289 1164 2368 moriens;
1178 2290 1344 2380 quamvis

261 2413 328 2483 iam
350 2422 431 2480 ante
451 2410 671 2481 destituisset
696 2410 740 2480 ad
772 2410 1004 2501 episcopalem
1038 2432 1172 2493 curam,
1200 2432 1258 2480 me
1283 2416 1343 2503 qui

261 2534 452 2606 deserebar
474 2535 675 2617 adiuvante,
695 2537 881 2628 plusquam
903 2535 999 2606 illum
1020 2558 1123 2626 quam
1145 2556 1200 2605 me
1226 2536 1343 2628 ipsum

261 2657 453 2746 cogitante,
476 2666 666 2749 promotus
685 2658 821 2739 Quibus
842 2659 890 2730 ita
916 2679 955 2729 se
981 2657 1192 2729 habentibus
1218 2659 1345 2729 rarita-

262 2788 330 2848 tem
353 2779 444 2854 banc
464 2792 582 2872 patere
603 2791 761 2866 tuorum,
784 2790 819 2850 et
835 2780 977 2871 ignosce
998 2783 1129 2851 saeculo
1147 2782 1345 2851 senescenti

217 2981 221 2999 Ι
261 2902 355 2995 quod
375 2903 512 2976 llorenti
532 2905 637 2975 etiam
659 2903 870 2994 ignovisses.
894 2905 997 2975 Pauci
1017 2905 1110 2986 olim,
1138 2925 1232 2974 nnnc
1257 2925 1344 2995 pau-

219 3001 221 3053 l
261 3026 404 3109 cissimi,
429 3049 521 3110 mox,
545 3037 583 3096 ut
603 3048 768 3118 auguror,
791 3028 876 3097 nulli
896 3036 1012 3108 erunt,
1034 3025 1163 3118 quibus
1182 3025 1216 3093 in
1229 3026 1343 3116 pretio

262 3145 331 3216 sint
352 3147 501 3218 honesta
519 3149 644 3220 studia.
665 3150 751 3218 Cum
771 3149 827 3218 bis
849 3147 934 3242 ipsis
961 3149 1041 3217 licet
1066 3146 1170 3217 avide
1194 3150 1341 3230 versari,

263 3287 376 3358 noque
394 3264 455 3335 tibi
475 3268 510 3336 in
531 3279 681 3340 mentem
709 3269 828 3339 veniat
859 3279 1018 3338 nostrum
1048 3289 1186 3338 amnem
1211 3268 1344 3339 maiore

262 3393 365 3462 alveo
382 3401 591 3484 permutare.
614 3391 691 3460 Non
712 3400 750 3460 tu
767 3401 882 3474 nauta,
907 3412 972 3462 nec
998 3391 1148 3483 piscator
1176 3390 1341 3481 quidem:

260 3515 345 3606 quin
363 3514 443 3597 ime,
464 3513 494 3583 si
514 3535 620 3606 quam
639 3515 760 3585 falsam
779 3515 890 3606 cupi0,
914 3536 1000 3584 vera
1017 3524 1073 3584 est
1090 3516 1180 3585 lama
1197 3524 1344 3594 nonsat

261 3637 411 3708 faustum
431 3658 473 3707 ea
494 3635 556 3706 tibi
574 3658 653 3705 cum
675 3646 778 3726 gente
804 3637 1013 3728 colloquium
1039 3637 1114 3707 luit.
1141 3637 1254 3706 Parva
1282 3634 1342 3705 tibi

191 3749 195 3758 ’
262 3759 412 3830 Castalia
432 3760 575 3850 placuit,
599 3757 813 3851 humilisque
834 3760 986 3831 Helicon.
1006 3760 1131 3831 Noster
1147 3755 1342 3828 tibirlrnus

261 3883 441 3973 nostrique
460 3884 565 3954 colles
587 3884 761 3973 placeant,
797 3880 856 3951 ubi
888 3893 924 3953 et
955 3881 1089 3967 nobiles
1119 3880 1341 3972 ingeniorum

262 4004 493 4094 scaturigines
506 4014 710 4098 erumpunt,
728 4015 763 4073 et
779 4004 900 4075 dulces
913 4002 1092 4076 nidificant
1109 4004 1319 4096 philomenae
1333 4024 1340 4082 ;

262 4144 381 4214 paucae
401 4126 457 4197 ille
474 4128 614 4220 quidem
633 4130 761 4198 fateor:
787 4125 867 4209 sed,
884 4126 927 4210 si,
948 4135 986 4197 ut
998 4126 1126 4198 dictum
1141 4136 1211 4208 est,
1227 4124 1344 4194 vicina
