2940 4650
551 577 730 643 EPISTULA
753 579 832 641 bVll.

273 746 467 796 FRANCISCUS
489 746 657 795 Parauaea
678 748 810 797 IOHANNI
832 746 958 795 ntaltlo
980 746 1005 793 S.
1028 745 1056 793 P.
1082 745 1113 793 n.

422 887 505 942 Mittit
519 888 553 941 ad
569 903 633 941 eum
648 880 793 957 epistolam
808 886 953 960 poeticam.

248 1150 364 1221 Solitis
397 1162 432 1221 et
460 1152 760 1246 inexplicabilibus
782 1173 944 1225 curarum
973 1152 1054 1220 milri
1090 1152 1225 1244 laqueis

122 1317 126 1321 ·
150 1273 380 1366 circumsepto
402 1275 532 1345 nullum
550 1275 730 1346 affluxisse
752 1283 887 1367 poterat
905 1275 1038 1363 gratius
1058 1276 1226 1357 solamen,

148 1418 255 1487 quam
273 1397 366 1488 quod
385 1419 501 1467 secum
520 1397 633 1468 attulit
648 1395 913 1489 magnificentiae
928 1407 1056 1467 vestrae
1070 1395 1180 1468 dulcis
1194 1405 1230 1466 et

149 1518 290 1588 eximiae
310 1517 502 1589 dilectionis
530 1521 630 1591 testis
649 1521 807 1612 epistola,
835 1518 891 1590 cui
911 1518 1092 1589 confesti-m
1115 1518 1229 1611 prius-

148 1661 254 1732 quam
272 1651 331 1711 aut
351 1640 427 1734 ipsa
439 1640 600 1712 manibus
622 1641 830 1725 elaberetur,
853 1652 913 1712 aut
933 1663 1038 1732 quem
1053 1641 1163 1735 ipsius
1178 1643 1228 1712 le-

148 1783 212 1853 pos
226 1761 441 1833 excitaverat
454 1763 604 1856 impetus
622 1762 727 1833 animi
748 1763 960 1844 deferveret,
981 1772 1117 1832 centum
1140 1763 1228 1835 sorte

147 1884 339 1955 versiculos
355 1885 507 1970 reddidi,
528 1885 610 1954 lima
625 1884 765 1976 quidem
781 1884 814 1953 in
834 1891 970 1974 tempus
992 1883 1086 1952 aliud
1104 1882 1225 1967 dilata;

148 2027 255 2095 quum
273 2029 353 2078 ecce
373 2007 429 2077 die
450 2007 611 2101 proximo
626 2005 773 2076 nuncius
784 2015 923 2087 vester,
946 2002 1078 2095 dequo
1099 2003 1147 2074 nil
1164 2026 1226 2075 au-

98 2107 100 2109 ·
146 2125 303 2198 diveram
338 2141 398 2200 aut
424 2129 674 2219 cogitaveram,
708 2138 849 2223 repente
880 2126 991 2198 adluit
1016 2145 1225 2218 responsum

146 2250 318 2341 flagitans.
335 2249 477 2320 Substiti
492 2251 575 2342 quid
589 2272 729 2342 agerem
751 2249 916 2320 incertus.
935 2247 992 2321 Ad
1009 2256 1224 2341 postremum

146 2394 284 2443 omnem
304 2372 420 2443 iudicii
444 2374 551 2444 vestri
570 2394 755 2443 censuram
777 2370 995 2442 subeundam
1015 2370 1130 2464 potius
1150 2375 1225 2441 exi-

147 2496 298 2578 stimavi,
317 2518 422 2589 quam
439 2496 721 2584 committendum
744 2505 782 2567 ut
799 2498 927 2566 frustra
942 2495 1024 2575 mihi
1039 2502 1156 2579 tantus
1169 2493 1222 2563 vir

147 2619 326 2712 scripsisse
341 2619 526 2704 videretur,
545 2619 720 2715 praecipue
735 2619 818 2712 quia
832 2619 925 2688 hunc
939 2617 1053 2712 ipsum
1066 2617 1224 2689 incultio-

145 2739 193 2810 ris
221 2743 388 2816 ¹carminis
422 2743 600 2814 horrorem
630 2740 759 2812 amoris
787 2740 935 2821 indicem
960 2741 1050 2825 fore,
1078 2740 1223 2830 Virgilio

146 2860 360 2945 admonente,
373 2863 573 2934 didiceram.
595 2863 690 2933 blitto
707 2863 812 2951 igitur
824 2863 946 2952 quales
958 2873 1071 2930 erant:
1091 2862 1222 2933 mittam

146 2986 203 3053 vel
228 2987 335 3055 feram
371 2983 446 3075 ipse
473 2984 636 3055 libentius
663 2983 792 3053 maiora
824 3004 903 3051 cum
934 2994 1063 3074 potero.
1098 2984 1223 3056 Vester

147 3127 237 3177 sum:
253 3105 470 3205 obsecromc
482 3105 758 3194 recommendari
775 3107 819 3178 ad
840 3106 947 3200 pedes
971 3107 1146 3180 humiliter
1160 3109 1222 3181 do-

146 3229 229 3298 mini
251 3229 318 3298 mei
336 3227 443 3318 regis,
467 3230 512 3299 ad
525 3249 614 3321 quos
636 3229 765 3299 reverti
786 3237 916 3321 quanto
930 3229 1103 3301 desiderio
1124 3251 1225 3312 mens

147 3361 274 3425 aestuet
290 3353 390 3423 testis
420 3361 476 3422 est
495 3352 665 3425 Christus:
694 3351 756 3422 sed
777 3360 899 3422 catena
913 3336 1117 3442 vmultiplicis
1135 3340 1222 3422 obli-

145 3475 308 3565 gationis,
324 3496 405 3567 ‚qua
425 3474 566 3545 domino
586 3474 694 3545 Azoni
713 3495 789 3545 sum
811 3472 1036 3556 constrictus
1060 3470 1116 3542 me
1136 3471 1222 3544 buc-

144 3618 259 3688 usque
275 3596 432 3667 detiuuit.
454 3596 508 3665 Ex
526 3607 624 3689 parte
644 3595 725 3667 dicti
753 3597 882 3668 domini
910 3595 1040 3666 Azouis
1065 3615 1130 3666 vos
1165 3616 1221 3666 sa-

144 3724 228 3802 lut0,
244 3741 388 3791 necnon
402 3728 436 3790 et
450 3718 677 3790 Sennuccium
693 3742 806 3793 meum
816 3719 895 3807 ,cui
909 3720 1055 3790 multum
1069 3716 1218 3800 invideo,

145 3845 226 3936 quia
246 3854 312 3928 est,
330 3853 378 3913 ut
408 3842 482 3934 ipse
503 3841 594 3912 idem
618 3852 776 3926 testatur,
809 3845 919 3914 multa
939 3864 1017 3913 cum
1035 3842 1220 3922 dilectione

144 3968 338 4052 vobiscum,
361 3968 489 4061 quibus
508 3988 575 4058 ego
597 3988 651 4037 me
671 3967 806 4037 tertium
825 3964 899 4036 fieri
922 3987 981 4057 pro
1000 3964 1220 4056 grandimo-

145 4113 226 4162 uere
247 4113 423 4185 cuperem,
451 4089 519 4163 nisi
544 4101 579 4164 et
602 4092 739 4163 fortuna
764 4109 843 4161 mea
863 4097 954 4159 certe
975 4098 1011 4159 ct
1031 4086 1219 4179 indignitas

267 4224 302 4262 ιιι.
1031 4209 1062 4258 30
