2940 4650
541 337 695 388 urrsrono
716 337 779 387 vru.
1142 324 1201 387 533

122 487 239 579 pellat,
271 481 418 556 durities
451 481 625 572 gentium,
661 481 737 552 sive
770 487 808 550 ut
842 477 983 570 quidam
1011 478 1201 572 scriptores

121 615 263 690 vocant,
286 600 449 688 liuentia,
483 624 505 674 a
538 601 673 674 ruendo
705 599 847 685 diceris,
876 621 1034 692 praeceps
1074 601 1204 673 flumen

122 728 413 819 damnosumque,
447 724 696 796 cuinsuccolae
722 722 808 793 nihil
839 721 943 793 undis
963 723 1118 821 ctalveo
1139 721 1205 791 mi-

122 846 243 932 tiores,
266 856 305 917 et
322 845 386 939 ipsi
408 853 503 916 tanto
524 844 656 935 impetu
689 841 724 912 in
751 841 933 936 quodlibet
951 844 1204 917 scelusruunt.

123 971 152 1042 0
169 967 387 1063 impudenter
407 968 544 1041 elati:o
577 965 867 1036 irreverenteset
887 964 1041 1034 indevoti
1063 980 1206 1042 omnes:

123 1085 235 1164 onon
253 1101 312 1162 tua
334 1089 497 1174 sorbens,
531 1097 570 1158 et
598 1085 729 1158 tumide
750 1085 784 1155 in
806 1085 985 1157 dominum
1020 1086 1210 1177 insurgens
1296 1166 1299 1170 ,

125 1215 250 1305 Surga3
281 1234 303 1284 o
329 1210 519 1283 Rhodanus
536 1208 664 1280 rodens
690 1207 824 1292 omnia,
851 1208 902 1279 sic
927 1206 1090 1302 Tyberim
1112 1224 1210 1281 reco-

125 1335 306 1428 gnoscitis,
339 1334 389 1405 sic
407 1331 752 1403 Romamdominam
781 1329 986 1402 honoratis?
1018 1330 1206 1416 OAvinio,

124 1458 224 1529 cuius
237 1456 340 1528 vinea
358 1453 498 1549 (siquid
516 1451 772 1524 coniectoribus
786 1450 956 1542 fideiest)
979 1451 1098 1524 botros
1114 1475 1211 1526 ama·

124 1578 282 1651 rissimos
296 1588 333 1650 et
352 1584 532 1649 cruentam
551 1577 681 1668 prolert
701 1573 931 1660 vindemiam,
965 1577 1016 1647 sic
1033 1575 1208 1649 dominam

124 1702 270 1770 Romam
286 1699 384 1784 colis,
408 1698 459 1768 sic
479 1697 543 1780 tui,
566 1695 617 1766 sic
636 1696 742 1779 illius,
771 1696 822 1767 sic
842 1697 997 1790 propriae
1015 1698 1208 1783 servitude,

126 1822 177 1892 sic
205 1819 333 1891 summi
353 1817 487 1913 imperii
519 1838 652 1887 memor
672 1819 735 1889 es?
755 1817 818 1889 Vre
841 1817 916 1903 tibi,
938 1819 1079 1904 infelix,
1103 1821 1133 1890 si
1153 1821 1211 1891 illa

125 1941 269 2037 coeperit
288 1940 500 2033 expergisci,
515 1940 684 2011 imovero
705 1939 735 2010 si
755 1951 859 2035 caput
875 1942 1059 2028 extulerit,
1078 1952 1114 2013 et
1130 1943 1213 2016 dor-

125 2063 244 2136 mienti
259 2062 325 2135 sibi
339 2064 451 2134 illatas
463 2062 610 2146 iniurias
624 2071 659 2132 et
672 2061 800 2132 damna
821 2064 1054 2156 prospexerit.
1076 2065 1212 2159 Exper-

125 2195 220 2259 recta
240 2185 333 2258 enim
355 2184 423 2255 iam
438 2203 531 2254 nunc
551 2193 621 2268 est,
641 2181 746 2254 crede
767 2181 867 2254 mihi:
890 2206 959 2256 non
980 2184 1125 2273 dormit,
1149 2187 1213 2259 sed

127 2294 216 2392 silet,
239 2316 275 2378 et
298 2307 433 2378 somnia
453 2303 621 2398 praeteriti
649 2303 899 2398 temporissub
916 2305 1053 2378 silentio
1075 2307 1211 2401 repetit,

126 2428 267 2522 etquid
289 2448 437 2519 surgons
460 2425 644 2499 actura'sit
663 2425 803 2517 cogitat.
827 2425 1021 2519 Expectato
1034 2431 1212 2523 paululum

126 2564 162 2624 et
177 2550 315 2623 videbis
340 2550 513 2641 magnalia
544 2549 579 2618 in
610 2545 696 2619 orbe
719 2558 908 2633 terrarum,
936 2547 1083 2644 fierique
1109 2551 1215 2622 mira-

127 2672 211 2745 bere
231 2693 311 2766 quae
332 2674 559 2743 antefactum
581 2668 810 2764 impossibilia
828 2669 1036 2744 iudicasses.
1056 2671 1112 2743 An
1130 2671 1215 2765 quid

128 2795 192 2877 sis,
214 2815 259 2864 an
281 2794 338 2864 ubi
357 2793 423 2876 sis,
458 2816 502 2864 an
522 2793 578 2864 cui
597 2791 715 2862 subsis
750 2791 916 2881 ignoras?
949 2792 1003 2862 An
1025 2794 1215 2886 provinciae

128 2935 255 2985 nomen
277 2913 392 2984 nescis
406 2912 499 2983 unde
511 2909 727 2983 descendat?
744 2909 913 2991 Quisnam
931 2913 1027 2984 iuror
1041 2914 1215 3006 hic,quae-

128 3057 208 3107 narn
229 3035 296 3104 ista
321 3032 517 3106 dementia?
551 3033 607 3103 Sic
638 3030 775 3101 modico
807 3050 934 3103 sereno
967 3042 1214 3127 tempestatum

129 3157 283 3235 omnium
306 3153 484 3247 subrepsit
503 3153 663 3225 oblivio?
680 3149 814 3223 Siccine
827 3152 1086 3246 provinciarum
1104 3158 1216 3230 domi-

128 3298 209 3367 nam
227 3277 429 3349 veneraris?
454 3257 572 3369 Sopita
594 3287 685 3360 erat,
714 3282 749 3344 tu
777 3285 948 3348 mortuam
973 3280 1153 3352 credidisti
1175 3305 1215 3354 ac

128 3397 226 3469 velut
246 3406 357 3468 morte
377 3396 529 3468 dominae
547 3396 699 3468 libertati
725 3397 863 3470 reddita
880 3399 995 3472 adhuc
1021 3410 1215 3475 servam'te

129 3517 274 3610 putasti,
294 3518 362 3590 nisi
381 3517 575 3591 libertatem
598 3518 709 3613 ipsam
731 3519 872 3610 flagitiis
886 3522 1110 3615 approbares.
1126 3525 1216 3597 Esse

131 3640 273 3734 aliquid,
295 3663 399 3736 posse
420 3641 553 3734 aliquid
582 3640 698 3713 videri
726 3642 840 3734 cupis:
875 3665 940 3715 nos
961 3645 1164 3738 aliquandiu
1181 3657 1216 3719 te

131 3763 205 3833 voti
225 3773 420 3857 compotem
440 3762 680 3835 ‘deliberando
712 3763 870 3835 lecimus.
904 3765 1057 3860 Tempus
1084 3775 1213 3857 estut,

130 3883 232 3958 nobis
257 3884 536 3970 admonentibus,
565 3885 765 3979 resipiscas.
787 3885 974 3959 Multorum
997 3890 1134 4004 pompe
1153 3910 1290 3986 po-t,

133 4009 325 4081 tentianon
346 4007 551 4104 inpropriis
573 4007 723 4093 viribus,
761 4006 824 4079 sed
844 4009 880 4079 in
901 4011 1015 4083 aliena
1035 4010 1215 4086 debilitate

111 4111 114 4155 ‘¹
133 4132 273 4207 lundata
291 4141 359 4207 est:
371 4154 497 4207 verum
510 4131 599 4217 haec,
615 4130 819 4205 adversario
842 4137 1123 4221 convalescente,
1138 4156 1215 4207 cor-
