2934 4650
544 320 699 370 arrsronn
721 319 826 367 xnvrn.
1164 303 1223 365 tua

144 460 218 531 illos
245 461 377 530 meritis
398 469 433 530 et
453 460 648 531 felicissimo
675 466 845 528 successu
869 456 1040 528 libertatis
1068 460 1222 547 gratuler

144 581 295 674 incertus
314 602 403 652 sum.
423 582 585 673 Utrisque
601 581 731 673 pariter
749 580 919 670 gratulor,
935 589 1103 670 utrosque
1121 577 1224 648 simul

146 704 315 795 alloquar,
336 724 448 794 neque
468 724 557 795 quos
581 714 649 774 tam
671 704 877 774 coniunctos
895 699 1001 771 rebus
1018 697 1102 791 ipsis
1121 699 1224 773 video

147 845 308 895 sermone
333 824 544 915 disiungam.
578 824 648 897 Sed
673 824 803 917 quibus
830 822 967 893 interim
998 818 1117 891 verbis
1147 832 1224 892 utar

95 978 97 981 ·
147 943 183 1014 in
216 956 282 1015 tam
316 945 495 1037 repentino
522 957 661 1036 tamque
694 944 871 1039 inopinato
905 941 1057 1034 gaudio?
1090 938 1224 1024 Quibus

146 1066 244 1136 votis
258 1065 448 1136 exultantis
475 1066 580 1136 animi
598 1074 714 1138 motus
731 1066 926 1158 explicem?
947 1065 1080 1136 Usitata
1105 1062 1225 1135 sorde·

149 1200 265 1274 scunt,
287 1187 451 1259 inusitata
471 1206 540 1258 non
559 1186 684 1277 audeo.
707 1186 864 1258 Furabor
896 1207 950 1256 me
979 1186 1147 1279 tantisper
1167 1207 1225 1258 oo-

149 1308 391 1402 cupatiouibus
416 1311 516 1392 meis,
545 1320 581 1380 et
601 1309 784 1380 Homerico
809 1309 888 1380 stilo
915 1306 1143 1399 dignissimos
1167 1330 1225 1380 uo-

149 1432 291 1522 gitatae,
313 1432 408 1523 quod
442 1430 586 1523 penuria
613 1431 778 1525 temporis
804 1431 971 1514 hortatur,
1000 1430 1225 1503 tumultuaria

148 1557 357 1645 complectar
381 1553 546 1625 oratioue.
572 1551 731 1625 Libertas
759 1554 792 1622 in
825 1552 940 1625 medio
972 1561 1130 1624 vestrum
1155 1565 1222 1635 est,

148 1697 218 1766 qua
251 1674 513 1758 nihildulciuS,
537 1674 621 1744 nibil
656 1674 842 1768 optabilius
880 1696 1058 1766 nunquam
1085 1674 1226 1763 ‚certius
1292 1693 1303 1709 “

149 1816 255 1887 quam
285 1795 462 1887 perdendo
488 1796 722 1887 cognoscitur.
744 1798 816 1867 Hoc
843 1809 957 1867 tamen
983 1798 1107 1888 grandi
1132 1796 1226 1872 bono

149 1927 184 1987 et
207 1915 445 2008 experimento
467 1927 516 1989 tot
535 1937 707 1989 annorum
732 1918 870 2008 cognito
887 1919 976 1999 laete,
1004 1918 1131 2004 sobrie,
1152 1940 1227 1989 mo·
1268 1981 1270 1994 ξ

148 2039 249 2111 desta
281 2039 534 2131 tranquilleque
566 2037 741 2121 fruamini,
777 2040 908 2130 gratias
934 2051 1078 2130 agentes
1107 2042 1226 2113 talium
1258 2036 1268 2143 j
1334 2098 1337 2101 .

148 2177 331 2232 munerum
353 2159 507 2251 largitori
529 2160 613 2243 Deo,
635 2159 696 2251 qui
720 2160 872 2231 nondum
894 2163 1228 2234 sacrosanctissima

149 2303 223 2355 suae
245 2279 346 2352 Urbis
368 2280 497 2352 oblitus
514 2293 582 2366 est,
604 2292 639 2352 et
659 2303 737 2352 eam
760 2302 900 2352 servam
917 2281 1050 2354 diutins
1072 2296 1228 2376 spectare

148 2426 217 2475 non
237 2402 368 2495 potuit,
393 2402 486 2494 apud
506 2424 609 2494 quam
629 2413 804 2475 ,terrarum
834 2403 929 2476 orbis
953 2403 1136 2497 imperium
1159 2409 1228 2478 col-

148 2529 286 2598 locarat.
309 2525 439 2618 ltaque,
465 2525 531 2595 viri
553 2528 668 2611 fortes
691 2535 727 2597 ct
752 2526 908 2598 virorum
928 2527 1067 2599 sortium
1089 2548 1229 2598 succes·
1263 2558 1265 2562 ·

149 2666 261 2730 sores,
294 2645 431 2718 sicum
464 2645 624 2719 libertate
651 2668 736 2718 sana
762 2669 861 2718 mens
895 2648 1007 2732 rediit,
1037 2671 1105 2720 non
1130 2648 1229 2742 prius

149 2769 239 2841 hano
269 2791 373 2860 quam
409 2768 517 2840 vitam
548 2768 782 2841 deserendam
816 2769 881 2840 sibi
914 2771 1067 2863 wquisque
1098 2793 1229 2864 prose

150 2890 288 2979 cogitet,
308 2889 382 2982 sine
398 2909 471 2989 Ἴ(με>
493 2888 567 2958 vita
587 2888 775 2961 ludibrium
793 2899 857 2960 est.
876 2892 1094 2963 Praeteritam
1116 2894 1229 2963 servi·
1252 2924 1278 2947 ν

151 3023 258 3084 tutem
291 3019 371 3080 ante
396 3010 515 3081 oculos
545 3009 688 3079 assidue
710 2998 893 3089 revocate3
920 3012 1132 3097 sicutenim,
1162 3013 1229 3086 nisi
1277 3095 1279 3099 y

149 3134 263 3235 fallor,
285 3131 351 3202 erit
372 3151 530 3224 praesens
552 3131 730 3222 aliquan-to
755 3132 859 3203 etiam
884 3155 991 3226 quam
1017 3135 1090 3207 vita
1115 3138 1229 3208 carior

151 3255 307 3339 libertas,
331 3264 369 3325 ut
388 3254 419 3325 si
439 3254 607 3323 alterutro
632 3253 821 3326 carendum
854 3255 908 3339 sit,
938 3258 1081 3350 reperiri
1116 3261 1231 3340 valeat

150 3398 267 3462 nemu,
283 3378 338 3448 eui
352 3375 455 3448 modo
477 3375 629 3468 supersit
649 3375 842 3469 quidquam
864 3378 1008 3447 Romani
1030 3380 1228 3469 sanguiniS,
1332 3451 1334 3457 ,

150 3501 300 3592 quinon
321 3499 418 3569 malit
438 3500 473 3568 in
494 3498 652 3570 libertate
675 3501 768 3584 mori,
788 3522 891 3592 quam
920 3500 954 3569 in
981 3500 1151 3575 servitute
1178 3501 1231 3574 vi-

151 3641 245 3691 vere.
265 3621 415 3711 illapsus
434 3619 539 3688 hamo
558 3620 661 3731 piscis
681 3619 850 3712 quidquid
868 3620 902 3690 in
922 3619 1023 3692 undis
1043 3619 1231 3693 internatat

150 3740 288 3821 metuit3
306 3760 459 3810 excussa
475 3736 635 3813 saucibus
653 3742 815 3834 luporum
835 3743 912 3812 ovis
933 3744 1077 3834 glauces
1094 3743 1233 3814 eminus

151 3861 269 3931 horret
300 3880 427 3931 canes:
462 3862 626 3953 explicita
651 3862 749 3933 visco
773 3862 927 3935 volucris
951 3873 1022 3936 tuta
1042 3865 1148 3936 etiam
1163 3888 1231 3953 ,ar-

150 3980 255 4053 busta
295 3981 468 4053 formidat.
498 3983 650 4068 Etrus,
673 3984 759 4055 mihi
791 3984 943 4083 credite,
968 3985 1113 4058 inescati
1139 3988 1232 4061 hami

152 4100 248 4174 falsae
279 4106 351 4196 spei
386 4105 571 4189 blanditiis²
605 4116 640 4178 et
672 4127 737 4178 vos
769 4107 944 4200 pestilerae
969 4108 1232 4180 consuetudinis
