2738 4680
224 321 318 370 uiuus
340 318 848 373 vrcusruusun1ntus.-ue1sronn
869 322 922 370 xri.
1073 310 1111 371 99

21 482 159 545 semna,
184 461 253 532 nisi
271 459 458 553 desperata
476 458 697 552 priusquam
716 468 847 533 tentata
867 459 1110 553 liquissemus.

24 583 116 667 Fuit,
142 592 180 653 ut
199 583 293 653 fama
314 594 383 667 est,
414 592 449 653 et
469 581 529 675 qui
549 585 676 654 ooelum
689 583 811 676 pennis
825 589 967 675 peteret,
990 595 1025 655 et
1050 587 1111 677 qui

21 703 94 777 sub
120 702 287 776 fluctibus
313 707 464 776 animam
491 716 728 777 conservaret.
751 706 841 776 Rara
868 715 962 788 sunt,
989 709 1109 779 fateor.

20 828 96 901 Sed
116 826 245 899 talibus
262 828 492 932 delectamur,
515 829 727 920 omninoque
752 828 929 899 fastidium
949 832 1112 923 frequen-

21 952 90 1035 tia,
120 949 388 1022 delectationem
422 948 547 1022 raritas
578 949 678 1042 parit.
712 948 830 1021 Habes
862 971 932 1021 non
966 972 1110 1044 parvam

19 1073 196 1170 propositi
216 1074 286 1145 mei
306 1084 462 1167 partem,
483 1073 540 1144 oui
561 1073 647 1146 illud
665 1072 863 1144 addendum
880 1082 945 1158 est,
963 1075 1058 1167 quod
1075 1077 1111 1145 in

21 1197 93 1270 hac
113 1196 283 1290 parcitate
310 1197 479 1290 temporis
499 1195 699 1286 Augustum
713 1217 877 1288 sequena,
891 1208 926 1268 et
944 1195 1033 1268 inter
1053 1219 1111 1269 co·

24 1321 194 1392 mendum
216 1319 483 1413 radendumque
504 1322 620 1411 legere
638 1324 700 1391 aut
720 1318 887 1403 scribere,
909 1326 971 1392 aut
990 1322 1111 1413 legen·

24 1455 79 1516 tes
94 1443 228 1527 audire,
242 1453 278 1515 et
299 1441 540 1516 scribentibus
556 1441 687 1515 dictare
701 1445 809 1515 soleo.
824 1443 974 1536 thuod
994 1461 1110 1538 neque

25 1568 69 1640 de
100 1570 178 1663 ipso
211 1590 328 1661 neque
362 1568 406 1639 de
438 1568 507 1639 alio
539 1567 635 1660 quod
667 1566 885 1638 meminerim
912 1569 998 1661 legi,
1021 1569 1110 1641 inter

27 1691 255 1784 equitandum
278 1689 562 1782 ooenandumqua
582 1688 675 1761 idem
693 1691 809 1762 facere
822 1691 1109 1764 consuetudinem

29 1816 105 1888 leci:
139 1814 260 1907 itaque
291 1834 398 1907 saepe,
417 1814 512 1906 quod
530 1811 724 1898 miraberis,
747 1836 839 1906 equo
859 1813 988 1887 sedens
1014 1813 1109 1886 viam

29 1940 131 2011 simul
143 1958 355 2030 carmenque
373 1938 558 2031 complevi,
573 1945 609 2007 et
624 1935 707 2007 dum
726 1938 848 2031 procul
864 1935 910 2008 ab
926 1937 1108 2008 hominum

29 2061 138 2134 turbis
161 2082 255 2145 sum,
277 2041 502 2132 in‘alterutro
515 2060 679 2131 Helieone
693 2072 829 2145 nostro,
847 2059 915 2131 nisi
932 2060 1109 2153 peregrini

28 2188 188 2259 convivae
209 2191 393 2276 respectus
413 2181 594 2275 impediat,
619 2201 758 2276 semper
773 2185 929 2255 calamus
948 2193 1107 2274 agrestes

29 2309 115 2381 inter
135 2310 260 2404 epulas
281 2306 424 2389 eminet,
446 2327 511 2378 nec
531 2304 601 2377 ulla
618 2305 702 2376 mihi
723 2327 847 2379 mensa
864 2305 940 2377 sine
959 2306 1108 2399 pugilla-

29 2433 123 2505 ribus
164 2430 300 2504 tabellis
340 2431 535 2503 instruitur.
573 2431 676 2524 Saepe
710 2432 815 2502 etiam
852 2440 956 2502 nocte
993 2429 1108 2503 media

29 2565 266 2650 experrectus,
294 2553 407 2649 sopito
426 2553 564 2637 lumine,
587 2563 667 2624 ante
692 2553 808 2625 omnia
834 2553 1108 2648 pulvinari'hae-

29 2689 160 2752 reutem
173 2680 347 2750 calamum
361 2676 504 2772 arripui,
527 2686 563 2749 et
579 2698 624 2749 ne
644 2685 812 2769 concepta
828 2673 1033 2762 defluerent,
1053 2678 1106 2746 in-

28 2811 77 2874 ter
97 2799 264 2874 tenebras
290 2800 430 2892 scripsi,
457 2799 553 2893 quod
579 2816 724 2870 reversa
748 2800 825 2869 luce
850 2798 914 2868 vix
940 2799 1106 2890 legeram.

28 2927 86 3000 Hae
107 2935 192 2998 sunt
216 2945 313 2996 curae
340 2943 441 2995 meae.
462 2922 722 2996 Gloriabundus
750 2924 838 2993 sorte
858 2920 937 2992 aliis
961 2923 1106 2994 visurus

28 3040 103 3135 sim;
125 3062 165 3122 tu
183 3050 216 3120 in
235 3050 302 3122 hoc
319 3046 478 3120 familiari
499 3047 673 3140 colloquio
693 3044 801 3124 vitam
823 3054 929 3139 atque
950 3047 1107 3118 animum

28 3196 142 3246 meum
163 3195 301 3259 cernes,
323 3183 360 3245 et
380 3172 553 3264 intelliges
573 3194 630 3242 me
650 3192 697 3244 ex
718 3169 774 3241 his
794 3168 963 3264 pudorem
990 3172 1106 3266 potius
1165 3265 1167 3269 ⁷

28 3308 166 3393 captare
199 3319 304 3390 quam
327 3295 490 3388 gloriam,
512 3294 608 3389 quod
630 3294 760 3366 scilicet
780 3292 846 3365 hac
871 3304 975 3365 aetate
1000 3296 1104 3365 ullam

28 3419 126 3491 aliam
149 3437 255 3512 quam
279 3419 410 3490 animae
435 3440 555 3489 curam
583 3438 713 3509 geram.
737 3416 792 3487 Sio
815 3437 892 3488 sum
915 3426 1045 3498 tamen,
1071 3424 1107 3485 et

27 3541 108 3612 mihi
143 3538 345 3637 persuadeo
372 3542 500 3614 animae
532 3541 635 3613 etiam
668 3541 850 3634 profutura
870 3559 951 3632 quae
972 3537 1104 3608 molior.

15 3664 180 3738 Procedo
200 3663 293 3737 enim
315 3688 394 3738 cum
417 3666 587 3750 securior,
615 3675 687 3736 tum
716 3665 842 3748 laetior,
868 3661 1033 3756 quodque
1059 3661 1107 3733 ait

29 3787 92 3876 ille,
116 3789 273 3884 quotidie
293 3791 434 3863 discens
455 3788 587 3883 aliquid
601 3796 758 3862 senesoo.
773 3789 818 3858 Et
837 3785 933 3880 quid,
956 3785 1103 3877 inquies,

29 3911 91 3984 iam
112 3911 322 3988 discendum
343 3917 494 3986 oenses‘l
522 3915 628 3984 Multa
655 3913 814 4006 quidem:
836 3909 933 3981 disco
958 3909 1106 4001 qualiter

6 4093 8 4099 .
31 4048 148 4129 sponte
167 4061 247 4110 mea
268 4039 405 4111 iuvenis
426 4058 508 4109 esse
529 4037 599 4109 iam*
619 4037 787 4118 desinam,
802 4045 838 4105 et
851 4032 947 4126 quod
969 4053 1106 4125 semper

31 4164 146 4256 cupide
166 4163 287 4247 didici,
311 4185 546 4255 necunquam
568 4156 670 4232 uirnis
696 4155 856 4243 discitur,
879 4157 976 4230 disco
1004 4177 1105 4228 sene·
