2804 4656
307 333 400 381 crosa
420 332 732 382 vruusruusrsarrus.
747 334 948 389 r-srrsroul
970 336 998 383 v.
1134 323 1192 385 lea

112 479 173 550 llis
184 488 270 568 ergo
285 476 457 569 sepositis,
471 496 552 567 quae
571 484 767 567 sequuntur
780 494 948 569 exequor.
964 475 1101 558 Quanto
1113 479 1192 550 cum

111 598 241 691 gaudio
253 619 309 668 me
322 597 413 667 illam
428 596 586 691 epistolae
600 606 669 667 tuae
682 608 816 689 partem
830 598 1014 690 aspexisse
1026 601 1192 687 aestimas,

112 721 244 803 ubiuis,
260 719 402 791 assidue
415 728 562 789 mortem
580 719 790 810 intrepidum
798 720 1080 814 expectare‘th!
1093 721 1195 794 docto

65 846 67 849 ’
111 846 197 924 viro,
215 844 277 914 oh!
299 863 383 913 vere
405 850 438 912 te
451 840 597 933 dignum
618 840 782 914 verbum!
803 843 892 913 Mori
907 843 1049 914 timeant
1068 845 1196 937 quivi-

112 988 196 1039 vere
222 966 432 1037 nescierunt.
459 964 510 1036 Tu
534 964 672 1058 quisic
700 965 835 1050 vixisti,
864 973 903 1036 ut
928 986 996 1038 nou
1029 968 1195 1040 inutiliter

112 1099 216 1161 natus
237 1089 299 1170 sis,
321 1108 391 1157 non
412 1085 487 1170 tibi,
511 1108 578 1158 non
594 1087 733 1179 patriae,
756 1109 825 1159 nou
846 1087 982 1173 amicis,
1000 1110 1063 1160 cur
1075 1108 1198 1181 quaeso

111 1207 259 1284 mortem
286 1210 423 1295 timeas,
452 1231 533 1303 quae
561 1210 620 1281 tibi
651 1212 736 1304 quid
766 1211 860 1282 aliud
889 1232 994 1304 quam
1020 1211 1198 1282 defessum

113 1336 368 1427 corpusculum,
388 1342 424 1404 et
444 1355 524 1404 cum
546 1333 604 1404 illo
625 1332 910 1405 multumlaboris
930 1354 973 1404 ac
991 1333 1086 1405 taedii
1105 1331 1200 1405 abla-

115 1465 191 1530 tura
212 1457 273 1541 sit,
293 1456 420 1526 animae
440 1456 489 1527 nil
510 1477 656 1547 prorsus
680 1458 838 1528 nocitura
859 1458 915 1528 vel
934 1455 1087 1527 nomini?
1104 1457 1198 1529 Mors

113 1578 252 1674 quidem
266 1588 304 1650 ut
313 1579 413 1649 malis
427 1577 1024 1672 omnibussuppliciorumiutroitus,
1040 1581 1198 1673 volupta-

115 1710 186 1774 tum
207 1705 336 1785 exitus,
360 1702 411 1772 sic
432 1701 543 1785 bonis,
565 1723 715 1793 quorum
736 1722 802 1792 ego
823 1711 857 1772 te
877 1701 1033 1772 numeris
1054 1699 1201 1772 fidenter

113 1825 350 1918 ascripserim,
374 1821 531 1895 laborum
554 1822 633 1894 finis
653 1835 688 1895 et
708 1824 791 1895 vitae
812 1824 965 1897 melioris
982 1824 1117 1896 initium
1130 1833 1196 1897 est.

113 1939 150 2045 l(
163 1968 309 2019 securus
327 1947 442 2038 igitur,
462 1956 501 2018 ut
516 1947 615 2030 lacis,
634 1947 720 2016 nihil
738 1946 982 2039 trepidaveris.
997 1949 1145 2020 Senectu
1160 1941 1232 2053 set?

114 2091 209 2143 mors
226 2071 441 2141 liberatrices
461 2080 542 2139 sunt
556 2069 870 2161 humani'generis:
889 2070 1085 2141 animorum
1106 2091 1201 2142 mor·

117 2192 196 2278 hos,
219 2195 277 2286 qui
299 2191 575 2265 innumerabiles
597 2203 631 2264 et
645 2214 733 2287 pene
744 2191 964 2264 incredibiles
979 2201 1072 2277 suut,
1090 2194 1203 2286 prima

113 2314 262 2406 mitigat,
286 2313 441 2386 secunda
467 2313 776 2385 convellit.·Prima
802 2334 822 2383 a
848 2313 951 2384 malis
975 2322 1082 2406 atque
1102 2313 1199 2384 labo-

114 2437 209 2509 ribus
227 2438 408 2510 abstrahit.
427 2436 587 2508 Secunda
603 2436 699 2508 veris
716 2434 819 2507 bouis
840 2445 875 2506 et
896 2437 1005 2529 quieti
1023 2456 1086 2507 nos
1107 2436 1202 2508 inse·

113 2561 158 2631 rit
177 2561 410 2654 sempiternae.
428 2560 529 2645 Quod
546 2561 590 2632 de
606 2571 719 2632 morte
732 2558 945 2654 praesertim,
961 2581 1067 2651 quam
1079 2581 1099 2630 a
1112 2563 1200 2630 mul-

114 2684 156 2756 tis
183 2686 381 2756 infamatam
409 2683 529 2767 video,
556 2686 672 2755 forsan
699 2682 817 2753 dicere
843 2700 913 2751 non
932 2681 1113 2765 auderem,
1132 2682 1200 2753 nisi

112 2806 267 2878 Plotinus
284 2807 341 2876 ille
362 2807 614 2877 Platonicorum
636 2806 815 2899 princeps,
838 2815 877 2874 ut
898 2804 1016 2875 sileam
1039 2813 1197 2890 caeteros,

113 2936 149 3001 et
166 2928 279 2999 secuti
295 2950 376 2998 eum
394 2928 524 3020 aliquot
541 2949 586 2997 ex
608 2925 757 2999 ducibus
774 2926 916 3007 nostris,
931 2927 1134 2998 nominatim
1145 2927 1199 2998 Ci-

111 3052 257 3143 priauus
277 3059 312 3119 et
325 3047 560 3140 Augustinus,
576 3048 611 3118 id
631 3047 799 3130 dicerent,
819 3047 1092 3119 misericordiam
1105 3048 1197 3119 scili-

111 3182 167 3244 cet
188 3171 248 3243 Dei
268 3194 350 3243 esse
370 3192 433 3243 nus
460 3170 585 3242 fecisse
606 3170 787 3242 mortales:
809 3178 858 3254 et,
882 3182 919 3241 ut
940 3170 1092 3243 Platonis
1117 3181 1197 3244 utar

112 3293 246 3379 verbis,
260 3294 520 3367 misericordem
536 3306 667 3386 patrem
685 3293 826 3365 vincula
843 3292 946 3365 nobis
963 3297 1088 3367 secisse
1103 3317 1197 3367 mor-

114 3417 204 3487 talia.
226 3419 322 3488 Bona
347 3439 431 3508 ergo
458 3424 633 3502 senectus,
661 3437 741 3509 quae
756 3405 832 3489 xiam
853 3417 967 3501 iuxta,
990 3416 1057 3487 iam
1080 3425 1194 3487 tecum

112 3549 180 3623 est;
201 3549 237 3610 et
256 3560 351 3611 mors
370 3539 490 3610 melior
511 3562 616 3632 quam
637 3551 815 3634 expectas.
834 3540 879 3610 Ut
895 3537 987 3611 enim
1006 3558 1094 3607 mors
1115 3557 1194 3629 pec-

114 3673 259 3732 catorum
281 3663 439 3754 pessimo,
468 3662 561 3755 quod
587 3664 771 3734 Psalmista
796 3665 844 3734 ait
870 3658 1012 3756 (eorum
1037 3660 1194 3751 intelligo

112 3807 201 3878 quos
213 3806 378 3878 peccasse
391 3807 461 3857 non
482 3788 627 3880 poenitet
647 3788 709 3860 sed
726 3787 888 3869 delectat,
908 3806 952 3855 ne
972 3785 1001 3856 si
1018 3793 1194 3878 praerupte

113 3910 214 3980 nimis
236 3917 415 4001 acceptum
437 3910 495 3994 sit,
518 3930 638 3981 omnes
659 3909 818 3982 homines
833 3916 1057 4003 peccatorum
1074 3905 1195 3998 appel-

114 4030 195 4103 latio
210 4030 476 4125 apprehendat),
496 4032 545 4103 sic
555 4031 684 4126 optima
697 4051 793 4102 mors
808 4031 991 4102 iustorum.
1008 4024 1194 4100 llaechaud

114 4153 219 4225 dubie
244 4154 311 4225 iam
331 4136 555 4247 propinquat.
583 4154 668 4225 Nam
697 4176 778 4228 cum
806 4155 901 4225 nulla
928 4162 1015 4226 aetas
1040 4152 1085 4227 de
1111 4135 1194 4224 vita
