2940 4650
582 301 737 352 urrsrnnn
758 303 777 350 1.
1139 286 1214 349 ,tet

141 427 230 518 dans
241 449 316 518 loco
329 446 374 519 ab
392 447 591 538 Augustino
613 446 865 539 reprehensum
891 467 959 523 non
978 447 1120 528 iniuste,
1156 442 1218 515 sed

142 567 271 641 ibidem
292 591 376 641 mox
397 569 588 640 iustissime
608 569 928 640 excusatum.Cun1
951 577 1053 659 poeta
1073 568 1217 659 loquen·
1247 640 1250 645 ,

143 695 210 758 tem
228 687 273 759 de
293 687 394 760 vobis
412 689 529 759 Iovem
547 691 690 774 faceret,
709 689 759 759 sin
776 689 836 759 ait:
1155 679 1157 685 ’

282 857 450 920 ‘Romulus
468 857 595 939 excipiet
612 843 747 936 gentemj
766 864 795 921 et
812 860 963 923 mavortia
979 858 1087 922 condet

301 955 426 1030 Maenia,
445 971 650 1034 romanusque
667 957 777 1018 suade
794 956 919 1020 numine
936 957 1028 1032 dicet,

143 1121 178 1180 et
197 1111 321 1203 origini
339 1115 603 1206 perpetuitatem
621 1114 786 1185 adiiciens
806 1115 931 1205 inquit:

300 1285 352 1347 His
367 1301 422 1362 ego
440 1301 495 1346 nee
512 1290 607 1347 metas
625 1300 733 1346 rerum
750 1299 804 1346 nea
820 1291 957 1366 tempora
976 1301 1070 1366 pono,

304 1384 474 1462 Imperium
491 1383 556 1444 sine
574 1384 633 1443 fine
651 1381 728 1445 dedi.

141 1548 203 1618 Hic
232 1569 301 1620 non
323 1547 496 1620 immerito
517 1548 658 1640 quidem
684 1557 781 1647 notat
797 1546 1035 1650 ,Augustinum
1061 1547 1219 1641 quomodo

140 1673 227 1740 enim
251 1673 425 1763 imperinm
450 1673 521 1740 sine
544 1673 610 1763 fine
634 1670 739 1757 dabit,
766 1674 825 1760 qni
848 1673 932 1740 ninii
957 1695 1105 1764 unquam
1130 1671 1217 1742 dedit

139 1803 197 1861 ant
216 1790 295 1862 dane
309 1795 418 1884 potnit
439 1795 506 1862 nisi
529 1790 614 1882 qnod
634 1793 727 1860 horno
748 1789 921 1861 sceleratus
943 1807 974 1862 et
993 1797 1139 1864 mortalis
1157 1817 1218 1885 po-

100 1966 110 1984 .
139 1923 211 1996 teat,
235 1915 321 2002 falsa
344 1911 528 1983 divinitatis
556 1913 710 2004 opinione
731 1935 796 1980 non
819 1924 956 1982 ornatus
981 1910 1036 1981 sed
1063 1925 1218 1983 oneratus

138 2046 168 2103 et
188 2035 387 2126 oppressus?
412 2036 586 2106 Praetereo
607 2044 723 2105 autem
742 2033 831 2105 haec:
849 2035 1012 2127 ,quisquis
1035 2036 1216 2128 imperium

137 2178 317 2228 romanum
350 2157 447 2229 dedit
482 2156 588 2251 (quod
620 2179 686 2227 nnn
720 2155 863 2227 dedisse
895 2169 1027 2228 certum
1058 2166 1113 2228 est
1150 2159 1217 2229 nisi

136 2279 406 2373 omnipotentem
432 2281 558 2362 Deum,
585 2278 684 2350 cuius
707 2278 850 2348 incaelo
875 2289 910 2348 et
936 2277 970 2346 in
996 2287 1086 2349 terra
1108 2279 1216 2370 impe-

136 2402 223 2473 rium
251 2424 357 2473 unum
379 2415 447 2485 est,
472 2400 563 2473 unde
588 2401 733 2494 imperia
758 2409 883 2471 cuncta
903 2397 1134 2493 descendunt)
1159 2400 1216 2472 ubi

136 2535 250 2595 tamen
276 2524 341 2595 hon
366 2525 479 2618 ipsum
506 2523 551 2594 sit
576 2522 702 2615 quaerit
726 2520 968 2614 Augustinus:
995 2524 1032 2591 in
1058 2533 1146 2592 terra
1171 2546 1216 2593 an

134 2648 171 2715 in
196 2645 304 2715 coelo?
328 2645 374 2714 Et
398 2648 523 2736 ntique,
552 2643 674 2737 inquit,
701 2647 738 2714 in
766 2656 854 2715 terra
879 2655 938 2728 est,
966 2644 1052 2714 etsi
1075 2655 1154 2714 esset
1178 2649 1215 2716 in

136 2768 230 2851 coelo,
265 2769 382 2837 cutum
415 2777 446 2836 et
484 2777 572 2837 terra
611 2767 773 2835 transient
805 2789 878 2858 qnae
909 2768 977 2858 ipse
1004 2769 1081 2857 fecit
1114 2767 1212 2838 Dens.

102 2914 104 2920 ·
138 2884 269 2972 (inante
290 2890 384 2957 citius
404 2885 490 2976 quod
509 2884 652 2955 condidit
672 2887 860 2956 Romulus?
885 2889 968 2957 Haen
994 2885 1213 2977 Augustinus
1326 2907 1327 2912 ’

133 3007 167 3076 in
201 3007 394 3098 Virgilium.
427 3007 471 3076 Et
503 3017 598 3078 certe
623 3008 845 3098 perspicuum
870 3017 924 3078 est
948 3029 1058 3099 regna
1083 3012 1211 3094 omnia,

133 3138 168 3199 et
186 3128 356 3221 quidquid
383 3148 528 3220 usquam
554 3130 686 3199 clarum
712 3141 748 3199 et
776 3127 997 3220 magnificum
1023 3131 1132 3203 oculis
1152 3154 1214 3204 no-

133 3252 215 3322 stris
240 3261 396 3343 apparet,
422 3250 489 3319 etsi
510 3258 590 3321 aute
615 3269 684 3320 non
712 3251 860 3338 ruerint,
889 3263 970 3325 tunc
998 3255 1120 3325 saltem
1143 3256 1214 3325 rui-

133 3381 210 3444 tura
234 3388 315 3445 esse
340 3372 424 3444 dum
450 3375 576 3443 caelum
603 3381 638 3443 et
664 3384 756 3444 terra
785 3373 1106 3446 movebunturitlo
1131 3397 1214 3447 con-

132 3495 282 3568 cutiente
312 3496 372 3588 qui
400 3495 548 3581 creavit,
583 3496 713 3588 quique
745 3517 876 3567 novum
910 3499 1037 3568 caelum
1068 3519 1214 3569 novam-

131 3639 200 3710 que
226 3628 353 3689 terram
380 3617 494 3702 saciet,
517 3637 586 3686 non
613 3617 823 3688 mentiturus
844 3627 882 3688 ut
902 3618 1046 3710 Iupiter,
1068 3640 1147 3690 cum
1169 3617 1215 3689 sit

110 3746 111 3749 ’
130 3740 204 3834 ipse
226 3739 366 3810 veritas.
389 3740 474 3809 Eius
495 3749 552 3810 est
572 3738 657 3811 illud
678 3761 825 3830 regnum
846 3739 1014 3834 principio
1034 3762 1159 3813 carens
1178 3750 1214 3811 et

128 3860 198 3934 fine
228 3862 430 3945 cariturum,
467 3860 511 3932 de
544 3881 614 3953 quo
645 3861 813 3954 seriptum
846 3873 924 3933 est:
959 3875 989 3932 et
1016 3865 1112 3955 regni
1143 3865 1213 3933 eins

127 4007 195 4055 non
215 3987 277 4054 enit
294 3984 395 4076 finis:
420 3983 516 4076 quod
537 3983 616 4054 iicet
635 3985 724 4055 forte
744 3984 913 4075 Virgilius
940 3985 1134 4077 ignoraret,
1156 3987 1213 4057 cui

127 4107 220 4179 Deus
256 4106 433 4198 ingenium
471 4109 648 4178 excellens
690 4107 939 4200 eloquiumque
982 4109 1210 4202 praestiterat‚

255 4237 290 4275 ιιι.
1024 4224 1055 4274 32
