2738 4680
222 286 280 351 llll
556 298 597 347 nn
620 298 721 348 annus
742 295 966 347 nluurlnreus

221 455 298 506 rum
325 435 437 527 gloria
456 435 503 507 ad
524 435 679 507 merendi
705 437 857 509 studium
884 437 1020 508 animos
1046 434 1191 518 excitet,
1219 452 1306 508 vera

221 569 337 630 tamen
358 559 482 643 virtus,
504 571 544 629 nt
562 557 780 654 philosophis
800 561 921 652 placet,
941 559 1019 652 ipsa
1037 557 1106 635 sibi
1123 557 1304 643 stimulus,

220 682 298 778 ipsu
309 689 365 753 est
378 680 575 775 praemium,
591 682 669 775 ipsa
682 680 749 754 sibi
766 704 894 754 cursus
911 692 946 754 et
962 681 1141 754 bravium:
1157 682 1306 775 proinde

221 805 304 898 quia
337 814 374 876 tu
405 803 489 875 mihi
523 805 705 878 materiam
739 805 912 892 obtulisti,
945 828 1053 900 quam
1087 806 1306 899 quaesiturus

222 940 345 1021 sponte
366 949 435 1000 non
455 931 605 1014 fueram,
627 927 713 1000 libet
731 929 910 1015 insistere,
936 938 1062 1000 utnon
1085 940 1219 1000 tantum
1241 930 1306 1001 lal-

221 1073 276 1136 so,
300 1049 391 1123 sicut
410 1050 455 1122 de
477 1073 515 1122 se
537 1053 614 1144 ipso
632 1060 669 1122 et
686 1053 819 1123 Seneca
836 1052 1069 1136 Quintilianus
1087 1052 1148 1137 ait,
1169 1051 1235 1123 sed
1252 1053 1306 1122 in-

221 1174 351 1248 sidiose
371 1177 474 1248 etiem
493 1174 704 1268 penitusque
724 1178 888 1249 malivole
913 1174 1007 1268 apud
1031 1178 1161 1248 multos
1181 1176 1228 1247 de
1248 1199 1305 1249 me

220 1298 400 1389 vulgatam
421 1298 620 1392 opinionem
634 1299 670 1369 iu
686 1299 816 1370 iudicio
832 1299 900 1371 viri
911 1300 1010 1376 ,illius
1030 1299 1124 1394 apud
1142 1310 1177 1370 te
1195 1322 1305 1371 unum

220 1431 257 1492 et
281 1444 344 1515 per
370 1433 404 1492 te
430 1420 524 1514 apud
545 1423 631 1493 alios
653 1443 860 1515 expurgem.
891 1422 1017 1495 Dicunt
1041 1424 1134 1495 enim
1161 1425 1225 1517 qui
1249 1443 1305 1494 me

219 1543 383 1625 oderunt,
408 1563 462 1612 me
484 1542 581 1614 illum
602 1542 722 1614 odisse
739 1552 846 1636 atque
862 1554 1101 1628 contemnere,
1123 1553 1162 1615 ut
1178 1525 1238 1616 uel
1255 1547 1304 1618 sic

220 1664 306 1737 mihi
338 1665 419 1737 odia
452 1665 652 1757 vulgarium
683 1666 846 1750 conflent,
877 1667 1006 1760 quibus
1040 1667 1304 1760 acceptissimus

219 1792 278 1863 ille
296 1799 362 1863 est.
385 1789 521 1861 Novum
545 1789 710 1882 nequitiae
730 1811 844 1883 genus
861 1801 897 1863 et
914 1790 1084 1863 mirabilis
1101 1813 1159 1862 ars
1177 1813 1304 1864 nocen-

220 1915 266 1986 di.
287 1916 349 1986 His
371 1936 433 2007 pro
455 1935 511 1985 me
531 1913 662 1986 verita-s
684 1914 760 2007 ipsa
777 1915 1000 2007 respondeat.
1022 1914 1059 1984 ln
1081 1914 1206 2007 primis
1226 1914 1304 2007 qui-

220 2038 300 2111 dem
321 2037 391 2109 odii
410 2059 519 2113 causa
539 2058 685 2130 prorsus
707 2039 802 2109 nulla
826 2046 883 2110 est
907 2059 994 2129 erga
1014 2037 1193 2110 hominem
1215 2060 1304 2109 nun-

218 2138 325 2255 quam
360 2161 444 2236 mihi
478 2161 546 2233 nisi
579 2163 703 2243 semel,
737 2160 844 2255 idque
876 2160 988 2255 prima
1021 2161 1182 2253 pueritiae
1217 2183 1304 2234 meae

219 2293 318 2378 parte
342 2292 587 2356 monstratum.
615 2284 701 2354 Cum
727 2306 795 2356 avo
819 2294 989 2378 patreque
1014 2305 1093 2357 meo
1117 2283 1211 2355 vixit
1236 2305 1304 2356 avo

219 2407 352 2490 minor,
380 2398 480 2498 patre
505 2418 622 2477 eutem
648 2415 733 2477 natu
766 2407 891 2493 maior,
914 2430 995 2479 curn
1015 2422 1087 2501 quo
1108 2407 1212 2477 simul
1233 2427 1303 2477 una

218 2527 276 2599 die
295 2539 400 2621 atque
424 2549 492 2599 uno
512 2521 766 2599 civili'turbine
783 2529 904 2622 patriis
918 2528 1055 2602 finibus
1075 2533 1200 2623 pulsus
1220 2529 1301 2615 luit,

219 2673 290 2745 quo
307 2660 462 2744 tempere
479 2651 570 2723 inter
588 2651 776 2746 participes
794 2673 1033 2725 aerumnarum
1050 2673 1191 2744 magnae
1208 2673 1303 2747 saepe

219 2774 474 2849 contrahuntur
505 2774 683 2858 amicitiam
713 2774 819 2868 idque
847 2777 905 2847 vel
938 2776 1092 2849 maxime
1113 2777 1204 2848 inter
1225 2778 1302 2848 illos

218 2896 357 2982 accidit,
381 2906 419 2969 ut
439 2896 568 2991 quibus
588 2908 683 2973 esset
702 2907 832 2991 praeter
849 2878 998 2972 similem
1018 2902 1208 2986 fortunam,
1228 2911 1303 2972 stu-

220 3000 357 3091 urorum
391 3031 426 3091 a
458 3020 587 3112 ingenii
621 3023 729 3097 muru
762 3021 969 3105 similitude
991 3022 1060 3094 nisi
1080 3022 1176 3115 quoe
1194 3023 1302 3096 exue

218 3141 276 3212 cui
309 3151 408 3233 pater
440 3141 475 3210 in
508 3142 595 3214 alias
626 3164 731 3215 curas
764 3162 893 3216 versus
913 3152 949 3214 et
980 3143 1121 3215 familiae
1147 3143 1302 3217 solicitus

218 3264 344 3349 cessit,
361 3262 419 3335 ille
437 3262 585 3348 obstitit,
601 3275 637 3335 et
657 3279 729 3337 tum
744 3266 986 3340 vehementius
1003 3277 1115 3361 coepto
1132 3267 1300 3353 incubuit,

216 3372 375 3464 ,emnium
397 3385 583 3479 negligens
606 3388 784 3482 soliusque
801 3393 904 3461 lamae
926 3389 1084 3482 cupidus.
1107 3391 1146 3461 ln
1167 3413 1239 3484 quo
1263 3392 1304 3461 il-

217 3513 289 3583 lum
311 3510 397 3583 setis
418 3511 537 3582 mirari
555 3519 590 3582 et
610 3511 755 3584 laudare
777 3512 839 3584 vix
860 3515 1010 3598 valeam,
1031 3535 1139 3607 quern
1164 3535 1234 3585 non
1255 3514 1302 3584 ci-

217 3636 315 3706 vium
336 3633 476 3716 iniuria,
499 3655 568 3705 non
584 3634 749 3718 exilium,
773 3658 843 3708 non
864 3644 1066 3731 paupertas
1089 3660 1159 3709 non
1181 3638 1302 3709 simul-

219 3767 330 3831 tatunr
348 3759 475 3844 aculei,
490 3781 559 3832 non
575 3781 673 3830 amer
686 3758 861 3851 coniugis,
877 3771 1121 3833 pennatorum
1134 3762 1245 3853 pietas
1258 3759 1303 3832 ab

218 3894 360 3977 arrepto
381 3884 489 3955 semel
513 3885 599 3956 celle
620 3883 841 3969 distraxerit,
864 3907 942 3956 eum
970 3885 1070 3957 multi
1095 3906 1202 3977 quam
1228 3907 1302 3956 ma-

165 4015 171 4029 *
218 4005 280 4093 gni
301 4016 371 4077 tarn
391 4005 530 4079 delicati
556 4005 688 4098 ingenii
714 4006 799 4092 sint,
836 4019 873 4080 ut
906 4007 951 4079 ab
971 4006 1174 4080 ‘intentione
1196 4007 1301 4087 animi

219 4126 297 4198 leve
320 4129 399 4201 illos
417 4152 577 4202 murmur
594 4138 744 4202 avertat:
763 4131 858 4222 quod
876 4130 931 4203 his
949 4130 1152 4204 familiarius
1168 4128 1314 4217 evenit,
