2804 4656
205 299 265 359 tlt}
547 313 588 360 na
609 312 711 362 nauus
732 312 956 364 ramuranmus

205 449 336 520 honum
356 461 392 521 et
413 449 634 520 commodum
656 448 797 521 differre
814 457 1006 521 autumant.
1028 449 1072 522 Et
1091 455 1250 544 prolecto
1267 457 1298 525 si

207 592 315 640 unum
336 570 541 642 est-bonum
562 570 693 654 virtus,
716 582 752 643 et
771 571 857 642 nihil
877 583 933 643 est
953 576 1082 645 malum
1103 575 1172 644 uisi
1197 577 1296 668 quod

206 700 405 793 oppositum
425 697 520 769 bono
538 709 606 783 est,
628 721 707 770 cum
735 699 857 769 vitium
885 701 996 772 solum
1023 704 1223 796 oppositum
1250 704 1297 776 sit

205 821 343 906 virtuti,
361 819 447 891 nihil
465 821 606 891 omnino
620 821 687 890 uisi
700 819 823 891 vitium
842 825 981 892 malum.
1002 823 1071 894 Sed
1092 826 1295 897 omittamus

211 945 278 1013 ista
292 942 491 1034 magnilica,
507 955 543 1014 et
556 945 743 1036 loquamur
760 951 798 1012 ut
811 946 940 1028 caeteri,
956 947 1150 1039 praesertim
1165 969 1246 1018 cum
1258 961 1294 1020 et

208 1065 285 1136 haec
304 1069 363 1136 vel
386 1068 494 1157 vulgo
514 1067 572 1136 vel
594 1085 702 1135 sensu
722 1063 838 1136 iudice
858 1088 929 1136 non
949 1067 1154 1161 probentur,
1176 1078 1212 1140 et
1232 1069 1294 1141 ad-

205 1210 311 1260 versa
329 1189 434 1259 etiam
455 1186 744 1279 philosophorum
762 1187 868 1274 acieS,
890 1188 979 1260 duce
996 1187 1197 1273 Aristotele,
1219 1213 1293 1262 ma-

206 1334 276 1405 gno
296 1313 447 1383 clamore
467 1309 662 1381 dissentiat.
679 1311 774 1380 Leve
792 1322 848 1381 est
868 1320 1001 1394 autem,
1023 1323 1063 1382 ut
1086 1312 1177 1396 dixi,
1205 1315 1294 1384 assi-

208 1435 347 1506 dentem
368 1451 465 1523 aegro
487 1453 610 1503 sanum
629 1430 821 1525 disputare,
837 1443 872 1504 et
891 1433 1092 1524 opinionum
1109 1437 1292 1526 angustias

207 1562 494 1646 argumentorum
528 1553 680 1625 flexibus
711 1556 858 1646 ingredi,
886 1579 927 1627 ao
953 1558 1111 1629 sonantia
1132 1570 1292 1631 eructare

206 1676 433 1771 problemata.
467 1676 536 1748 Sed
568 1677 728 1748 lomentis
761 1700 830 1749 non
863 1679 982 1749 verbis
1013 1679 1113 1759 dolor
1144 1682 1290 1751 tollitur:

206 1822 419 1893 quamquam
439 1808 475 1870 et
495 1799 614 1870 verbis
629 1799 808 1892 mitigatur
825 1801 975 1873 doloret
992 1803 1173 1893 frangitur.
1189 1804 1292 1897 Saepe

130 1964 132 1970 ·
206 1923 262 1993 vel
283 1922 394 1992 amica
414 1923 616 2017 increpatio,
639 1926 697 1994 vel
718 1922 828 1993 virilis
850 1922 1048 1993 exhortatio
1073 1924 1208 2016 pudore
1233 1927 1290 1995 vol

205 2044 331 2115 ardore
357 2046 408 2117 sic
433 2047 584 2116 armavit
608 2047 775 2131 animum,
804 2054 841 2116 ut
869 2045 1045 2135 ingestum
1068 2067 1133 2117 suo
1153 2047 1290 2140 corpori

205 2170 414 2265 supplicium
447 2192 516 2241 non
544 2171 698 2241 sentiret.
726 2169 913 2240 Sedenim
942 2176 1023 2238 tunc
1053 2168 1162 2239 verba
1188 2191 1291 2240 suum

204 2291 342 2384 pondus
365 2290 504 2371 habent,
527 2292 611 2361 dum
637 2290 786 2362 adfuerit
808 2291 887 2359 hinc
912 2288 1071 2361 docilitas
1097 2289 1288 2375 audientis

205 2414 286 2482 hinc
319 2413 491 2504 loquentis
528 2414 727 2484 auotoritas.
762 2413 812 2482 Ea
845 2433 930 2483 vero
962 2424 1045 2484 tunc
1078 2434 1205 2504 magna
1224 2424 1287 2492 est,

204 2533 346 2624 quando
362 2534 422 2625 qui
443 2533 603 2626 loquitur,
620 2544 748 2628 praeter
761 2534 950 2625 ingenium,
966 2536 1221 2630 experientiam
1235 2547 1290 2607 est

205 2654 366 2747 adeptus,
389 2666 427 2726 ut
444 2659 504 2749 qui
516 2658 728 2750 quandoque
745 2661 813 2729 tale
828 2658 959 2752 aliquid
975 2680 1116 2751 passus,
1136 2659 1232 2751 quod
1244 2657 1289 2729 ab

184 2779 272 2854 -alio
292 2779 413 2871 exigit,
435 2782 472 2852 in
494 2802 532 2851 se
553 2793 634 2853 ante
654 2781 871 2876 praestiterit;
895 2792 977 2852 tunc
997 2794 1113 2853 autem
1134 2783 1289 2853 maxima

204 2903 1287 2997 otconsummata,quandodumloquiturpatitur.Nequeenim

179 3024 328 3114 arguit,
356 3026 420 3097 sed
446 3025 667 3110 demonstrat,
696 3039 731 3098 et
756 3028 989 3121 adstipulatur
1016 3028 1122 3099 dictis
1136 3027 1287 3099 lontibus

204 3166 363 3236 praesens
384 3145 499 3218 dolor:
522 3148 705 3221 etidcirco
726 3152 770 3223 ad
791 3173 926 3222 omnem
952 3152 1155 3244 patientiam
1173 3151 1289 3222 effica-

203 3267 355 3338 cissimae
376 3290 482 3339 voces
501 3282 583 3340 sunt
602 3292 683 3363 quae
708 3255 754 3344 ex
780 3273 866 3366 ipsis
893 3273 1103 3344 cruciatibus
1124 3274 1286 3344 emittun-

136 3465 139 3469 ‚
207 3401 277 3474 tur3
300 3391 377 3462 haec
394 3392 478 3462 mihi
497 3394 591 3476 ratio,
609 3395 744 3465 suasori
757 3396 909 3487 alioquin
925 3398 1011 3466 forte
1024 3418 1093 3466 non
1108 3403 1162 3465 sat
1175 3396 1285 3486 gravi,

204 3515 442 3586 auctoritatem
453 3513 729 3608 fidemqueuuno
742 3519 883 3612 peperit.
899 3517 1077 3610 Siquidem
1092 3536 1161 3587 non
1174 3516 1286 3587 mino·

205 3661 262 3711 res
273 3649 357 3731 puto
368 3640 847 3733 quampodagricosdolores
860 3662 949 3734 quos
962 3645 1142 3735 perferens
1156 3641 1287 3711 teallo·

203 3750 1287 3857 quor,tuisobsessumoppressumquedoloribusiisquesioin-

203 3885 298 3956 victo
314 3897 348 3958 et
368 3908 496 3978 magno
508 3887 625 3957 animo
635 3887 868 3968 resistentem,
883 3899 921 3958 ut
932 3885 1168 3979 utrique-tides
1182 3886 1285 3957 amul

203 4027 246 4077 ac
264 4007 421 4107 docilitas
445 4031 512 4080 non
530 4010 634 4091 desit,
654 4018 801 4103 uterque
818 4013 875 4080 vel
889 4010 1036 4082 idoneus
1056 4013 1101 4082 sit
1117 4010 1285 4101 magister

203 4131 260 4199 vel
278 4109 480 4223 discipulus.
495 4135 569 4224 ugo
583 4134 616 4204 in
631 4153 788 4225 praesens
808 4132 965 4225 magistri
985 4135 1094 4206 vicem
1107 4130 1284 4224 assumpsi
