2730 4680
197 299 235 361 10
534 310 575 358 llll
597 310 697 359 REBUS
719 309 942 359 FAMlLlthBUS

196 478 278 530 cens
299 456 401 528 nobis
422 459 623 550 exemplum
644 478 749 529 casus
771 457 937 542 attulerit,
960 478 1051 527 neve
1071 458 1140 527 iam
1162 457 1277 528 Ponti-

196 583 253 651 fex
272 600 437 650 romanus
459 579 649 674 principem
673 601 854 651 romanum
877 581 995 650 Romae
1011 598 1091 651 esse
1111 581 1275 665 vetuerit,

193 678 291 795 cuod
311 705 456 773 etfama
476 703 639 793 loquitur,
658 714 693 773 et
713 704 796 794 luga
817 700 967 773 Caesaris
985 702 1113 773 indicio
1134 712 1197 786 est,
1216 704 1277 796 qui

197 847 265 895 non
286 823 447 915 cupidius
469 823 600 894 ltaliam
622 825 720 915 petiit
739 846 846 916 quam
867 824 1015 917 reliquit,
1038 835 1076 897 ut
1096 825 1180 894 mihi
1200 826 1277 918 qui-

197 951 275 1023 dem
299 969 517 1042 supervacuo
542 948 623 1040 pelli
648 948 827 1032 videatur,
850 945 912 1039 qui
939 957 1007 1019 tam
1034 948 1147 1020 lihons
1173 950 1273 1040 fugit,

195 1095 300 1166 quem
328 1083 446 1143 tenere
473 1072 502 1141 si
527 1072 617 1143 velis
645 1072 720 1142 sine
746 1093 874 1163 magno
900 1092 1055 1164 nequeas
1078 1069 1207 1142 labore.
1235 1073 1280 1143 Ut

103 1238 104 1241 π
195 1198 288 1269 enim
310 1218 402 1266 nunc
429 1194 595 1285 intelligo,
618 1216 688 1265 non
709 1193 779 1265 huc
803 1195 905 1266 aliam
926 1193 972 1265 oh
996 1215 1138 1266 causam
1165 1194 1276 1278 venit,

195 1321 264 1391 nisi
297 1330 335 1390 ut
368 1318 529 1389 diadema
556 1318 760 1389 Caesareum
794 1338 860 1388 sua
892 1317 927 1387 in
959 1317 1041 1388 sede
1074 1317 1277 1410 susciperet.

197 1444 342 1513 Tantum
365 1441 480 1512 adhuc
505 1441 726 1524 reverentiae,
750 1462 821 1511 non
846 1441 1013 1533 amplius,
1037 1450 1207 1534 superest.
1235 1439 1280 1508 At

198 1586 384 1639 successor
408 1564 498 1635 Petri
525 1564 675 1635 Caesaris
703 1584 909 1636 successore
936 1563 1100 1647 securior,
1123 1564 1190 1634 ista
1210 1582 1279 1634 non

196 1700 308 1774 curat,
332 1708 506 1780 suumque
532 1688 608 1780 ipse
634 1687 795 1760 diadema
821 1709 889 1759 uon
920 1686 1029 1780 pluris
1056 1687 1150 1782 apud
1179 1685 1281 1757 Tibe-

196 1813 260 1884 rim
288 1835 393 1906 quam
420 1810 515 1904 apud
539 1811 746 1883 Rhodanum
773 1812 876 1883 tacit:
903 1813 934 1883 is
960 1834 1055 1884 nunc
1080 1811 1279 1883 diademate

196 1944 396 2009 contentum
422 1943 457 2006 et
481 1933 624 2029 imperiix
643 1934 742 2005 titulo
768 1935 877 2005 Roma
901 1935 1038 2027 digredi
1071 1957 1139 2006 non
1166 1913 1280 2005 solum

196 2061 325 2154 patitur
340 2060 410 2131 sed
429 2057 549 2129 iubet:
571 2070 606 2130 et
625 2080 731 2150 quem
751 2058 997 2152 Imperatorem
1018 2059 1086 2131 dici
1108 2057 1197 2143 sinit,
1216 2059 1281 2128 im-

194 2204 319 2276 perare
352 2192 468 2254 autem
495 2185 590 2253 nullo
618 2182 664 2252 sit
688 2181 792 2252 modo
818 2182 967 2265 siturus,
1002 2181 1082 2253 huic
1116 2181 1161 2275 (o
1186 2190 1280 2252 artes

196 2306 375 2376 hominum
401 2303 513 2398 mirae)
534 2306 712 2399 penetrale
735 2303 941 2376 diadematis
963 2307 1129 2398 templum
1155 2305 1278 2398 aperit,

196 2450 313 2499 arcem
332 2428 525 2520 sedemque
545 2427 679 2523 imperii
698 2427 819 2499 urbem
839 2426 978 2498 claudit.
997 2428 1080 2497 Haeo
1097 2427 1278 2498 hactenus.

197 2552 342 2622 Laelium
356 2573 481 2635 meum,
497 2551 568 2623 imo
578 2561 686 2636 tuum,
701 2551 771 2623 imo
784 2559 953 2634 nostrum,
972 2549 1281 2622 familiarissimum

197 2673 329 2746 Caesari
349 2675 478 2744 tactum
500 2673 651 2764 gaudeo,
673 2694 743 2744 nou
764 2673 893 2756 miror,
915 2672 1000 2743 nihil
1020 2671 1113 2742 enim
1133 2680 1189 2742 est
1207 2672 1282 2742 vir-

198 2807 271 2868 tute
288 2795 459 2889 rapacius,
478 2796 634 2889 nihilque
653 2798 826 2868 tenacius:
846 2796 936 2890 rapit
952 2797 1129 2888 vincitque
1145 2797 1280 2868 animos

197 2919 376 2990 hominum
404 2921 611 3013 vinctosque
637 2922 747 2991 semel
772 2919 808 2990 in
834 2930 1041 3014 perpetuum
1065 2920 1202 2990 vinctos
1229 2928 1281 2990 te-

199 3054 268 3114 net.
289 3043 388 3115 Nulla
409 3043 493 3113 mihi
514 3043 683 3115 dubitatio
700 3059 857 3137 unquam
879 3040 944 3111 fuit
963 3043 1059 3132 quod
1079 3065 1149 3115 non
1167 3043 1280 3114 solum

199 3167 245 3237 ab
270 3166 330 3237 illo
355 3167 610 3240 humanissimo
635 3168 831 3262 principum
865 3165 928 3237 sed
945 3162 991 3234 ah
1016 3165 1278 3259 alioquolibet,

198 3290 278 3361 licet
297 3290 485 3384 asperioris
505 3292 657 3383 ingenii,
680 3290 735 3362 cui
756 3299 872 3362 tamen
894 3289 1006 3363 virtus
1028 3288 1062 3358 in
1083 3289 1194 3382 pretio
1216 3288 1278 3372 sit,

196 3423 318 3508 posset
352 3414 409 3484 ille
446 3415 501 3485 vir
539 3400 693 3486 amorem
729 3414 939 3509 promereri,
982 3412 1086 3484 modo
1123 3410 1281 3484 notitiam

79 3553 83 3561 ’
198 3536 395 3608 meruisset.
418 3537 504 3620 Quis
524 3538 618 3619 enim
639 3548 711 3608 tam
731 3537 880 3628 agrestis
901 3546 957 3609 est
983 3546 1021 3608 ut
1039 3535 1186 3607 Laelium
1212 3555 1282 3605 uon

199 3670 305 3746 amet,
339 3669 374 3731 et
400 3661 579 3754 sapientiae
605 3660 707 3732 laude
731 3660 959 3753 conspicuum
993 3669 1028 3731 et
1053 3661 1088 3730 in
1121 3655 1281 3730 amicitiis

198 3785 353 3857 faustum
372 3788 522 3856 nomen?
547 3785 649 3868 Quod
676 3786 705 3856 si
731 3787 805 3856 sola
829 3759 971 3855 uirtutis
997 3786 1088 3854 lama
1114 3778 1218 3850 efficit
1243 3802 1281 3864 ua

198 3928 304 3997 quem
321 3932 501 4002 nunquam
518 3908 671 3980 vidimus
694 3930 814 3980 senem
832 3907 929 3978 illum
945 3905 1091 3978 Laelium
1109 3923 1279 3988 amemus,
1335 3974 1339 3982 ,

198 4027 284 4120 quid
308 4030 413 4104 huius
435 4031 544 4104 nostri
571 4030 684 4103 virtus
709 4054 750 4103 ac
775 4030 966 4123 praesentia
988 4046 1095 4121 posse
1121 4024 1281 4096 debent?

200 4150 320 4246 ltaque
342 4153 456 4226 miuus
477 4155 585 4228 miror
604 4155 699 4248 quod
721 4154 765 4227 de
791 4155 920 4247 Legato
941 4149 1042 4223 Sedis
1068 4149 1280 4242 Apostolicae
