2940 4650
591 308 744 358 arrsroua
766 310 808 357 ur.
1177 300 1235 358 513

158 448 240 519 Vale
258 468 401 540 sospes,
425 462 461 520 et
481 451 614 520 socium
634 472 730 522 voca.
754 454 900 524 -Heus
917 476 938 525 o
955 455 1000 523 Μ.
1017 509 1023 522 .
1041 506 1048 522 .
1076 420 1234 526 Audiens

155 569 229 642 exit
256 572 312 642 ille
340 592 401 641 ore
420 574 565 663 repleto,
588 586 623 644 et
644 595 749 645 rauca
768 576 831 644 vix
854 575 1029 666 respondit
1049 598 1152 647 voee:
1175 578 1232 661 oh,

155 689 210 762 oh.
233 691 453 775 Accelerant,
471 693 668 766 discedunt.
691 695 880 780 Romaueo,
902 697 949 765 mi
975 697 1122 790 Optime.

656 969 734 979 -w-o

573 1264 749 1328 EPISTULA
771 1267 817 1327 IV.

266 1433 464 1486 FRANCISGUS
486 1434 655 1483 Parauaea
677 1434 815 1484 PRINCIPI
836 1434 968 1489 Romano
989 1437 1015 1484 S.
1037 1438 1064 1484 P.
1087 1438 1117 1484 D.

210 1573 318 1628 Acriter
331 1572 492 1641 indignatur
507 1570 640 1624 adversus
653 1587 701 1625 eos
716 1572 765 1642 qui
778 1573 916 1643 negabant
930 1574 1036 1628 cunctis
1050 1573 1181 1644 expedire
1198 1610 1199 1615 κ

272 1661 372 1717 urbem
387 1663 507 1716 Romam
522 1664 550 1714 et
563 1659 672 1714 Italiam
690 1661 842 1715 concordes
856 1666 884 1715 et
898 1662 1025 1732 pacificas
1040 1678 1110 1716 esse.

250 1931 344 2003 Leve
368 1930 535 2023 estquod
555 1952 647 2000 nuno
674 1931 827 2002 animum
846 1932 984 2023 premit:
1019 1931 1233 2021 egerendum

152 2064 268 2123 tamen
289 2074 332 2122 ne
349 2055 546 2143 neglectum
566 2051 746 2123 stomacho
767 2053 870 2122 obsit.
901 2054 983 2123 Plus
1008 2053 1099 2123 enim
1126 2075 1233 2144 quam

151 2195 214 2266 pro
235 2173 425 2266 quantitate
445 2173 549 2243 bilem
576 2175 721 2259 excitat,
740 2184 776 2243 et
792 2196 940 2268 parvum
960 2176 1053 2259 lieet,
1081 2176 1233 2266 ingentis

150 2316 295 2367 nauscae
315 2296 496 2367 materiam
514 2297 591 2368 fert.
613 2296 688 2367 Olet
707 2319 832 2392 nempe
850 2297 949 2368 virus
968 2297 1123 2368 abditum
1151 2319 1235 2390 pro·

150 2420 248 2490 fundi
268 2419 467 2512 vetustique
489 2417 568 2489 odii.
584 2420 634 2489 ita
648 2419 733 2488 mihi
754 2421 870 2490 visum
888 2431 952 2504 cst,
971 2420 1018 2491 ita
1036 2419 1095 2491 tibi
1117 2422 1233 2491 visum

150 2540 192 2610 iri
210 2549 326 2611 certus
344 2562 438 2623 sum;
461 2551 496 2610 et
513 2541 541 2611 si
563 2540 665 2612 latius
685 2543 887 2627 innotescat,
912 2543 1017 2614 totius
1030 2542 1151 2635 Populi
1166 2543 1234 2614 Ro-

149 2662 242 2734 mani
263 2673 367 2756 atque
380 2664 536 2735 omnium
558 2666 719 2736 Italorum
735 2665 862 2736 animis
875 2667 1099 2737 incussurum
1114 2666 1235 2736 iustis·

149 2785 248 2854 simeo
268 2780 517 2875 indignationis
539 2788 679 2856 aculeos
699 2807 815 2877 spero,
832 2805 1138 2878 excussurumque
1153 2809 1233 2877 gra-

150 2904 311 2975 vedinem
334 2908 494 3000 torporis,
517 2928 587 2997 quo
612 2928 705 2976 nunc
733 2909 867 2997 priscus
894 2928 1076 2995 generosae
1106 2906 1232 2977 indolis

139 3026 251 3115 ‘vigor
273 3036 375 3117 tepet,
399 3027 453 3097 cui
479 3025 515 3096 vi
536 3029 589 3096 vet
613 3039 749 3119 sponte,
773 3038 867 3098 totus
892 3027 972 3098 oiim
998 3026 1094 3096 orbis
1114 3028 1230 3096 cessit,

149 3168 241 3217 nunc
263 3145 388 3240 (pudor
404 3147 426 3239 t)
455 3148 562 3217 ultimi
590 3148 768 3218 hominum
795 3148 971 3220 insultant.
1006 3149 1079 3230 Non
1113 3150 1231 3220 inutile

148 3289 236 3362 opus
257 3267 471 3361 reipublicae,
496 3271 525 3339 si
540 3270 762 3354 successerit,
780 3282 817 3342 ut
828 3281 921 3366 opto.
939 3272 1063 3342 Brevis
1085 3271 1232 3342 scintilla

148 3413 314 3482 magnum
338 3407 454 3462 movet
476 3392 687 3463 incendium:
706 3393 854 3464 verbum
872 3416 977 3464 uuum
993 3395 1180 3463 muitarum
1195 3404 1231 3463 et

148 3535 353 3605 magnarum
368 3535 484 3584 rerum
498 3515 561 3586 suit
574 3514 718 3585 initium.
729 3516 796 3587 Sed
807 3518 878 3587 iam
893 3537 949 3587 res
963 3518 1037 3609 ipsa
1051 3513 1231 3586 tractanda

145 3646 212 3720 est,
236 3658 300 3706 neo
323 3645 391 3708 tam
423 3639 561 3729 magnis
587 3639 836 3730 exaggeranda
854 3639 1090 3722 sermonibus
1123 3660 1228 3730 quam

146 3758 383 3852 indignatione
400 3761 602 3849 legentium.
624 3760 741 3852 Nuper
761 3761 924 3854 equidem
945 3762 1036 3831 inter
1053 3760 1227 3853 quosdam

144 3881 255 3952 exiis
278 3881 338 3973 qui
365 3880 431 3951 sibi
453 3880 619 3955 videntur
641 3883 828 3975 sapientes,
864 3885 940 3955 aliis
967 3888 1053 3955 torte
1075 3906 1144 3957 non
1168 3884 1223 3967 ita,

144 4002 339 4075 dubitatum
355 4014 390 4074 et
404 4005 439 4074 in
452 4002 659 4096 quaestionis
673 4008 818 4078 formam
838 4009 1049 4100 propositum
1067 4006 1144 4076 suit:
1164 4027 1229 4075 ex·

144 4124 276 4214 pediret
296 4147 407 4197 neone
429 4138 597 4197 terrarum
620 4125 693 4195 orbi
717 4126 838 4197 urbem
866 4127 1013 4199 Romam
1035 4137 1072 4196 et
1093 4126 1226 4198 Italiam

270 4255 306 4294 ur.
1039 4248 1070 4296 33
