2940 4650
572 271 724 345 nrrs‘ronn
747 297 828 345 nxrv.
1174 287 1232 346 483

159 459 237 527 sum
258 460 332 510 rex.
352 438 442 523 Quid
465 441 570 509 refert
591 441 620 508 si
642 439 734 532 apud
754 460 832 509 eum
853 441 951 510 cuius
968 459 1060 521 sum,
1083 455 1232 534 quantu-

139 563 363 654 luscumque
385 561 464 646 sim,
488 563 522 632 in
544 563 655 655 pretio
684 567 786 633 sum‘?
806 562 904 634 Multi
923 563 1094 634 deformes
1115 565 1233 637 coniu-

158 707 219 777 ges
237 684 416 758 ardentius
430 707 605 758 amavere.
627 687 728 780 Saepe
747 707 817 779 quo
831 687 942 757 minor
960 685 1113 759 liliorum
1136 688 1232 760 indo-

157 801 220 896 les,
240 832 281 881 eo
302 819 483 903 parentum
502 831 600 881 amor
619 808 683 880 luit
712 810 882 882 intentior.
917 809 1031 903 Scipio
1050 809 1232 881 Africanus

158 953 317 1005 summus
331 934 526 1018 hominum,
541 932 648 1003 filium
672 954 781 1026 usque
803 929 891 1004 adeo
908 931 1114 1002 dissimilem
1132 935 1229 1026 patri,

125 1072 127 1076 ’
157 1068 196 1129 ut
216 1058 325 1129 bostis
358 1079 427 1128 non
457 1055 548 1126 filius
578 1057 767 1138 videretur,
796 1057 982 1150 plusquam
1014 1065 1157 1148 paterne
1178 1056 1231 1126 di-

157 1183 288 1252 lexisse
309 1180 466 1253 traditur.
489 1180 630 1261 Mirum,
647 1179 709 1249 sed
722 1178 853 1272 aliquid
867 1181 951 1250 latet
967 1180 1061 1272 quod
1078 1202 1230 1251 amorem

157 1305 285 1376 excitet
313 1312 555 1395 amantemque
577 1303 738 1374 solicitet:
762 1305 836 1373 sine
856 1325 963 1374 nausa
990 1305 1081 1374 enim
1114 1305 1230 1375 nullus

158 1438 268 1512 amat,
302 1447 511 1521 quamquam
533 1425 609 1497 aliis
630 1448 699 1497 non
721 1438 789 1497 tam
816 1427 934 1518 pronis
966 1427 1011 1498 ad
1043 1426 1229 1498 amandum

156 1549 277 1621 eadem
298 1571 404 1621 causa
422 1559 516 1619 tanto
535 1551 645 1642 impar
661 1549 804 1621 forsitan
826 1550 871 1620 sit
890 1552 1008 1621 amori.
1032 1550 1132 1621 Certe
1151 1571 1227 1641 ego,

156 1672 237 1742 dum
258 1692 313 1742 me
328 1673 458 1756 metior,
474 1672 558 1766 quid
572 1673 616 1743 de
629 1693 684 1757 me
697 1673 772 1763 ipso
787 1672 950 1758 sentiam,
966 1671 1119 1743 indubio
1138 1695 1227 1742 sum.

155 1793 279 1864 Fateor
297 1795 404 1878 enim,
427 1796 501 1888 ipse
522 1796 605 1865 mibi
626 1816 696 1865 non
713 1797 846 1887 placeo,
869 1817 933 1866 neo
954 1795 1073 1865 mirari
1095 1796 1228 1867 sufficio

154 1916 307 2008 quidest
327 1919 391 1989 boo
411 1917 505 2011 quod
519 1916 721 1988 clarissimis
740 1916 825 1987 viris
846 1916 1081 2012 (nequeenim
1102 1939 1229 1988 vereor

154 2059 198 2108 ne
219 2040 362 2112 vanitati
395 2042 496 2112 detur
530 2039 559 2109 si
594 2040 682 2109 banc
700 2039 785 2108 mihi
806 2059 916 2122 verae,
944 2041 1022 2109 lieet
1047 2040 1228 2110 immeritae

153 2161 283 2251 gloriae,
299 2175 432 2259 partem
452 2161 574 2254 sumo),
589 2161 802 2248 clarissimis,
825 2163 976 2254 inquam,
994 2163 1147 2232 omnium
1167 2164 1226 2254 qui

152 2298 270 2357 nostra
291 2296 392 2357 aetate
413 2287 580 2371 vixerint,
602 2307 719 2356 curum
734 2287 823 2356 fecit.
847 2288 934 2357 Dum
965 2285 1125 2378 equidem
1152 2287 1227 2379 ipse

153 2430 211 2480 res
233 2431 328 2481 meas
345 2410 499 2482 funditus
520 2410 677 2495 excutio,
705 2409 789 2480 nihil
812 2411 965 2495 invenio,
992 2410 1087 2502 quod
1107 2410 1142 2480 in
1170 2432 1226 2480 me

152 2532 251 2604 bonis
273 2534 419 2606 amabile
449 2529 619 2631 suspicer,
654 2546 782 2629 praeter
804 2557 908 2606 unum
940 2535 1014 2618 hoo,
1037 2535 1130 2627 quod
1151 2535 1225 2627 ipse

151 2658 253 2727 etiam
286 2658 445 2752 quisquis
479 2659 560 2743 sim,
597 2659 705 2730 bonos
739 2679 879 2752 semper
908 2657 1023 2743 amavi
1050 2670 1085 2728 et
1117 2660 1222 2742 colui,

151 2800 358 2873 semperque
379 2781 423 2852 ab
452 2783 506 2852 his
537 2783 646 2853 amari
663 2792 697 2853 et
718 2781 812 2852 volni
833 2791 868 2851 et
882 2780 1017 2874 optavi,
1049 2803 1114 2850 nec
1136 2783 1223 2852 ullas

151 2901 235 2970 mibi
257 2901 291 2971 in
307 2903 379 2972 vita
399 2903 549 2974 maiores
570 2925 656 2994 opes
674 2923 779 2994 posse
800 2902 998 2991 contingere
1019 2912 1116 2972 ratus
1135 2906 1221 2984 sum,

150 3037 253 3114 quam
272 3023 546 3096 benevolentiam
566 3025 753 3108 bonorum,
787 3034 891 3115 atque
918 3025 1103 3096 illustrium
1128 3026 1223 3096 viro-

150 3167 242 3232 rum,
273 3169 422 3240 quorum
456 3169 524 3241 quo
556 3147 669 3218 minor
688 3157 742 3218 est
762 3146 875 3239 copia,
902 3150 1012 3220 maior
1034 3157 1090 3220 est
1110 3150 1220 3243 gratia

149 3269 400 3364 optabiliorque
419 3270 610 3342 convictus.
634 3269 700 3340 Sed
722 3267 804 3342 dum
823 3271 937 3363 cogito
960 3282 1007 3342 tot
1033 3275 1145 3344 claros
1167 3275 1219 3343 vi-

148 3406 208 3462 ros
228 3393 323 3464 haud
343 3393 442 3463 facile
463 3394 497 3463 in
517 3414 559 3463 eo
581 3393 683 3463 simul
709 3414 828 3464 omnes
846 3416 964 3466 errore
985 3396 1133 3479 versari,
1158 3416 1220 3465 ne·-

149 3517 220 3588 scio
240 3516 413 3610 quomodo
433 3517 478 3589 de
498 3539 554 3587 me
576 3517 657 3587 mibi
689 3538 769 3611 spes
796 3517 968 3589 oboritur:
1002 3517 1059 3600 ita,
1084 3517 1216 3602 utdixi,

147 3638 275 3711 dubius
295 3639 375 3725 sim,
398 3662 462 3712 nec
483 3640 555 3711 snio
576 3638 660 3732 quid
674 3640 769 3724 mibi,
791 3641 875 3733 quid
892 3642 967 3712 aliis
985 3641 1217 3712 credamVos

147 3764 302 3836 videritis
319 3763 528 3856 quicumque
550 3786 603 3834 me
632 3763 733 3834 vobis
751 3765 949 3846 amandum,
978 3765 1081 3835 nullis
1101 3766 1217 3836 causis

145 3888 391 3982 apparentibus
411 3888 602 3981 delegistis.
623 3889 751 3960 Verum
769 3900 807 3960 ut
827 3909 895 3958 non
913 3887 998 3959 alios
1021 3889 1157 3976 sileam,
1172 3890 1215 3960 de

145 4020 177 4083 te
203 4017 323 4105 loquar
347 4034 450 4105 quem
473 4034 493 4083 a
514 4010 681 4105 principio
700 4011 932 4083 crebrioribus
955 4023 989 4084 et
1013 4012 1215 4087 clarioribus

145 4133 278 4227 indiciis
299 4149 431 4231 patrum
451 4137 553 4208 sensi.
581 4136 662 4207 Veni
681 4135 909 4221 Mediolanum,
925 4122 1036 4231 inquit
1050 4139 1215 4230 Augusti-
