2934 4650
659 331 831 382 'l'zllllilllUll

600 623 780 688 EPISTOLA
801 622 904 687 XLVII.

321 756 517 824 rnlucrscus'
539 775 710 825 ruralem
732 775 910 824 rnrucrsoo
931 774 1039 824 nauuo
1061 775 1089 823 s,
1115 777 1144 824 e.
1169 779 1204 825 n.

354 912 538 967 Commendat
551 913 577 966 ei
591 913 785 984 presbyterum
801 910 837 966 ad
850 909 1013 966 Pontificem
1027 917 1158 966 euntem.

309 1085 512 1156 Praedilecte
547 1087 667 1169 frater,
703 1104 818 1179 casps
833 1085 897 1153 luit
919 1093 955 1152 ut
976 1105 1054 1153 cum
1077 1084 1168 1154 satis
1192 1087 1299 1157 multa

212 1231 275 1301 per
295 1207 437 1277 alterius
459 1229 586 1278 manus
616 1206 661 1278 ad
687 1216 721 1277 te
737 1215 887 1278 ventura
908 1205 1139 1296 scripsissem,
1170 1205 1299 1276 iterum

213 1328 297 1398 mihi
320 1328 354 1396 in
376 1350 501 1399 manus
523 1330 694 1399 calamum
717 1325 909 1398 necessitas
931 1327 1077 1396 honesta
1099 1339 1297 1419 reponeret.

214 1447 395 1539 Siquidem
416 1449 504 1517 lator
523 1446 750 1539 praesentium
772 1445 957 1539 presbyter
976 1445 1016 1513 N.
1034 1444 1211 1537 plebanus
1233 1458 1296 1520 etc.

213 1578 249 1638 et
278 1558 410 1639 'domiui
436 1567 607 1660 capitanei
632 1570 856 1662 cappellanus
886 1589 965 1637 cum
993 1571 1133 1660 praelato
1153 1569 1298 1644 domino

215 1712 279 1762 suo
297 1691 341 1760 ad
359 1691 537 1768 domiuum
556 1700 715 1762 nostrum
728 1692 834 1761 venit.
850 1691 915 1760 Est
929 1700 1043 1761 autem
1061 1690 1132 1774 vir,
1152 1704 1193 1763 ut
1212 1697 1296 1765 mihi

213 1812 353 1895 dicitur,
382 1811 496 1884 bonus
530 1824 567 1884 ct
592 1814 626 1884 in
654 1835 718 1884 suo
752 1835 880 1906 genere
915 1814 1119 1917 singularis,
1154 1827 1298 1908 propter

214 1935 308 2028 quod
329 1934 419 2004 inter
446 1945 516 2006 tam
541 1938 668 2007 multos
687 1935 732 2006 ad
758 1945 890 2007 tantum
909 1937 1061 2007 officium
1087 1941 1298 2029 praeelectus

213 2069 284 2139 est,
313 2056 523 2147 quibusdam
550 2078 691 2150 quoque
710 2058 797 2128 mihi
817 2056 1077 2129 venerabilibus
1099 2082 1139 2129 ac
1160 2059 1298 2133 dilectis

214 2153 530 2249 carus'admodum
552 2189 587 2250 et
608 2189 788 2272 acceptus;
811 2179 1031 2273 quibuscum
1048 2194 1167 2252 uotum
1188 2194 1296 2266 esset,

214 2298 309 2391 quod
338 2299 394 2371 hic
419 2301 542 2392 paucis
564 2299 664 2372 honis
682 2312 737 2372 est
758 2303 985 2393 incognitum,
1008 2313 1139 2394 quanta
1164 2305 1298 2376 scilicet

214 2418 305 2489 inter
333 2440 401 2494 uos
436 2419 480 2488 sit
513 2420 678 2491 identitas
711 2421 922 2508 animorum,
950 2432 1114 2515 optarunt
1135 2433 1173 2493 ut
1195 2425 1243 2496 ad
1265 2439 1297 2498 te

213 2537 528 2631 commendatorias
547 2542 678 2614 litteras
702 2564 798 2613 meas
820 2548 937 2628 ferret,
964 2545 1009 2616 ad
1030 2566 1118 2636 quas
1139 2568 1209 2617 non
1233 2548 1298 2619 dil-

213 2655 315 2731 ficilis
329 2659 406 2742 lui,
429 2663 512 2753 quia
534 2673 570 2734 et
589 2665 711 2735 amicis
732 2665 860 2735 talibus
886 2669 933 2737 nil
955 2659 1083 2758 negare
1109 2666 1235 2756 didici,
1263 2686 1299 2745 et

213 2778 306 2872 apud
340 2781 471 2852 bonum
506 2805 570 2876 pro
609 2785 709 2856 bonis
751 2787 1033 2859 intercessionem
1067 2790 1297 2864 favorabilem

212 2923 303 2973 reor.
338 2904 432 2974 Faue
457 2905 516 2992 illi,
545 2929 680 3000 quaeso,
712 2930 780 3000 qua
802 2922 923 3001 potes:
953 2931 1026 2979 rem
1059 2911 1141 2980 mihi
1171 2914 1299 2987 feceris

212 3023 459 3112 gratissimam.
481 3029 572 3100 Vale.

597 3328 776 3392 EPISTULA
796 3329 912 3393 XLVlll.

381 3480 576 3529 FllANClSCUS
600 3481 770 3539 PETRARGA
791 3483 930 3536 NICOLAO
950 3485 1123 3535 LAUREN'l'll

575 3580 616 3627 ET
638 3581 763 3629 POPULO
784 3581 926 3630 Romanu.

301 3711 366 3767 Haec
381 3719 437 3783 est,
454 3731 539 3786 quarn
554 3722 654 3771 uocant
668 3718 871 3788 hortatorium,
888 3721 1003 3790 epistola
1016 3721 1051 3778 ad
1064 3721 1225 3779 libertatem

513 3805 648 3884 Romanae
662 3807 832 3878 Reipublicae
845 3810 987 3865 tuendam.

306 3973 462 4045 Primum
496 3997 540 4046 ne
565 3975 649 4060 tibi,
685 3977 747 4046 Vir
781 3982 1011 4070 magnanime,
1035 4004 1097 4075 pro
1119 3991 1300 4057 tantarum

212 4112 329 4160 rerum
347 4086 474 4184 gloria,
495 4118 538 4165 au
558 4096 715 4168 liberatae
735 4099 856 4189 patriae
877 4101 1013 4173 civibus
1035 4079 1187 4195 pro'tuis
1209 4129 1304 4198 erga-
