2738 4680
274 341 368 389 urnnu
389 340 554 388 vrcusmus
577 340 963 392 summus-nmmum
988 346 1052 393 mn.
1149 334 1202 395 lut

124 495 282 571 coactus,
305 483 355 556 sic
376 492 524 555 moestus
544 485 641 577 quod
663 496 837 558 tantorum
864 487 1045 560 hominum
1071 490 1116 561 de
1141 491 1208 563 hoc

124 611 203 704 ipso
224 609 416 680 sententias
431 630 499 679 nou
513 606 703 681 audissem.
717 611 871 682 Paratior
884 613 976 683 euim
991 615 1098 685 multo
1110 635 1206 686 eram

123 733 262 804 discere
282 752 386 823 quam
408 730 557 802 docere:
579 721 893 825 quam'quamillius
907 733 978 805 diei
991 736 1099 828 ipsius
1112 738 1208 829 quod

125 856 298 947 reliquum
316 854 381 924 luit
398 852 443 925 ab
461 855 547 924 liora
569 854 626 926 illa
646 867 749 928 sexta
770 857 813 928 ad
834 880 1033 951 vesperam,
1047 871 1159 931 tecum
1173 872 1209 933 et

126 1000 207 1048 cum
229 976 363 1048 eisdem
385 977 563 1069 magistris
586 977 697 1050 tribus
719 981 754 1050 iu
776 980 928 1051 thalamo
950 1004 1042 1067 meo,
1060 1004 1207 1075 quovos

127 1098 309 1170 urbanitas
334 1110 455 1171 vestra
480 1101 664 1186 contraxit,
692 1103 759 1174 hoc
791 1104 868 1197 ipso
901 1116 937 1175 et
966 1105 1034 1176 alio
1066 1106 1208 1198 quidem

127 1224 227 1294 vario
246 1245 408 1294 sermone
425 1224 623 1295 traductum
644 1225 698 1296 sit.
717 1225 783 1295 Sed
803 1237 985 1320 postquam
1005 1229 1086 1300 inde
1104 1224 1209 1322 atque

127 1367 175 1415 ex
196 1346 254 1417 illa
275 1345 372 1436 regia
392 1345 478 1415 urbe
499 1346 648 1416 discessi
667 1368 730 1439 per
747 1345 858 1439 Alpes
876 1359 911 1418 et
929 1350 1074 1440 glaciem
1096 1350 1210 1421 hieme

127 1468 284 1552 horrida,
311 1469 355 1540 de
377 1477 410 1538 te
433 1469 574 1561 tuisque
599 1469 644 1540 de
671 1468 776 1541 rebus
801 1490 897 1562 saepe
917 1493 1054 1543 mecum
1075 1472 1210 1544 fervide

127 1591 297 1683 cogitans,
315 1589 444 1661 dictavi
468 1589 528 1660 tibi
548 1613 610 1683 per
627 1590 804 1685 hospitum
823 1591 994 1663 thalamos
1016 1593 1210 1669 inamoenos

128 1723 235 1807 atque
273 1715 511 1785 incommodos
549 1716 731 1809 epistolam
768 1718 907 1806 longam
945 1716 1068 1802 valde,
1104 1740 1209 1811 quam

128 1839 259 1910 idcirco
280 1860 350 1908 non
384 1839 464 1908 misi
495 1839 579 1930 quia
612 1836 724 1910 fidelis
759 1838 869 1908 nuntii
903 1840 1002 1932 copia
1034 1860 1104 1911 non
1136 1842 1210 1912 luit.

129 1961 230 2032 Nunc
263 1960 415 2046 taudem,
450 1960 567 2032 oblato
601 1959 667 2032 hoc
702 1959 866 2051 religioso
902 1970 938 2030 et
974 1961 1104 2053 insigni
1136 1963 1213 2035 viro

128 2086 314 2178 utriusque
335 2096 494 2156 nostrum
511 2085 769 2167 amantissimo,
791 2105 869 2153 eam
891 2084 1000 2176 ipsam
1022 2082 1090 2154 iam
1113 2106 1215 2178 sepo·

130 2210 234 2282 sitam
255 2231 297 2280 ac
318 2211 510 2300 neglectam
533 2230 604 2280 non
626 2209 700 2278 sine
718 2205 836 2277 labore
853 2205 1071 2299 transcripsi,
1091 2207 1126 2275 in
1144 2230 1214 2300 qua

129 2331 271 2425 quidem
290 2331 334 2403 de
350 2333 503 2403 Fortuna
520 2331 615 2414 nihil,
634 2331 697 2402 sed
713 2330 759 2401 de
776 2331 894 2401 causis
916 2327 1055 2422 quibus,
1075 2340 1112 2401 ut
1126 2352 1214 2417 reor,

128 2465 165 2526 et
187 2466 344 2527 vestrum
371 2456 490 2527 Galliae
516 2466 551 2527 et
576 2464 735 2526 nostrum
762 2454 870 2525 ltaliae
897 2476 1046 2544 reguum
1079 2453 1114 2524 in
1148 2452 1216 2526 hoc

130 2587 224 2651 statu
240 2589 334 2662 suut,
350 2582 458 2650 multa
471 2578 561 2664 dixi,
576 2600 645 2649 nou
664 2599 791 2669 magna
806 2598 871 2647 nec
885 2578 992 2662 culta,
1008 2578 1131 2663 fateor,
1151 2578 1217 2650 sed

128 2724 238 2774 vera:
261 2701 397 2794 tibique
422 2701 482 2794 qui
506 2703 666 2793 nugellas
685 2722 783 2773 meas
806 2701 923 2792 diligis
944 2701 1088 2781 forsitan
1108 2700 1217 2794 placi-

131 2835 221 2898 tura.
245 2826 332 2898 Vale
352 2825 421 2895 mei
443 2846 590 2897 memor.

219 3047 224 3055 η
278 2965 395 3034 Patauii,
412 2965 486 3019 Vlll.
503 2965 569 3019 ldus
584 2963 768 3035 Septembris.

546 3328 724 3393 uersuum
750 3331 819 3394 Xlll.

229 3491 425 3542 FllANGlSCUS
447 3489 616 3538 PETRARCA
639 3491 743 3538 PETRO
765 3489 967 3538 PlCTAVlENSl
992 3491 1020 3538 S.
1040 3491 1067 3537 Ρ.
1091 3490 1122 3536 Β.

307 3626 347 3680 De
366 3625 463 3680 militia
476 3631 615 3693 veterum,
633 3631 660 3679 et
676 3625 868 3679 Romanorum
883 3623 1054 3695 praesertim,

431 3716 536 3771 militiae
550 3716 593 3770 sui
607 3715 741 3786 temporis
754 3721 923 3787 comparata.

232 3916 428 3990 Admiratio
441 3915 703 4010 inexperientiae
717 3924 961 4007 argumentum
977 3924 1042 3984 est.
1054 3911 1220 3982 Miramur

133 4045 295 4116 insolita:
331 4039 567 4113 communium
595 4051 716 4133 stupor
742 4042 870 4109 nullus.
897 4038 991 4108 Pone
1019 4036 1125 4127 igitur
1152 4035 1220 4105 iam

135 4180 338 4265 stuporem:
361 4166 440 4250 trita
462 4173 596 4236 suntet
621 4160 819 4236 communia
844 4182 924 4253 quae
956 4159 1118 4231 miraris:
1145 4180 1221 4228 mu-

265 4294 302 4334 ru.
1038 4275 1061 4322 ll
