2738 4680
207 326 265 387 tus
544 337 586 384 nu
607 336 709 384 nunus
731 335 953 383 ritinnnrnos

208 481 401 575 suppliciis
420 482 449 551 si
463 481 509 550 ita
532 500 588 550 res
609 481 763 562 tulisset,
788 499 925 571 semper
945 499 1049 549 aures
1074 489 1112 550 ut
1132 478 1287 551 honestis

207 604 370 676 laudibus
391 603 440 675 sic
462 602 563 673 iustis
589 598 921 693 reprehensionibus
941 610 1156 695 praeparatas
1181 600 1289 672 habe·
1316 696 1318 698 ι

207 729 301 799 bant.
318 727 497 797 Noverunt
518 725 746 796 Pescennium
768 722 915 814 Nigrum
936 721 970 793 in
992 724 1142 818 AEgypto
1168 725 1288 797 vinum

207 849 445 942 flagitantibus
468 846 708 941 respondisse:
729 845 849 917 Nilum
870 847 993 916 habetis
1014 857 1044 916 et
1065 849 1182 917 vinum
1201 869 1289 937 quoe-

208 973 301 1074 rttts?
324 971 558 1064 eumdemque
587 971 663 1041 aliis
696 971 758 1062 qui
784 969 1006 1041 aSaracenis
1039 969 1123 1039 victi
1153 978 1286 1050 essent,

210 1098 422 1169 tumultuose
442 1096 564 1165 vinum
586 1093 826 1186 poscentibus,
850 1094 926 1164 sine
944 1115 1015 1186 qno
1039 1115 1197 1186 pugnare
1222 1114 1287 1162 non

209 1241 315 1312 posse
329 1240 366 1289 se
380 1217 546 1301 dicerent,
563 1218 752 1287 insultasse
772 1217 825 1287 bis
846 1218 963 1287 verbis
980 1244 987 1285 :
1006 1217 1222 1287 Erotesctte:
1240 1216 1290 1285 itti

209 1345 266 1436 qui
278 1366 337 1412 nos
349 1346 490 1412 vincunt
502 1363 620 1432 aquom
637 1343 760 1409 bibunt.
775 1341 921 1411 Marium
937 1340 1288 1433 nempePescennius

210 1477 289 1547 ante
309 1467 429 1536 oculos
450 1462 618 1547 habebat,
642 1463 742 1534 cuius
765 1464 915 1535 imitator
936 1465 972 1534 in
994 1464 1114 1558 primis
1133 1465 1289 1535 mirator-

210 1610 279 1680 que
304 1608 454 1678 magnus
479 1587 559 1670 suit,
586 1587 645 1677 qui
672 1608 741 1656 non
767 1585 889 1657 vinum
916 1586 978 1657 sed
1005 1609 1132 1680 aquam
1160 1590 1289 1683 petenti

209 1711 378 1789 exercitui
399 1708 657 1802 respondisset:
679 1707 751 1778 Viri
766 1711 857 1780 estis:
875 1733 916 1778 en
934 1714 1002 1780 ilttc
1019 1711 1159 1780 notetis.-
1177 1722 1289 1782 castra

211 1833 364 1905 hostium
385 1833 574 1905 ostendens
595 1832 655 1923 qui
676 1830 786 1924 ripam
808 1832 959 1904 lluminis
980 1833 1193 1905 obtinebant.
1215 1834 1290 1916 Quo

211 1980 382 2051 responso
406 1957 633 2028 inardescens
660 1956 773 2027 virtus
799 1976 841 2026 eo
868 1956 1009 2027 militem
1036 1959 1200 2049 perpulit,
1235 1955 1291 2028 ubi

211 2104 327 2175 neque
346 2081 467 2151 vinum
489 2087 584 2150 certe
604 2101 719 2171 neque
740 2102 862 2173 puram
885 2101 1019 2172 aquam
1047 2080 1168 2151 sitiens
1196 2081 1292 2150 inve-

211 2207 317 2291 niret,
339 2204 515 2296 quoniam,
532 2214 567 2273 ut
581 2202 628 2273 ait
639 2203 769 2286 Florus,
787 2212 881 2274 tanto
894 2202 1020 2275 ardore
1033 2213 1226 2296 pugnatum
1240 2212 1292 2273 est

212 2342 250 2401 ut
270 2330 382 2400 vietor
406 2348 572 2399 romanus
593 2324 639 2395 de
672 2336 819 2396 cruento
838 2325 981 2396 [lumine
1003 2349 1071 2396 non
1093 2328 1172 2419 plus
1192 2301 1293 2418 aquae

211 2432 338 2514 biberit
357 2454 463 2533 quam
486 2441 678 2530 sanguinis.
705 2439 796 2524 Quid
823 2452 940 2513 autem
974 2436 1154 2515 durissimi
1182 2444 1292 2514 duoes

212 2562 308 2634 aliud
332 2562 521 2655 quidquam
549 2561 718 2633 militibus
745 2566 819 2635 suis
851 2566 885 2634 in
919 2568 993 2637 acie
1022 2566 1291 2658 responderent,

212 2687 353 2778 quando
373 2687 579 2757 mitissimus
604 2685 766 2781 princeps
800 2688 983 2779 Augustus
1015 2688 1111 2759 domi
1142 2690 1176 2758 in
1210 2711 1293 2781 pace

214 2816 419 2901 querentem
440 2809 485 2880 de
518 2809 634 2903 inopia
667 2817 703 2879 et
735 2810 876 2883 caritate
902 2812 976 2882 vini
1001 2813 1168 2905 populum
1195 2833 1294 2883 seve-

214 2929 353 3023 rissima
370 2931 525 3003 oratione
550 2932 778 3024 compescuit,
809 2942 846 3002 ut
872 2935 1091 3026 Tranquillus
1119 2935 1182 3020 ait,
1211 2933 1292 3006 satis

213 3054 392 3146 provisum
416 3055 460 3124 ab
480 3054 632 3147 Agrippa
651 3078 782 3147 genero
800 3077 864 3127 suo
882 3058 1003 3128 dicens
1020 3059 1200 3150 perductis
1219 3061 1292 3151 plu-

215 3175 311 3246 rimis
332 3177 433 3268 aqnis
455 3199 497 3244 ne
524 3177 681 3281 immines
709 3180 867 3250 sitirent?
893 3181 1037 3271 Nigrum
1065 3182 1181 3274 ipsum
1208 3203 1293 3274 quo-

99 3312 104 3317 “
214 3321 285 3391 que
305 3299 531 3391 meminerant
549 3310 618 3369 tam
641 3301 775 3371 infracti
798 3306 1015 3396 avoluptate
1037 3303 1155 3387 animi,
1173 3312 1292 3376 utnon

215 3430 395 3511 argentum
417 3419 522 3491 modo
546 3421 739 3492 detraxerit
771 3447 817 3494 ex
853 3447 919 3496 usu
955 3425 1095 3510 militiae,
1131 3450 1175 3497 ne
1208 3430 1294 3499 torte

215 3543 422 3614 militaribus
446 3543 630 3614 sarcinulis
651 3543 685 3613 in
701 3567 826 3634 manus
840 3547 991 3620 bostium
1011 3551 1149 3636 delatis,
1165 3551 1293 3625 nostris

211 3669 335 3765 spoliis
356 3667 577 3761 superbirent
597 3664 750 3752 barbari,
781 3669 843 3741 sed
868 3672 1019 3763 pistores
1047 3675 1145 3765 sequi
1180 3686 1293 3746 castra

216 3794 378 3875 vetuerit,
401 3791 544 3883 vinique
571 3799 691 3882 potum
720 3813 864 3882 prorsus
895 3795 1135 3883 interdixerit,
1170 3795 1293 3868 iubens

215 3937 336 3987 omnes
357 3923 455 3987 aceto
474 3936 514 3985 ac
533 3911 687 3982 biscocto
711 3935 800 4006 pane
827 3929 1008 3991 contentos
1035 3939 1128 4006 esse,
1156 3921 1202 3992 de
1226 3942 1295 4014 quo

215 4037 262 4110 ita
282 4038 401 4109 scribit
432 4037 541 4108 AElius
573 4033 798 4127 Spartianus:
826 4039 1009 4132 Nunquam
1042 4044 1100 4112 sub
1133 4066 1170 4113 co
1204 4045 1295 4114 miter

212 4164 414 4252 provinciali
438 4163 578 4254 tignum,
613 4160 731 4244 otcurn,
767 4185 898 4255 opernm
925 4169 1077 4253 retorsit,
1093 4262 1096 4266 r
1113 4180 1143 4237 et
1175 4171 1243 4262 ipse
1274 4191 1295 4236 u
