2804 4656
287 345 379 393 trunn
402 344 926 394 vronstunsrnnrrus.-nrtsrott
950 347 967 395 t.
1103 338 1163 397 ,lat

85 489 212 583 posita,
241 487 404 560 bellicum
431 486 503 559 lani
531 489 695 579 templum
722 486 920 559 felicissime
950 493 1164 574 conclusisti,

86 614 216 687 utinam
239 612 401 692 viveres;
423 609 481 682 tini
502 612 673 701 loquerer.
695 609 723 679 0
743 609 880 702 insigne
902 634 963 703 par
987 614 1164 689 hominum

84 736 301 829 Vespasiane
318 746 353 806 et
371 733 454 816 Tite,
469 731 565 823 digni
584 734 751 803 alterutro
760 741 802 802 et
819 743 917 827 patre
935 735 1027 808 illius
1044 748 1080 808 et
1097 738 1166 811 filio

85 868 194 953 pater,
217 854 277 950 qui
291 879 360 927 uno
377 877 495 938 curru,
515 854 609 945 quod
626 876 804 945 nunquam
823 867 924 928 antea
944 858 1058 929 visum
1076 875 1162 945 erat,

85 994 119 1054 et
138 980 266 1052 Christi
288 977 575 1070 gloriosissimam
598 976 778 1060 ultionem,
800 987 836 1049 et
857 980 1068 1072 triumphurn
1096 986 1166 1055 cla-

86 1105 264 1176 rissimum
286 1101 330 1173 de
348 1100 598 1196 Hierosolymis
617 1100 796 1184 retulistis,
822 1103 951 1173 utinam
973 1103 1162 1187 viveretis3

84 1226 183 1300 vobis
205 1229 380 1319 loquerer,
404 1234 439 1296 et
459 1233 497 1294 ut
522 1223 649 1295 Christi
676 1224 818 1296 iniurias
851 1225 975 1298 iterum
1006 1230 1163 1302 vindica-

86 1354 168 1423 retis
189 1351 359 1421 hortarer.
381 1348 616 1422 Olontissime
639 1346 692 1418 vir
715 1348 876 1434 Traiane,
898 1350 956 1441 qni
976 1352 1044 1422 iam
1067 1354 1164 1424 senio

84 1475 304 1567 frigescentis
324 1473 458 1566 imperii
480 1470 636 1543 membra
655 1473 763 1542 multo
785 1471 929 1564 spiritus
950 1476 1088 1546 fervore
1110 1499 1162 1547 re-

84 1597 213 1682 fovisti,
235 1618 276 1666 ao
296 1606 424 1689 praeter
442 1615 541 1686 spem
559 1593 787 1664 iuvenescere
808 1595 966 1685 coegisti,
985 1620 1163 1691 nunquam

84 1731 176 1793 certe
197 1721 253 1790 vel
274 1728 344 1789 tam
366 1719 519 1808 gelatum
541 1726 646 1809 atque
659 1714 876 1810 decrepitum
891 1717 1088 1809 imperium,
1107 1725 1163 1795 vel

84 1854 150 1916 tam
166 1842 386 1914 necessarius
401 1841 516 1911 lervor
531 1849 626 1923 tuns,
641 1838 771 1909 utinam
786 1841 944 1923 viveres;
965 1840 1024 1911 tibi
1043 1844 1164 1935 loque-

83 1990 148 2051 rer,
172 1976 208 2036 et
229 1986 388 2056 rogarem
412 1973 448 2034 ut
470 1962 688 2034 moribundae
705 1963 826 2056 patriae
844 1983 943 2054 opem
962 1966 1084 2050 ferres,
1100 1989 1163 2042 nen

81 2089 158 2161 ideo
179 2087 273 2181 quod
300 2087 334 2157 in
360 2087 526 2179 Hispania
553 2094 656 2155 natus
682 2105 798 2169 esses,
825 2084 954 2156 ltalioaa
979 2085 1162 2160 oblivisce-

82 2213 169 2283 reris
187 2210 345 2302 originis.
372 2212 400 2282 0
427 2210 516 2280 bone
542 2206 731 2290 Theodosi,
761 2206 819 2299 qui
846 2229 956 2300 parva
982 2207 1160 2283 hominum
1196 2231 1201 2241 ·

81 2355 184 2405 manu
212 2333 275 2404 sed
300 2332 420 2403 divino
445 2331 552 2402 fultus
580 2331 722 2412 auxilio,
750 2328 810 2400 tibi
838 2330 1065 2404 militantibus
1090 2336 1162 2406 ele-

82 2456 206 2526 mentis
227 2466 262 2527 et
281 2453 543 2526 coniurantibus
565 2465 677 2524 tecum
696 2452 821 2537 ventis,
843 2455 987 2544 sagittas
1006 2454 1161 2527 barbari-

80 2599 136 2649 cas
157 2602 204 2650 ex
231 2576 442 2649 immanibus
469 2577 641 2668 pharetris
668 2576 841 2648 adversus
867 2599 930 2648 nos
952 2577 1109 2662 eductas
1125 2582 1159 2650 in

79 2700 171 2794 ipsas
184 2705 316 2786 frontes
330 2712 435 2793 atque
449 2700 695 2771 exterminium
709 2699 937 2772 barbarorum
952 2703 1160 2774 miraculose

79 2836 111 2898 et
127 2823 375 2896 incredibiliter
391 2824 576 2906 retorsisti,
592 2823 722 2893 utinam
737 2824 895 2905 viveres;
910 2824 972 2895 tibi
986 2827 1157 2918 loquerer.

79 2932 174 3019 Nunc
192 2924 283 3040 'quid
303 2949 429 3038 agam‘.l
450 2948 495 3017 bt
514 2947 607 3038 lo'qni
631 2956 777 3038 oportet,
800 2956 835 3016 et
855 2946 911 3017 cui
938 2949 1061 3039 loquar
1088 2971 1157 3021 non

78 3070 228 3142 invenio.
249 3069 432 3141 Effundam
454 3090 561 3139 voces
581 3069 615 3136 in
637 3067 768 3152 nubila,
791 3068 821 3138 si
838 3069 918 3159 quis
938 3070 1054 3141 lorsan
1071 3072 1157 3141 arni-

78 3193 147 3264 cinr
172 3191 331 3285 spiritus
353 3203 388 3263 et
408 3190 509 3261 bonis
527 3193 649 3261 favens
671 3213 690 3261 e
715 3189 815 3261 labiis
837 3191 925 3262 meis
949 3191 1092 3264 eductas
1112 3194 1156 3264 ad

78 3314 226 3408 aliquam
242 3334 448 3406 generosam
462 3335 582 3385 aurem
601 3313 677 3384 illas
693 3316 846 3405 perferat
863 3312 923 3386 ubi
940 3313 1153 3397 fructificent,

52 3501 55 3508 .
78 3450 113 3509 ut
130 3439 236 3533 cupio
257 3439 370 3530 polius
392 3460 497 3530 quam
519 3459 631 3529 spero.
655 3435 746 3518 Quid
767 3436 860 3508 enirn
883 3437 958 3529 spei
983 3437 1153 3528 reliquum

78 3566 147 3634 est‘l
167 3560 261 3643 Quid
282 3559 420 3650 agitur‘.l
446 3561 588 3630 Summe
621 3560 714 3641 lesu,
750 3557 810 3629 ubi
844 3567 926 3630 sunt
958 3557 1047 3628 oculi
1085 3557 1152 3639 tui,

77 3685 201 3777 quibus
222 3704 288 3755 nos
309 3681 354 3753 ab
372 3685 441 3754 alto
462 3684 616 3767 intuens,
637 3705 704 3753 non
726 3681 828 3754 modo
849 3684 961 3752 claros
984 3679 1046 3751 sed
1067 3679 1155 3749 invi-

78 3807 191 3880 diosos
205 3806 338 3876 mundo
351 3807 505 3876 ieceras?
518 3807 615 3876 Hanc
630 3814 756 3876 tantam
772 3807 919 3874 fortunae
933 3800 1152 3890 vertiginem,

78 3927 162 4001 bano
184 3940 253 4002 tam
278 3927 428 4000 subitam
449 3930 508 3999 fati
533 3929 621 4012 vim,
645 3927 720 3998 sine
742 3922 914 4017 aliquibus
936 3920 1013 3992 aliis
1034 3921 1154 3993 verbis

77 4051 166 4142 quod
213 4060 380 4125 moestum
423 4049 575 4122 animum
623 4048 749 4143 premit
789 4043 984 4138 expediam.
1029 4044 1167 4117 Vidisti.

78 4175 232 4266 equidem
254 4185 350 4247 certe
373 4193 598 4268 praesensque
619 4172 743 4245 aderas
766 4167 905 4262 quaudo
932 4177 1067 4262 patrum
1094 4189 1153 4238 uo-
