2804 4656
280 309 373 359 LIBER
394 288 704 359 vicusluosvs'uvtus
716 328 756 342 -·
767 310 920 360 belsvonn
942 311 973 359 11.
1109 298 1167 358 193

86 453 151 526 iam
173 445 377 547 non'patria
397 462 455 526 tua
481 465 549 535 est,
577 475 625 524 ex
651 476 721 546 quo
746 455 897 548 primum
918 453 963 525 ad
984 454 1166 546 imperium

85 577 289 673 pervenisti,
313 577 487 670 aliamque
507 575 686 648 nascendo
712 588 816 669 atque
834 576 934 649 aliam
951 576 1168 648 renascendo

85 701 229 794 patriam
245 683 285 771 es
304 700 463 793 adeptus.
482 699 619 772 Audisti
634 709 673 771 ut
686 698 889 771 Alexander
906 700 997 772 idem
1012 698 1164 783 Macedo,

85 845 194 915 regno
210 832 361 916 accepto,
381 844 451 893 non
464 823 678 895 Macedonia
697 845 735 895 se
753 824 818 895 sed
831 823 951 894 mnndi
965 845 1084 914 regem
1100 822 1167 894 dici

84 944 201 1030 iussit,
223 958 334 1037 a'quo
355 954 392 1017 ut
411 947 520 1016 multa
542 944 725 1038 praecipiti,
750 946 801 1016 sic
821 968 930 1016 unum
952 946 1018 1015 hoc
1040 967 1167 1037 magno

84 1068 199 1139 animo
220 1077 359 1157 gestum
373 1091 443 1140 uon
463 1068 606 1140 inficier.
625 1068 721 1139 Idem
742 1092 787 1140 ne
804 1080 841 1141 tu
858 1069 938 1140 olim
957 1070 1091 1152 feceris,
1107 1092 1168 1161 pa-

86 1190 140 1262 trii
161 1192 261 1282 regni
281 1189 435 1263 viduitas
456 1190 654 1277 inhibebat,
676 1192 770 1284 qnod
788 1192 883 1263 abitu
905 1202 964 1264 tuo
980 1192 1097 1263 deseri
1115 1192 1168 1262 vi-

84 1313 246 1396 debatur;
261 1324 296 1384 et
318 1312 447 1406 siquid
466 1313 527 1384 tibi
540 1310 741 1385 humanitus
760 1315 960 1400 accidisset,
976 1314 1019 1386 ad
1037 1315 1167 1386 alienas

83 1457 208 1508 manns
241 1449 501 1529 perventurum.
533 1438 630 1508 Hanc
657 1458 721 1508 seu
747 1436 873 1509 iustam
908 1460 972 1510 seu
1004 1438 1166 1510 iniustam

82 1559 345 1630 exeusationem
371 1559 517 1654 propitia
543 1558 725 1630 divinitate
751 1559 924 1631 sublatam
950 1561 1065 1645 vidae,
1087 1580 1168 1652 quae

83 1682 143 1755 tibi
166 1695 202 1754 et
226 1679 372 1775 imperio
404 1682 599 1775 expetitum
625 1683 718 1754 votis
746 1680 913 1754 infantem
939 1704 987 1753 ex
1018 1695 1169 1774 angusta

84 1792 149 1877 tori
174 1814 337 1877 consorte
368 1806 492 1895 largita
523 1813 589 1876 est.
625 1804 735 1877 Habet
767 1806 836 1876 iam
865 1804 1032 1875 Bohemia
1066 1827 1167 1876 suum

82 1951 214 2021 regem,
237 1938 274 1999 tu
294 1928 401 1999 Itaiiae
427 1925 615 2019 mundique
633 1949 714 2011 vex,
735 1938 813 2019 post
833 1937 970 2017 tergum
991 1925 1168 2017 linquendi

81 2051 176 2123 orbis
191 2052 259 2122 iam
282 2072 445 2134 securus,
460 2057 496 2121 et
508 2049 654 2143 patriam
669 2059 704 2119 et
722 2050 846 2119 solium
866 2059 963 2118 tuum
977 2058 1066 2139 pete.
1081 2047 1168 2116 Nam

82 2172 148 2244 etsi
176 2171 370 2244 secundum
397 2172 633 2268 Apostolicam
662 2172 867 2243 sententiam
888 2177 1086 2240 manentem
1112 2170 1168 2241 hio

82 2317 151 2367 non
173 2293 304 2366 habeas
325 2288 519 2380 civitatem,
540 2295 568 2366 si
589 2316 659 2387 qna
681 2302 795 2365 tamen
814 2292 848 2362 in
867 2292 969 2363 terris
988 2291 1098 2386 patria
1115 2302 1170 2362 est

84 2428 140 2490 tua
154 2417 310 2511 propria,
327 2419 505 2489 Caesarum
525 2418 667 2503 domus,
686 2440 727 2489 ac
746 2438 829 2488 vera
848 2415 959 2511 patria
975 2416 1165 2486 Romaest:

83 2542 167 2634 quin
186 2550 223 2611 et
240 2541 433 2612 communis
450 2542 603 2612 omnium
623 2553 677 2612 est
694 2540 818 2633 patria,
838 2561 954 2610 nevum
977 2547 1094 2632 caput,
1113 2561 1169 2608 ov-

84 2663 135 2735 bis
148 2674 255 2756 atque
268 2662 407 2734 urbium
422 2663 555 2754 regina,
571 2663 807 2755 nobiliumque
826 2674 894 2732 tam
907 2660 1027 2731 fertilis
1046 2682 1169 2732 exem-

84 2787 235 2877 plorum,
257 2796 296 2856 ut
315 2795 501 2877 conspecta
519 2785 616 2855 facile
634 2785 769 2856 animos
786 2785 917 2856 excitet
938 2784 1167 2878 detergatque

85 2906 289 2998 robiginem.
318 2906 413 2988 Quas
435 2926 522 2976 vero
546 2928 641 2976 nunc
661 2926 771 2976 morae
792 2925 918 2975 causas
939 2905 1166 2999 aucupabere,

84 3029 259 3121 quibusve
279 3026 444 3119 deinceps
466 3035 500 3097 te
518 3026 743 3120 compedibus
762 3036 894 3098 tentum
911 3025 1031 3097 dices?
1043 3025 1168 3099 Nescio

83 3151 164 3244 qnid
177 3152 334 3221 Romano
350 3146 507 3220 Pontifici
516 3148 696 3240 pollicitus,
708 3149 934 3221 iureiurando
951 3149 1164 3242 interposito,

84 3273 181 3368 qnasi
197 3294 298 3344 muro
312 3272 430 3344 valido
445 3293 508 3342 seu
522 3279 639 3342 monte
657 3270 760 3355 invio,
780 3274 947 3344 Romanae
961 3271 1056 3343 urbis
1071 3271 1167 3342 aditu

84 3392 287 3484 prohiberis.
311 3395 366 3465 Sic
386 3405 421 3464 et
442 3413 579 3466 summo
605 3393 750 3487 principi
778 3415 879 3466 suum
904 3393 1104 3487 imperinm,
1131 3400 1167 3462 et
1201 3395 1205 3399 ’

85 3538 221 3588 summo
251 3517 397 3609 imperio
432 3537 518 3588 suns
551 3514 732 3611 princeps,
766 3536 916 3608 quaeque
955 3515 1165 3587 iacturarum

84 3641 236 3710 omnium
258 3639 412 3710 maxima
431 3646 495 3723 est,
512 3648 571 3710 tua
587 3638 646 3709 tibi
660 3637 804 3710 libertas
818 3636 973 3729 eripitur.
990 3635 1056 3708 Sed
1071 3636 1165 3706 inva-

85 3762 139 3834 sti:
158 3760 254 3856 quod
268 3763 398 3833 utinam
414 3783 482 3832 non
499 3760 661 3833 fecisses!
679 3761 748 3832 Sed
763 3760 886 3832 fecisti.
901 3757 1165 3853 Dispensatione
1247 3793 1249 3797 v

84 3902 168 3977 opus
194 3893 261 3955 est.
288 3885 379 3967 Quid
404 3885 439 3955 in
464 3885 568 3976 plano
591 3883 759 3955 haesitas?
784 3883 894 3966 Quem
917 3901 1010 3951 unus
1036 3878 1161 3964 iunxit,

86 4025 173 4099 saepe
196 4007 303 4091 idem,
327 4029 421 4102 saepe
442 4006 530 4078 alius
551 4006 666 4079 solvit.
693 4004 784 4089 Quid
810 4005 916 4087 refert
935 4002 1026 4073 unde
1046 4001 1165 4074 redeat

85 4126 234 4213 libertae,
258 4129 378 4202 redeat
396 4130 522 4201 modo‘?
539 4129 605 4212 Qui
619 4127 797 4221 impedivit
810 4125 987 4219 expediet:
1008 4125 1039 4195 si
1056 4126 1086 4196 is
1101 4145 1162 4194 no-

207 4260 242 4300 tu.
979 4243 1009 4294 13
