2804 4656
107 300 168 364 254
444 312 485 360 na
508 311 609 360 nunus
631 312 870 364 rnnrurarmus·

108 459 246 530 bonitas
273 467 416 540 nature,
439 480 459 528 a
489 456 652 548 coniugio
685 456 720 527 in
752 458 876 552 primis
909 467 1015 548 atque
1040 455 1087 527 ab
1115 459 1194 529 aliis

108 582 192 654 vitae
224 580 501 663 difficultatibus
537 579 571 649 in
604 601 693 671 quas
727 602 783 651 me
817 591 998 675 parentum
1032 603 1132 656 arnor
1157 592 1194 655 et

109 704 299 776 amicornm
332 702 477 774 consilia
505 700 691 794 urgebant,
730 703 877 775 liberum
921 715 957 776 et
998 705 1191 777 immunem

110 829 230 899 tenuit.
253 826 304 897 Ne
327 836 441 897 tamen
463 826 508 897 ad
529 848 636 897 unum
658 836 782 898 cuneta
797 827 1000 919 parentibus
1014 850 1190 920 negarem,

37 1042 39 1048 Α
107 950 153 1023 de
173 961 337 1044 sperante
357 949 441 1019 nibil
463 952 571 1020 multa
590 949 821 1040 sperantibus,
841 973 911 1022 uno
929 973 984 1022 me
998 972 1128 1043 passus
1141 952 1191 1022 lui

108 1071 354 1165 civilisstndii
385 1076 481 1143 fasee
511 1072 664 1154 curvari,
699 1073 792 1144 unde
824 1073 972 1146 maiores
992 1083 1191 1166 provectus,

109 1180 237 1291 praeter
258 1218 313 1267 me
335 1196 456 1278 solnm,
478 1193 525 1264 ab
544 1193 707 1265 omnibus
729 1194 970 1289 sperabantur.
996 1196 1073 1286 Ego
1094 1197 1131 1268 in
1149 1219 1192 1268 ea

108 1320 271 1390 facultate
291 1317 376 1410 quid
396 1337 538 1410 possem
558 1324 592 1386 et
611 1315 696 1407 quid
712 1319 837 1388 vellem
857 1317 1058 1402 sentiebam,
1077 1339 1192 1411 neque

109 1442 250 1533 ingenio
274 1438 493 1523 diffidebam,
521 1439 586 1509 sed
611 1438 887 1530 aegrescebam
913 1443 1047 1512 lucrum
1073 1463 1122 1512 ex
1141 1441 1192 1511 in-

109 1564 213 1657 genio
234 1584 311 1639 meo
331 1561 453 1655 quaeri.
472 1559 704 1642 Quamobrem
724 1573 764 1634 ut
780 1562 928 1656 primum
948 1562 1033 1634 mihi
1050 1562 1192 1635 relictus

110 1707 204 1771 sum,
223 1686 340 1756 lessus
359 1682 478 1754 invitae
495 1682 644 1755 sarcinae
661 1682 817 1758 subduxi
838 1685 1022 1770 humeros,
1042 1706 1193 1778 meoque

109 1829 206 1880 more
232 1806 308 1879 sine
335 1805 568 1891 solicitudine,
600 1807 677 1878 sine
713 1829 774 1900 spe
799 1807 865 1878 iter
884 1805 1059 1898 inceptum
1084 1828 1192 1898 agere

109 1930 256 2015 institui,
280 1932 388 2002 multa
406 1928 548 2001 demum
571 1950 677 2021 supra
698 1951 796 2022 spem
818 1938 1064 2022 consequutus,
1084 1931 1194 2001 multa

108 2075 253 2147 passus·
281 2054 377 2124 Neve
397 2054 514 2124 forsan
534 2051 579 2123 ab
601 2052 731 2144 ignaris
753 2053 819 2125 hoo
840 2073 1002 2124 sermone
1024 2052 1191 2144 despera-

108 2179 212 2252 tionis
232 2201 380 2270 argnm,
404 2178 447 2249 de
469 2177 523 2248 his
545 2190 678 2251 tantum
704 2181 841 2271 loquor,
864 2198 944 2270 qnae
965 2180 1113 2251 fortunae
1135 2200 1192 2251 res

108 2301 289 2385 dicuntur,
312 2302 346 2369 in
368 2299 445 2370 aliis
466 2312 504 2369 ut
524 2311 685 2393 peccator
705 2303 851 2376 multum
871 2315 985 2393 sporo.
1008 2304 1091 2372 llaec
1108 2301 1194 2371 mihi
1278 2319 1283 2324 ·

108 2445 187 2494 oum
213 2420 271 2493 illo
296 2421 355 2513 qui
385 2420 430 2490 ab
455 2420 553 2492 initio
574 2444 629 2492 me
650 2425 760 2507 novit,
788 2423 889 2495 dulce
915 2422 980 2494 luit
1005 2424 1191 2503 recordari.

109 2545 231 2634 Neque
253 2564 338 2613 vero
360 2541 405 2612 ab
426 2565 464 2613 re
484 2543 559 2635 ipsa
581 2545 683 2634 longe
702 2544 843 2636 digredi
862 2545 963 2618 visus
981 2567 1091 2629 eram,
1110 2545 1194 2639 quia

110 2664 323 2736 mihitoturn
353 2666 419 2736 hoc
443 2664 620 2737 intellecta*
638 2665 706 2737 iam
728 2667 812 2739 inde·
829 2668 912 2740 vitae
931 2667 1089 2739 brevitas
1110 2689 1192 2739 oon·

108 2788 222 2858 silium
243 2786 359 2860 dabat.
382 2788 419 2858 ln
439 2810 509 2882 quo
530 2787 619 2882 ipso,
642 2788 711 2860 nisi
731 2791 846 2876 fallor,
868 2792 1121 2884 aliquantulum
1139 2791 1194 2861 vi·
1281 2766 1284 2770 ⁵

106 2911 222 2983 vendo
243 2922 430 3004 provectus
452 2934 553 2984 sum:
576 2922 782 3007 tantumque
807 2915 897 2986 inter
923 2916 1012 2987 hane
1037 2925 1073 2985 et
1097 2916 1191 2985 illam

107 3043 247 3105 etatem
281 3037 400 3120 refert,
431 3037 528 3127 quod
557 3047 640 3108 tuno
671 3036 782 3108 doctis
816 3037 920 3122 vine,
957 3047 994 3108 nt
1025 3038 1192 3129 praelatus

108 3177 220 3241 eram,
246 3180 339 3228 nrrno
363 3170 399 3228 et
423 3159 491 3230 illis
519 3167 555 3231 et
579 3159 664 3229 mihi
690 3168 726 3230 et
742 3161 970 3254 experientiae
996 3157 1100 3231 lidem
1121 3161 1189 3232 do:

108 3290 190 3351 tuno
222 3290 302 3350 ante
323 3280 576 3373 prospiciebam
594 3283 628 3351 in
646 3281 764 3354 limine
780 3281 944 3353 dubitans
965 3282 1192 3374 incertusque

107 3405 236 3476 animi:
269 3424 360 3474 nuno
392 3414 471 3474 ante
504 3416 666 3495 retroque
692 3404 883 3497 respiciens
907 3404 1003 3498 quod
1029 3403 1190 3495 legebam

107 3525 226 3611 video,
248 3527 343 3620 qnod
365 3513 566 3617 suspicabar
585 3528 759 3619 experior.
790 3527 903 3598 Video
926 3549 982 3597 me
1010 3527 1055 3598 ad
1085 3525 1189 3598 finem

48 3712 49 3716 ,
109 3663 203 3723 tanto
223 3651 354 3744 impetu
373 3648 613 3744 propinquare,
630 3657 759 3738 quanto
772 3671 817 3721 ne
829 3649 896 3720 dici
910 3648 1051 3743 quidem
1066 3648 1188 3740 possit,

108 3795 174 3844 neo
193 3774 291 3845 facile
312 3770 455 3864 captari.
476 3769 552 3840 Non
573 3769 657 3840 mili
679 3783 799 3862 poetae,
823 3793 887 3842 neo
901 3771 1099 3865 philosophi
1112 3770 1191 3863 qrri·

108 3896 187 3968 dem
210 3918 337 3967 munus
357 3894 402 3966 ad
424 3894 513 3964 hane
533 3915 628 3964 rem:
648 3894 727 3985 <ipse
744 3892 829 3964 mihi
848 3895 954 3978 testis,
974 3895 1050 3987 ipse
1068 3903 1190 3966 auctor

109 3998 266 4088 idoneus.
287 4016 391 4089 Brevi
413 4025 566 4087 muetos
586 4016 669 4100 oris,
690 4037 753 4087 neo
770 4016 887 4087 minus
905 4015 1012 4087 animi
1028 4014 1187 4099 habitus,

108 4140 229 4210 mutati
263 4161 393 4223 mores,
427 4148 570 4210 mutatae
595 4159 705 4224 curae,
733 4148 863 4210 mutata
894 4137 1032 4212 studia:
1060 4137 1106 4207 nil
1132 4150 1189 4208 est
