<?xml version="1.0" encoding="UTF-8"?>
<!DOCTYPE html PUBLIC "-//W3C//DTD XHTML 1.0 Transitional//EN"
    "http://www.w3.org/TR/xhtml1/DTD/xhtml1-transitional.dtd">
<html xmlns="http://www.w3.org/1999/xhtml" xml:lang="en" lang="en">
 <head>
  <title>
</title>
<meta http-equiv="Content-Type" content="text/html;charset=utf-8" />
  <meta name='ocr-system' content='tesseract 3.04.00' />
  <meta name='ocr-capabilities' content='ocr_page ocr_carea ocr_par ocr_line ocrx_word'/>
</head>
<body>
  <div class='ocr_page' id='page_1' title='image "./franciscipetrar00fracgoog_0172.png"; bbox 0 0 2738 4680; ppageno 0'>
   <div class='ocr_carea' id='block_1_1' title="bbox 249 333 1176 395">
    <p class='ocr_par' dir='ltr' id='par_1_1' title="bbox 249 333 1176 395">
     <span class='ocr_line' id='line_1_1' title="bbox 249 333 1176 395; baseline 0.009 -9"><span class='ocrx_word' id='word_1_1' title='bbox 249 338 343 387; x_wconf 82' lang='lat' dir='ltr'>LIBER</span> <span class='ocrx_word' id='word_1_2' title='bbox 365 333 529 390; x_wconf 68' lang='lat' dir='ltr'>VICESIMUS</span> <span class='ocrx_word' id='word_1_3' title='bbox 550 339 723 391; x_wconf 80' lang='lat' dir='ltr'><strong>SECUNDUS.</strong></span> <span class='ocrx_word' id='word_1_4' title='bbox 736 341 940 392; x_wconf 73' lang='lat' dir='ltr'><strong>-m’lssostt</strong></span> <span class='ocrx_word' id='word_1_5' title='bbox 961 344 1014 392; x_wconf 84' lang='lat' dir='ltr'><strong>xtl.</strong></span> <span class='ocrx_word' id='word_1_6' title='bbox 1118 334 1176 395; x_wconf 71' lang='grc'><strong>155</strong></span> 
     </span>
    </p>
   </div>
   <div class='ocr_carea' id='block_1_2' title="bbox 86 483 1268 2424">
    <p class='ocr_par' dir='ltr' id='par_1_2' title="bbox 86 483 1268 2424">
     <span class='ocr_line' id='line_1_2' title="bbox 86 483 1173 581; baseline 0.008 -29"><span class='ocrx_word' id='word_1_7' title='bbox 86 505 157 555; x_wconf 88' lang='lat' dir='ltr'><strong>nou</strong></span> <span class='ocrx_word' id='word_1_8' title='bbox 195 503 365 554; x_wconf 87' lang='lat' dir='ltr'><strong>numerus</strong></span> <span class='ocrx_word' id='word_1_9' title='bbox 403 483 469 556; x_wconf 77' lang='lat' dir='ltr'><strong>sed</strong></span> <span class='ocrx_word' id='word_1_10' title='bbox 501 484 692 557; x_wconf 83' lang='lat' dir='ltr'><strong>auctoritas</strong></span> <span class='ocrx_word' id='word_1_11' title='bbox 722 484 871 558; x_wconf 88' lang='lat' dir='ltr'><strong>testibus</strong></span> <span class='ocrx_word' id='word_1_12' title='bbox 902 485 1006 559; x_wconf 88' lang='lat' dir='ltr'><strong>fidem</strong></span> <span class='ocrx_word' id='word_1_13' title='bbox 1035 489 1173 581; x_wconf 85' lang='lat' dir='ltr'><strong>quaerit.</strong></span> 
     </span>
     <span class='ocr_line' id='line_1_3' title="bbox 86 604 1175 704; baseline 0.005 -25"><span class='ocrx_word' id='word_1_14' title='bbox 86 605 179 691; x_wconf 86' lang='lat' dir='ltr'>Quid</span> <span class='ocrx_word' id='word_1_15' title='bbox 200 608 279 678; x_wconf 85' lang='lat' dir='ltr'><strong>lraec</strong></span> <span class='ocrx_word' id='word_1_16' title='bbox 301 606 408 700; x_wconf 74' lang='lat' dir='ltr'><strong>igilur</strong></span> <span class='ocrx_word' id='word_1_17' title='bbox 435 604 551 680; x_wconf 85' lang='lat' dir='ltr'><strong>sciens</strong></span> <span class='ocrx_word' id='word_1_18' title='bbox 585 628 687 699; x_wconf 72' lang='lat' dir='ltr'><strong>agam</strong></span> <span class='ocrx_word' id='word_1_19' title='bbox 714 607 784 679; x_wconf 86' lang='lat' dir='ltr'><strong>nisi</strong></span> <span class='ocrx_word' id='word_1_20' title='bbox 814 620 853 681; x_wconf 91' lang='lat' dir='ltr'><strong>ut</strong></span> <span class='ocrx_word' id='word_1_21' title='bbox 881 621 1076 704; x_wconf 79' lang='lat' dir='ltr'>expectem,</span> <span class='ocrx_word' id='word_1_22' title='bbox 1111 632 1175 684; x_wconf 88' lang='lat' dir='ltr'><strong>seu</strong></span> 
     </span>
     <span class='ocr_line' id='line_1_4' title="bbox 87 712 1174 826; baseline 0.006 -28"><span class='ocrx_word' id='word_1_23' title='bbox 87 728 310 821; x_wconf 79' lang='lat' dir='ltr'><strong>progrediar·</strong></span> <span class='ocrx_word' id='word_1_24' title='bbox 329 731 388 800; x_wconf 87' lang='lat' dir='ltr'><strong>vel</strong></span> <span class='ocrx_word' id='word_1_25' title='bbox 423 730 527 799; x_wconf 83' lang='lat' dir='ltr'><strong>taetus</strong></span> <span class='ocrx_word' id='word_1_26' title='bbox 563 737 659 799; x_wconf 85' lang='lat' dir='ltr'><strong>uerte</strong></span> <span class='ocrx_word' id='word_1_27' title='bbox 693 712 754 801; x_wconf 44' lang='lat' dir='ltr'><strong>wvel</strong></span> <span class='ocrx_word' id='word_1_28' title='bbox 788 729 1005 826; x_wconf 75' lang='lat' dir='ltr'><strong>intrepidus?</strong></span> <span class='ocrx_word' id='word_1_29' title='bbox 1037 734 1174 805; x_wconf 82' lang='lat' dir='ltr'><strong>Laetum</strong></span> 
     </span>
     <span class='ocr_line' id='line_1_5' title="bbox 87 846 1268 945; baseline 0.004 -22"><span class='ocrx_word' id='word_1_30' title='bbox 87 850 176 924; x_wconf 91' lang='lat' dir='ltr'><strong>muri</strong></span> <span class='ocrx_word' id='word_1_31' title='bbox 196 851 288 923; x_wconf 86' lang='lat' dir='ltr'><strong>euim</strong></span> <span class='ocrx_word' id='word_1_32' title='bbox 309 849 415 922; x_wconf 90' lang='lat' dir='ltr'><strong>nimis</strong></span> <span class='ocrx_word' id='word_1_33' title='bbox 433 853 502 922; x_wconf 89' lang='lat' dir='ltr'><strong>alla</strong></span> <span class='ocrx_word' id='word_1_34' title='bbox 523 848 681 935; x_wconf 76' lang='lat' dir='ltr'><strong>felicitae,</strong></span> <span class='ocrx_word' id='word_1_35' title='bbox 702 851 876 945; x_wconf 86' lang='lat' dir='ltr'><strong>trepidum</strong></span> <span class='ocrx_word' id='word_1_36' title='bbox 890 855 1092 927; x_wconf 89' lang='lat' dir='ltr'><strong>verouimis</strong></span> <span class='ocrx_word' id='word_1_37' title='bbox 1105 858 1175 927; x_wconf 89' lang='lat' dir='ltr'><strong>ima</strong></span> <span class='ocrx_word' id='word_1_38' title='bbox 1260 846 1268 859; x_wconf 44' lang='lat'><strong>⁸</strong></span> 
     </span>
     <span class='ocr_line' id='line_1_6' title="bbox 87 973 1175 1071; baseline 0.004 -27"><span class='ocrx_word' id='word_1_39' title='bbox 87 973 258 1064; x_wconf 82' lang='lat' dir='ltr'><strong>fragilitas</strong></span> <span class='ocrx_word' id='word_1_40' title='bbox 278 985 357 1046; x_wconf 89' lang='lat' dir='ltr'><strong>est:</strong></span> <span class='ocrx_word' id='word_1_41' title='bbox 375 974 648 1067; x_wconf 85' lang='lat' dir='ltr'><strong>imperterritum</strong></span> <span class='ocrx_word' id='word_1_42' title='bbox 665 974 756 1047; x_wconf 88' lang='lat' dir='ltr'><strong>inter</strong></span> <span class='ocrx_word' id='word_1_43' title='bbox 773 974 939 1047; x_wconf 80' lang='lat' dir='ltr'><strong>terribilia</strong></span> <span class='ocrx_word' id='word_1_44' title='bbox 957 999 1038 1071; x_wconf 84' lang='lat' dir='ltr'><strong>quae</strong></span> <span class='ocrx_word' id='word_1_45' title='bbox 1052 978 1175 1050; x_wconf 85' lang='lat' dir='ltr'><strong>viden-</strong></span> 
     </span>
     <span class='ocr_line' id='line_1_7' title="bbox 89 1097 1175 1192; baseline 0.006 -26"><span class='ocrx_word' id='word_1_46' title='bbox 89 1106 146 1169; x_wconf 89' lang='lat' dir='ltr'><strong>tur</strong></span> <span class='ocrx_word' id='word_1_47' title='bbox 167 1106 273 1182; x_wconf 83' lang='lat' dir='ltr'><strong>stare,</strong></span> <span class='ocrx_word' id='word_1_48' title='bbox 297 1097 522 1190; x_wconf 89' lang='lat' dir='ltr'><strong>immotisque.</strong></span> <span class='ocrx_word' id='word_1_49' title='bbox 540 1107 686 1170; x_wconf 90' lang='lat' dir='ltr'><strong>mortem</strong></span> <span class='ocrx_word' id='word_1_50' title='bbox 707 1099 819 1170; x_wconf 87' lang='lat' dir='ltr'><strong>oculis</strong></span> <span class='ocrx_word' id='word_1_51' title='bbox 840 1112 1014 1192; x_wconf 82' lang='lat' dir='ltr'><strong>spectare,</strong></span> <span class='ocrx_word' id='word_1_52' title='bbox 1040 1099 1076 1172; x_wconf 90' lang='lat' dir='ltr'><strong>id</strong></span> <span class='ocrx_word' id='word_1_53' title='bbox 1102 1122 1175 1172; x_wconf 81' lang='lat' dir='ltr'><strong>me-</strong></span> 
     </span>
     <span class='ocr_line' id='line_1_8' title="bbox 88 1218 1175 1315; baseline 0.006 -26"><span class='ocrx_word' id='word_1_54' title='bbox 88 1218 184 1291; x_wconf 92' lang='lat' dir='ltr'><strong>dium</strong></span> <span class='ocrx_word' id='word_1_55' title='bbox 205 1218 347 1311; x_wconf 87' lang='lat' dir='ltr'><strong>quidem</strong></span> <span class='ocrx_word' id='word_1_56' title='bbox 368 1229 404 1290; x_wconf 86' lang='lat' dir='ltr'><strong>et</strong></span> <span class='ocrx_word' id='word_1_57' title='bbox 423 1223 579 1314; x_wconf 85' lang='lat' dir='ltr'><strong>prosectu</strong></span> <span class='ocrx_word' id='word_1_58' title='bbox 599 1242 724 1291; x_wconf 88' lang='lat' dir='ltr'><strong>verum</strong></span> <span class='ocrx_word' id='word_1_59' title='bbox 741 1219 808 1292; x_wconf 85' lang='lat' dir='ltr'><strong>viri</strong></span> <span class='ocrx_word' id='word_1_60' title='bbox 826 1242 926 1314; x_wconf 89' lang='lat' dir='ltr'><strong>opus.</strong></span> <span class='ocrx_word' id='word_1_61' title='bbox 942 1221 1043 1315; x_wconf 50' lang='lat' dir='ltr'><strong>&gt;Fuga</strong></span> <span class='ocrx_word' id='word_1_62' title='bbox 1058 1234 1175 1296; x_wconf 87' lang='lat' dir='ltr'><strong>autem</strong></span> 
     </span>
     <span class='ocr_line' id='line_1_9' title="bbox 89 1330 1175 1432; baseline 0.003 -19"><span class='ocrx_word' id='word_1_63' title='bbox 89 1343 212 1413; x_wconf 90' lang='lat' dir='ltr'><strong>mortis</strong></span> <span class='ocrx_word' id='word_1_64' title='bbox 234 1364 314 1413; x_wconf 87' lang='lat' dir='ltr'><strong>cum</strong></span> <span class='ocrx_word' id='word_1_65' title='bbox 336 1343 370 1412; x_wconf 92' lang='lat' dir='ltr'><strong>iu</strong></span> <span class='ocrx_word' id='word_1_66' title='bbox 393 1330 521 1414; x_wconf 86' lang='lat' dir='ltr'><strong>iuvene</strong></span> <span class='ocrx_word' id='word_1_67' title='bbox 542 1344 660 1427; x_wconf 87' lang='lat' dir='ltr'><strong>stul-lu,</strong></span> <span class='ocrx_word' id='word_1_68' title='bbox 684 1344 735 1415; x_wconf 86' lang='lat' dir='ltr'><strong>sic</strong></span> <span class='ocrx_word' id='word_1_69' title='bbox 756 1343 789 1412; x_wconf 91' lang='lat' dir='ltr'><strong>iu</strong></span> <span class='ocrx_word' id='word_1_70' title='bbox 812 1365 897 1416; x_wconf 84' lang='lat' dir='ltr'><strong>seue</strong></span> <span class='ocrx_word' id='word_1_71' title='bbox 918 1343 1076 1432; x_wconf 86' lang='lat' dir='ltr'><strong>ridicula,</strong></span> <span class='ocrx_word' id='word_1_72' title='bbox 1098 1351 1175 1419; x_wconf 84' lang='lat' dir='ltr'><strong>tum</strong></span> 
     </span>
     <span class='ocr_line' id='line_1_10' title="bbox 87 1466 1175 1562; baseline 0.006 -26"><span class='ocrx_word' id='word_1_73' title='bbox 87 1466 125 1539; x_wconf 89' lang='lat' dir='ltr'><strong>in</strong></span> <span class='ocrx_word' id='word_1_74' title='bbox 144 1469 280 1540; x_wconf 88' lang='lat' dir='ltr'><strong>euuutis</strong></span> <span class='ocrx_word' id='word_1_75' title='bbox 300 1467 462 1540; x_wconf 84' lang='lat' dir='ltr'><strong>inefficax</strong></span> <span class='ocrx_word' id='word_1_76' title='bbox 483 1489 565 1540; x_wconf 89' lang='lat' dir='ltr'><strong>esse</strong></span> <span class='ocrx_word' id='word_1_77' title='bbox 584 1466 866 1562; x_wconf 61' lang='lat' dir='ltr'><strong>deprehenditur.</strong></span> <span class='ocrx_word' id='word_1_78' title='bbox 890 1469 972 1542; x_wconf 85' lang='lat' dir='ltr'><strong>Sive</strong></span> <span class='ocrx_word' id='word_1_79' title='bbox 992 1470 1084 1541; x_wconf 87' lang='lat' dir='ltr'><strong>enim</strong></span> <span class='ocrx_word' id='word_1_80' title='bbox 1109 1488 1175 1559; x_wconf 81' lang='lat' dir='ltr'><strong>nos</strong></span> 
     </span>
     <span class='ocr_line' id='line_1_11' title="bbox 87 1589 1175 1686; baseline 0 -21"><span class='ocrx_word' id='word_1_81' title='bbox 87 1590 300 1666; x_wconf 78' lang='lat' dir='ltr'><strong>admurtem</strong></span> <span class='ocrx_word' id='word_1_82' title='bbox 320 1592 425 1677; x_wconf 91' lang='lat' dir='ltr'><strong>imus,</strong></span> <span class='ocrx_word' id='word_1_83' title='bbox 444 1602 482 1662; x_wconf 88' lang='lat' dir='ltr'><strong>ut</strong></span> <span class='ocrx_word' id='word_1_84' title='bbox 494 1589 704 1684; x_wconf 82' lang='lat' dir='ltr'><strong>quibusdam</strong></span> <span class='ocrx_word' id='word_1_85' title='bbox 723 1593 851 1686; x_wconf 88' lang='lat' dir='ltr'><strong>placet,</strong></span> <span class='ocrx_word' id='word_1_86' title='bbox 875 1593 953 1665; x_wconf 86' lang='lat' dir='ltr'><strong>sive</strong></span> <span class='ocrx_word' id='word_1_87' title='bbox 969 1595 1027 1665; x_wconf 90' lang='lat' dir='ltr'><strong>illa</strong></span> <span class='ocrx_word' id='word_1_88' title='bbox 1044 1591 1088 1664; x_wconf 90' lang='lat' dir='ltr'><strong>ad</strong></span> <span class='ocrx_word' id='word_1_89' title='bbox 1110 1613 1175 1665; x_wconf 87' lang='lat' dir='ltr'><strong>nus</strong></span> 
     </span>
     <span class='ocr_line' id='line_1_12' title="bbox 87 1713 1176 1810; baseline 0.004 -25"><span class='ocrx_word' id='word_1_90' title='bbox 87 1715 196 1800; x_wconf 87' lang='lat' dir='ltr'><strong>venit,</strong></span> <span class='ocrx_word' id='word_1_91' title='bbox 221 1727 258 1788; x_wconf 88' lang='lat' dir='ltr'><strong>ut</strong></span> <span class='ocrx_word' id='word_1_92' title='bbox 277 1717 354 1788; x_wconf 92' lang='lat' dir='ltr'><strong>aliis</strong></span> <span class='ocrx_word' id='word_1_93' title='bbox 375 1716 493 1787; x_wconf 86' lang='lat' dir='ltr'><strong>visum</strong></span> <span class='ocrx_word' id='word_1_94' title='bbox 513 1725 582 1797; x_wconf 86' lang='lat' dir='ltr'><strong>est,</strong></span> <span class='ocrx_word' id='word_1_95' title='bbox 612 1713 689 1786; x_wconf 88' lang='lat' dir='ltr'><strong>fieri</strong></span> <span class='ocrx_word' id='word_1_96' title='bbox 715 1723 829 1809; x_wconf 87' lang='lat' dir='ltr'><strong>potest</strong></span> <span class='ocrx_word' id='word_1_97' title='bbox 855 1716 1048 1810; x_wconf 83' lang='lat' dir='ltr'><strong>crebroque</strong></span> <span class='ocrx_word' id='word_1_98' title='bbox 1072 1715 1111 1789; x_wconf 86' lang='lat' dir='ltr'><strong>fir</strong></span> <span class='ocrx_word' id='word_1_99' title='bbox 1138 1728 1176 1789; x_wconf 85' lang='lat' dir='ltr'><strong>ut</strong></span> 
     </span>
     <span class='ocr_line' id='line_1_13' title="bbox 88 1839 1175 1934; baseline 0.001 -24"><span class='ocrx_word' id='word_1_100' title='bbox 88 1840 125 1913; x_wconf 85' lang='lat' dir='ltr'><strong>iu</strong></span> <span class='ocrx_word' id='word_1_101' title='bbox 144 1841 238 1912; x_wconf 85' lang='lat' dir='ltr'><strong>illam</strong></span> <span class='ocrx_word' id='word_1_102' title='bbox 258 1841 344 1913; x_wconf 96' lang='lat' dir='ltr'><strong>dum</strong></span> <span class='ocrx_word' id='word_1_103' title='bbox 365 1840 520 1932; x_wconf 79' lang='lat' dir='ltr'><strong>fugimus</strong></span> <span class='ocrx_word' id='word_1_104' title='bbox 538 1839 959 1934; x_wconf 71' lang='lat' dir='ltr'><strong>incidamus-propterea</strong></span> <span class='ocrx_word' id='word_1_105' title='bbox 982 1839 1079 1933; x_wconf 89' lang='lat' dir='ltr'><strong>quud</strong></span> <span class='ocrx_word' id='word_1_106' title='bbox 1104 1856 1175 1912; x_wconf 83' lang='lat' dir='ltr'><strong>nort</strong></span> 
     </span>
     <span class='ocr_line' id='line_1_14' title="bbox 88 1960 1172 2055; baseline 0.002 -23"><span class='ocrx_word' id='word_1_107' title='bbox 88 1980 231 2053; x_wconf 83' lang='lat' dir='ltr'><strong>semper</strong></span> <span class='ocrx_word' id='word_1_108' title='bbox 252 1960 316 2032; x_wconf 90' lang='lat' dir='ltr'><strong>sed</strong></span> <span class='ocrx_word' id='word_1_109' title='bbox 338 1982 480 2055; x_wconf 87' lang='lat' dir='ltr'><strong>perraro</strong></span> <span class='ocrx_word' id='word_1_110' title='bbox 493 1963 549 2034; x_wconf 91' lang='lat' dir='ltr'><strong>vel</strong></span> <span class='ocrx_word' id='word_1_111' title='bbox 562 1968 659 2053; x_wconf 67' lang='lat' dir='ltr'><strong>qum,⁴</strong></span> <span class='ocrx_word' id='word_1_112' title='bbox 676 1963 733 2032; x_wconf 90' lang='lat' dir='ltr'><strong>vel</strong></span> <span class='ocrx_word' id='word_1_113' title='bbox 752 1961 813 2032; x_wconf 93' lang='lat' dir='ltr'><strong>ubi</strong></span> <span class='ocrx_word' id='word_1_114' title='bbox 826 1961 1088 2033; x_wconf 84' lang='lat' dir='ltr'><strong>crediturmurs</strong></span> <span class='ocrx_word' id='word_1_115' title='bbox 1101 1974 1172 2035; x_wconf 86' lang='lat' dir='ltr'><strong>est:</strong></span> 
     </span>
     <span class='ocr_line' id='line_1_15' title="bbox 91 2083 1176 2178; baseline 0.001 -22"><span class='ocrx_word' id='word_1_116' title='bbox 91 2083 179 2176; x_wconf 86' lang='lat' dir='ltr'><strong>quin</strong></span> <span class='ocrx_word' id='word_1_117' title='bbox 200 2104 295 2177; x_wconf 82' lang='lat' dir='ltr'><strong>saepe</strong></span> <span class='ocrx_word' id='word_1_118' title='bbox 316 2083 393 2168; x_wconf 84' lang='lat' dir='ltr'><strong>alie,</strong></span> <span class='ocrx_word' id='word_1_119' title='bbox 417 2104 514 2177; x_wconf 83' lang='lat' dir='ltr'><strong>saepe</strong></span> <span class='ocrx_word' id='word_1_120' title='bbox 535 2083 629 2168; x_wconf 88' lang='lat' dir='ltr'><strong>alibi,</strong></span> <span class='ocrx_word' id='word_1_121' title='bbox 652 2083 833 2177; x_wconf 82' lang='lat' dir='ltr'><strong>maiorque</strong></span> <span class='ocrx_word' id='word_1_122' title='bbox 846 2086 927 2178; x_wconf 80' lang='lat' dir='ltr'><strong>p&#39;ars</strong></span> <span class='ocrx_word' id='word_1_123' title='bbox 942 2084 1120 2155; x_wconf 92' lang='lat' dir='ltr'><strong>homiuum</strong></span> <span class='ocrx_word' id='word_1_124' title='bbox 1140 2094 1176 2157; x_wconf 81' lang='lat' dir='ltr'><strong>et</strong></span> 
     </span>
     <span class='ocr_line' id='line_1_16' title="bbox 86 2206 1175 2301; baseline -0.006 -18"><span class='ocrx_word' id='word_1_125' title='bbox 86 2207 155 2283; x_wconf 84' lang='lat' dir='ltr'><strong>alio</strong></span> <span class='ocrx_word' id='word_1_126' title='bbox 176 2207 257 2280; x_wconf 80' lang='lat' dir='ltr'><strong>locu</strong></span> <span class='ocrx_word' id='word_1_127' title='bbox 274 2217 309 2278; x_wconf 89' lang='lat' dir='ltr'><strong>et</strong></span> <span class='ocrx_word' id='word_1_128' title='bbox 329 2209 397 2279; x_wconf 89' lang='lat' dir='ltr'><strong>aliu</strong></span> <span class='ocrx_word' id='word_1_129' title='bbox 417 2231 524 2301; x_wconf 86' lang='lat' dir='ltr'><strong>quam</strong></span> <span class='ocrx_word' id='word_1_130' title='bbox 545 2206 691 2280; x_wconf 84' lang='lat' dir='ltr'><strong>timebat</strong></span> <span class='ocrx_word' id='word_1_131' title='bbox 715 2229 845 2299; x_wconf 77' lang='lat' dir='ltr'><strong>genere</strong></span> <span class='ocrx_word' id='word_1_132' title='bbox 870 2207 993 2281; x_wconf 91' lang='lat' dir='ltr'><strong>mortis</strong></span> <span class='ocrx_word' id='word_1_133' title='bbox 1018 2206 1175 2278; x_wconf 87' lang='lat' dir='ltr'><strong>absumi-</strong></span> 
     </span>
     <span class='ocr_line' id='line_1_17' title="bbox 86 2316 806 2424; baseline 0 -22"><span class='ocrx_word' id='word_1_134' title='bbox 86 2341 166 2402; x_wconf 87' lang='lat' dir='ltr'><strong>tur:</strong></span> <span class='ocrx_word' id='word_1_135' title='bbox 188 2338 225 2401; x_wconf 87' lang='lat' dir='ltr'><strong>et</strong></span> <span class='ocrx_word' id='word_1_136' title='bbox 245 2316 503 2416; x_wconf 81' lang='lat' dir='ltr'><strong>verissime-ait</strong></span> <span class='ocrx_word' id='word_1_137' title='bbox 523 2331 669 2402; x_wconf 81' lang='lat' dir='ltr'><strong>Flaccus</strong></span> <span class='ocrx_word' id='word_1_138' title='bbox 689 2331 806 2424; x_wconf 92' lang='lat' dir='ltr'><strong>quod:</strong></span> 
     </span>
    </p>
   </div>
   <div class='ocr_carea' id='block_1_3' title="bbox 367 2494 1130 2702">
    <p class='ocr_par' dir='ltr' id='par_1_3' title="bbox 367 2494 1130 2702">
     <span class='ocr_line' id='line_1_18' title="bbox 571 2494 1130 2611; baseline 0.009 -30"><span class='ocrx_word' id='word_1_139' title='bbox 571 2520 740 2611; x_wconf 84' lang='lat' dir='ltr'><strong>improvisa</strong></span> <span class='ocrx_word' id='word_1_140' title='bbox 756 2521 810 2584; x_wconf 85' lang='lat' dir='ltr'><strong>leti</strong></span> <span class='ocrx_word' id='word_1_141' title='bbox 944 2504 945 2507; x_wconf 23' lang='lat'>¹</span> <span class='ocrx_word' id='word_1_142' title='bbox 1078 2494 1130 2608; x_wconf 64' lang='grc' dir='ltr'> </span> 
     </span>
     <span class='ocr_line' id='line_1_19' title="bbox 367 2620 996 2702; baseline 0.005 -19"><span class='ocrx_word' id='word_1_143' title='bbox 367 2620 420 2684; x_wconf 89' lang='lat' dir='ltr'><strong>llis</strong></span> <span class='ocrx_word' id='word_1_144' title='bbox 435 2621 538 2701; x_wconf 86' lang='lat' dir='ltr'><strong>rapuit</strong></span> <span class='ocrx_word' id='word_1_145' title='bbox 551 2620 711 2702; x_wconf 84' lang='lat' dir='ltr'><strong>rapietque</strong></span> <span class='ocrx_word' id='word_1_146' title='bbox 725 2629 840 2700; x_wconf 81' lang='lat' dir='ltr'><strong>gentes.</strong></span> <span class='ocrx_word' id='word_1_147' title='bbox 927 2629 928 2634; x_wconf 77' lang='grc'>’</span> <span class='ocrx_word' id='word_1_148' title='bbox 995 2627 996 2633; x_wconf 77' lang='grc'>’</span> 
     </span>
    </p>
   </div>
   <div class='ocr_carea' id='block_1_4' title="bbox 86 2805 1178 4265">
    <p class='ocr_par' dir='ltr' id='par_1_4' title="bbox 86 2805 1178 4265">
     <span class='ocr_line' id='line_1_20' title="bbox 87 2805 1175 2896; baseline 0.004 -20"><span class='ocrx_word' id='word_1_149' title='bbox 87 2805 129 2877; x_wconf 89' lang='lat' dir='ltr'><strong>Ul</strong></span> <span class='ocrx_word' id='word_1_150' title='bbox 148 2825 238 2896; x_wconf 80' lang='lat' dir='ltr'><strong>ergo</strong></span> <span class='ocrx_word' id='word_1_151' title='bbox 250 2813 385 2896; x_wconf 89' lang='lat' dir='ltr'><strong>pestem</strong></span> <span class='ocrx_word' id='word_1_152' title='bbox 406 2805 555 2895; x_wconf 73' lang='lat' dir='ltr'><strong>fugiam,</strong></span> <span class='ocrx_word' id='word_1_153' title='bbox 572 2825 653 2896; x_wconf 84' lang='lat' dir='ltr'><strong>quae</strong></span> <span class='ocrx_word' id='word_1_154' title='bbox 669 2805 838 2880; x_wconf 84' lang='lat' dir='ltr'><strong>haetenus</strong></span> <span class='ocrx_word' id='word_1_155' title='bbox 855 2805 978 2878; x_wconf 87' lang='lat' dir='ltr'><strong>urbem</strong></span> <span class='ocrx_word' id='word_1_156' title='bbox 997 2806 1087 2879; x_wconf 80' lang='lat' dir='ltr'><strong>hane</strong></span> <span class='ocrx_word' id='word_1_157' title='bbox 1104 2819 1175 2880; x_wconf 82' lang='lat' dir='ltr'><strong>tar·</strong></span> 
     </span>
     <span class='ocr_line' id='line_1_21' title="bbox 86 2912 1172 3023; baseline 0.002 -22"><span class='ocrx_word' id='word_1_158' title='bbox 86 2929 156 3002; x_wconf 89' lang='lat' dir='ltr'><strong>ruit</strong></span> <span class='ocrx_word' id='word_1_159' title='bbox 177 2927 416 3021; x_wconf 87' lang='lat' dir='ltr'><strong>potiusquam</strong></span> <span class='ocrx_word' id='word_1_160' title='bbox 439 2912 583 3013; x_wconf 85' lang='lat' dir='ltr'><strong>invasit,</strong></span> <span class='ocrx_word' id='word_1_161' title='bbox 605 2941 692 3023; x_wconf 86' lang='lat' dir='ltr'><strong>quot</strong></span> <span class='ocrx_word' id='word_1_162' title='bbox 710 2929 886 3013; x_wconf 72' lang='lat' dir='ltr'><strong>sumatis,</strong></span> <span class='ocrx_word' id='word_1_163' title='bbox 903 2951 1010 3022; x_wconf 85' lang='lat' dir='ltr'><strong>quum</strong></span> <span class='ocrx_word' id='word_1_164' title='bbox 1028 2930 1172 3003; x_wconf 82' lang='lat' dir='ltr'><strong>diversa</strong></span> 
     </span>
     <span class='ocr_line' id='line_1_22' title="bbox 87 3049 1169 3147; baseline 0.002 -24"><span class='ocrx_word' id='word_1_165' title='bbox 87 3053 210 3126; x_wconf 86' lang='lat' dir='ltr'><strong>mortis</strong></span> <span class='ocrx_word' id='word_1_166' title='bbox 228 3052 376 3147; x_wconf 84' lang='lat' dir='ltr'><strong>spicula,</strong></span> <span class='ocrx_word' id='word_1_167' title='bbox 392 3049 520 3145; x_wconf 91' lang='lat' dir='ltr'><strong>quibus</strong></span> <span class='ocrx_word' id='word_1_168' title='bbox 539 3053 741 3146; x_wconf 83' lang='lat' dir='ltr'><strong>assequitur</strong></span> <span class='ocrx_word' id='word_1_169' title='bbox 756 3051 948 3145; x_wconf 81' lang='lat' dir='ltr'><strong>fugientes,</strong></span> <span class='ocrx_word' id='word_1_170' title='bbox 967 3064 1002 3124; x_wconf 90' lang='lat' dir='ltr'><strong>el</strong></span> <span class='ocrx_word' id='word_1_171' title='bbox 1017 3076 1169 3146; x_wconf 82' lang='lat' dir='ltr'><strong>querum</strong></span> 
     </span>
     <span class='ocr_line' id='line_1_23' title="bbox 87 3174 1173 3271; baseline 0.003 -25"><span class='ocrx_word' id='word_1_172' title='bbox 87 3177 175 3250; x_wconf 86' lang='lat' dir='ltr'><strong>torte</strong></span> <span class='ocrx_word' id='word_1_173' title='bbox 193 3174 355 3271; x_wconf 84' lang='lat' dir='ltr'><strong>plurimis</strong></span> <span class='ocrx_word' id='word_1_174' title='bbox 377 3174 599 3260; x_wconf 82' lang='lat' dir='ltr'><strong>subductum,</strong></span> <span class='ocrx_word' id='word_1_175' title='bbox 627 3177 686 3254; x_wconf 86' lang='lat' dir='ltr'><strong>uni</strong></span> <span class='ocrx_word' id='word_1_176' title='bbox 711 3187 815 3269; x_wconf 85' lang='lat' dir='ltr'><strong>eaput</strong></span> <span class='ocrx_word' id='word_1_177' title='bbox 841 3175 992 3249; x_wconf 84' lang='lat' dir='ltr'><strong>obiiciu‘l</strong></span> <span class='ocrx_word' id='word_1_178' title='bbox 1015 3178 1079 3249; x_wconf 83' lang='lat' dir='ltr'><strong>Hie</strong></span> <span class='ocrx_word' id='word_1_179' title='bbox 1104 3180 1173 3250; x_wconf 83' lang='lat' dir='ltr'><strong>fer-</strong></span> 
     </span>
     <span class='ocr_line' id='line_1_24' title="bbox 89 3298 1173 3392; baseline -0.001 -21"><span class='ocrx_word' id='word_1_180' title='bbox 89 3324 165 3373; x_wconf 93' lang='lat' dir='ltr'><strong>rum</strong></span> <span class='ocrx_word' id='word_1_181' title='bbox 188 3313 349 3375; x_wconf 81' lang='lat' dir='ltr'><strong>metuens</strong></span> <span class='ocrx_word' id='word_1_182' title='bbox 370 3299 552 3390; x_wconf 77' lang='lat' dir='ltr'><strong>naufragio</strong></span> <span class='ocrx_word' id='word_1_183' title='bbox 574 3298 686 3391; x_wconf 85' lang='lat' dir='ltr'><strong>periit,</strong></span> <span class='ocrx_word' id='word_1_184' title='bbox 710 3300 970 3392; x_wconf 84' lang='lat' dir='ltr'><strong>itleprucellam</strong></span> <span class='ocrx_word' id='word_1_185' title='bbox 985 3300 1069 3374; x_wconf 90' lang='lat' dir='ltr'><strong>dum</strong></span> <span class='ocrx_word' id='word_1_186' title='bbox 1084 3303 1173 3372; x_wconf 84' lang='lat' dir='ltr'><strong>vitat</strong></span> 
     </span>
     <span class='ocr_line' id='line_1_25' title="bbox 88 3421 1172 3517; baseline 0.001 -23"><span class='ocrx_word' id='word_1_187' title='bbox 88 3443 290 3517; x_wconf 84' lang='lat' dir='ltr'><strong>aequoream</strong></span> <span class='ocrx_word' id='word_1_188' title='bbox 311 3421 405 3494; x_wconf 88' lang='lat' dir='ltr'><strong>busti</strong></span> <span class='ocrx_word' id='word_1_189' title='bbox 425 3422 581 3515; x_wconf 81' lang='lat' dir='ltr'><strong>iugulum</strong></span> <span class='ocrx_word' id='word_1_190' title='bbox 603 3422 701 3497; x_wconf 88' lang='lat' dir='ltr'><strong>dedit</strong></span> <span class='ocrx_word' id='word_1_191' title='bbox 722 3423 756 3492; x_wconf 92' lang='lat' dir='ltr'><strong>iu</strong></span> <span class='ocrx_word' id='word_1_192' title='bbox 782 3423 908 3496; x_wconf 88' lang='lat' dir='ltr'><strong>littore.</strong></span> <span class='ocrx_word' id='word_1_193' title='bbox 931 3425 1031 3494; x_wconf 87' lang='lat' dir='ltr'><strong>Illum</strong></span> <span class='ocrx_word' id='word_1_194' title='bbox 1049 3422 1172 3517; x_wconf 78' lang='lat' dir='ltr'><strong>praettu</strong></span> 
     </span>
     <span class='ocr_line' id='line_1_26' title="bbox 86 3543 1170 3640; baseline 0 -24"><span class='ocrx_word' id='word_1_195' title='bbox 86 3545 276 3639; x_wconf 83' lang='lat' dir='ltr'><strong>lugientem</strong></span> <span class='ocrx_word' id='word_1_196' title='bbox 298 3545 380 3638; x_wconf 84' lang='lat' dir='ltr'><strong>equi</strong></span> <span class='ocrx_word' id='word_1_197' title='bbox 401 3546 522 3638; x_wconf 85' lang='lat' dir='ltr'><strong>lapsus</strong></span> <span class='ocrx_word' id='word_1_198' title='bbox 535 3546 652 3629; x_wconf 88' lang='lat' dir='ltr'><strong>allisit,</strong></span> <span class='ocrx_word' id='word_1_199' title='bbox 668 3545 761 3616; x_wconf 87' lang='lat' dir='ltr'><strong>hune</strong></span> <span class='ocrx_word' id='word_1_200' title='bbox 773 3552 973 3640; x_wconf 80' lang='lat' dir='ltr'><strong>parcentem</strong></span> <span class='ocrx_word' id='word_1_201' title='bbox 992 3543 1170 3616; x_wconf 84' lang='lat' dir='ltr'><strong>laboribus</strong></span> 
     </span>
     <span class='ocr_line' id='line_1_27' title="bbox 89 3665 1170 3764; baseline -0.005 -22"><span class='ocrx_word' id='word_1_202' title='bbox 89 3679 242 3764; x_wconf 86' lang='lat' dir='ltr'><strong>superet</strong></span> <span class='ocrx_word' id='word_1_203' title='bbox 254 3670 396 3762; x_wconf 88' lang='lat' dir='ltr'><strong>requies</strong></span> <span class='ocrx_word' id='word_1_204' title='bbox 411 3689 631 3763; x_wconf 79' lang='lat' dir='ltr'><strong>oppressere.</strong></span> <span class='ocrx_word' id='word_1_205' title='bbox 648 3667 736 3740; x_wconf 87' lang='lat' dir='ltr'><strong>Vide</strong></span> <span class='ocrx_word' id='word_1_206' title='bbox 755 3681 793 3742; x_wconf 86' lang='lat' dir='ltr'><strong>ul</strong></span> <span class='ocrx_word' id='word_1_207' title='bbox 806 3667 1009 3740; x_wconf 75' lang='lat' dir='ltr'><strong>alexander</strong></span> <span class='ocrx_word' id='word_1_208' title='bbox 1025 3665 1170 3739; x_wconf 87' lang='lat' dir='ltr'><strong>Maeedo</strong></span> 
     </span>
     <span class='ocr_line' id='line_1_28' title="bbox 89 3789 1169 3888; baseline -0.005 -21"><span class='ocrx_word' id='word_1_209' title='bbox 89 3793 279 3888; x_wconf 81' lang='lat' dir='ltr'><strong>pugnando</strong></span> <span class='ocrx_word' id='word_1_210' title='bbox 291 3794 460 3880; x_wconf 75' lang='lat' dir='ltr'><strong>iuvicluS,</strong></span> <span class='ocrx_word' id='word_1_211' title='bbox 475 3791 628 3869; x_wconf 78' lang='lat' dir='ltr'><strong>bibendo</strong></span> <span class='ocrx_word' id='word_1_212' title='bbox 643 3793 805 3865; x_wconf 80' lang='lat' dir='ltr'><strong>vincitur.</strong></span> <span class='ocrx_word' id='word_1_213' title='bbox 821 3794 970 3883; x_wconf 77' lang='lat' dir='ltr'><strong>Magnus</strong></span> <span class='ocrx_word' id='word_1_214' title='bbox 983 3789 1169 3882; x_wconf 85' lang='lat' dir='ltr'><strong>Pompeius</strong></span> 
     </span>
     <span class='ocr_line' id='line_1_29' title="bbox 88 3911 1168 4011; baseline -0.005 -23"><span class='ocrx_word' id='word_1_215' title='bbox 88 3918 280 3993; x_wconf 74' lang='lat' dir='ltr'><strong>Thessaliae</strong></span> <span class='ocrx_word' id='word_1_216' title='bbox 298 3928 478 4011; x_wconf 88' lang='lat' dir='ltr'><strong>superstes</strong></span> <span class='ocrx_word' id='word_1_217' title='bbox 495 3940 516 3989; x_wconf 88' lang='lat' dir='ltr'><strong>a</strong></span> <span class='ocrx_word' id='word_1_218' title='bbox 536 3939 574 3988; x_wconf 90' lang='lat' dir='ltr'><strong>se</strong></span> <span class='ocrx_word' id='word_1_219' title='bbox 595 3925 749 4011; x_wconf 85' lang='lat' dir='ltr'><strong>optatam</strong></span> <span class='ocrx_word' id='word_1_220' title='bbox 771 3917 805 3986; x_wconf 91' lang='lat' dir='ltr'><strong>in</strong></span> <span class='ocrx_word' id='word_1_221' title='bbox 826 3915 1017 4009; x_wconf 82' lang='lat' dir='ltr'><strong>AEgyptum</strong></span> <span class='ocrx_word' id='word_1_222' title='bbox 1035 3911 1168 3996; x_wconf 85' lang='lat' dir='ltr'><strong>inuidit,</strong></span> 
     </span>
     <span class='ocr_line' id='line_1_30' title="bbox 89 4036 1178 4137; baseline -0.005 -25"><span class='ocrx_word' id='word_1_223' title='bbox 89 4045 263 4137; x_wconf 86' lang='lat' dir='ltr'><strong>tutiorque</strong></span> <span class='ocrx_word' id='word_1_224' title='bbox 288 4041 338 4113; x_wconf 94' lang='lat' dir='ltr'><strong>illi</strong></span> <span class='ocrx_word' id='word_1_225' title='bbox 364 4041 501 4115; x_wconf 86' lang='lat' dir='ltr'><strong>hostilis</strong></span> <span class='ocrx_word' id='word_1_226' title='bbox 526 4041 618 4114; x_wconf 82' lang='lat' dir='ltr'><strong>adies</strong></span> <span class='ocrx_word' id='word_1_227' title='bbox 634 4041 707 4112; x_wconf 78' lang='lat' dir='ltr'><strong>duit</strong></span> <span class='ocrx_word' id='word_1_228' title='bbox 732 4060 839 4132; x_wconf 83' lang='lat' dir='ltr'><strong>quam</strong></span> <span class='ocrx_word' id='word_1_229' title='bbox 863 4036 999 4112; x_wconf 84' lang='lat' dir='ltr'><strong>clientis</strong></span> <span class='ocrx_word' id='word_1_230' title='bbox 1030 4037 1178 4110; x_wconf 74' lang='lat' dir='ltr'><strong>domus.v</strong></span> 
     </span>
     <span class='ocr_line' id='line_1_31' title="bbox 88 4160 1169 4265; baseline 0 -33"><span class='ocrx_word' id='word_1_231' title='bbox 88 4165 191 4240; x_wconf 90' lang='lat' dir='ltr'><strong>lulius</strong></span> <span class='ocrx_word' id='word_1_232' title='bbox 217 4167 343 4239; x_wconf 80' lang='lat' dir='ltr'><strong>Caesar</strong></span> <span class='ocrx_word' id='word_1_233' title='bbox 367 4175 594 4265; x_wconf 62' lang='lat' dir='ltr'><strong>euterpurum</strong></span> <span class='ocrx_word' id='word_1_234' title='bbox 620 4165 732 4236; x_wconf 89' lang='lat' dir='ltr'><strong>victor</strong></span> <span class='ocrx_word' id='word_1_235' title='bbox 754 4161 905 4235; x_wconf 90' lang='lat' dir='ltr'><strong>hostium</strong></span> <span class='ocrx_word' id='word_1_236' title='bbox 927 4183 947 4232; x_wconf 86' lang='lat' dir='ltr'><strong>a</strong></span> <span class='ocrx_word' id='word_1_237' title='bbox 967 4160 1169 4234; x_wconf 74' lang='lat' dir='ltr'><strong>domesticis</strong></span> 
     </span>
    </p>
   </div>
   <div class='ocr_carea' id='block_1_5' title="bbox 0 0 1375 4680">
    <p class='ocr_par' dir='ltr' id='par_1_5' title="bbox 0 0 1375 4680">
     <span class='ocr_line' id='line_1_32' title="bbox 0 0 1375 4680; baseline 0 0"><span class='ocrx_word' id='word_1_238' title='bbox 0 0 1375 4680; x_wconf 95' lang='lat' dir='ltr'><strong> </strong></span> 
     </span>
    </p>
   </div>
  </div>
 </body>
</html>
