2730 4680
375 329 466 376 unnn
489 300 709 377 vrcrsurus.-
727 328 879 376 crrsrom
902 328 943 374 rx.
1162 315 1201 374 35

120 468 195 535 lonc
221 465 353 535 scilicet
379 463 616 536 habitantibus
649 465 854 536 inviderem.
887 462 1030 535 Invideo
1060 465 1199 557 quidem

119 587 217 658 vobis
240 587 275 655 in
296 585 380 656 urbe
405 587 560 658 omnium
587 589 757 681 pessima,
787 587 851 658 sed
878 588 1025 659 honesto
1050 589 1108 657 illo
1135 589 1201 660 sub

119 714 187 782 lare
205 709 433 800 degentibus
453 713 621 782 malarum
641 733 754 781 vacuo
770 711 981 804 cupidinum,
1000 721 1036 783 et
1052 712 1201 806 Babylo-

119 835 202 905 nicis
226 833 382 904 moribus
402 835 594 915 inaccessa,
614 834 764 926 denique
783 835 957 905 simillimo
975 837 1106 928 campis
1121 838 1202 929 llly-

120 961 192 1041 siiS‚
212 979 304 1050 quos
324 960 414 1029 inter
431 956 561 1029 Averni
575 959 714 1029 dolores
727 981 768 1030 ac
781 960 941 1031 miserias
956 963 1056 1031 laetos
1071 962 1199 1031 dicunt.

120 1058 199 1166 llaec
222 1080 323 1153 vobis
341 1082 444 1153 simul
465 1081 642 1166 omnibus,
664 1081 794 1174 quibus
813 1093 882 1153 tam
900 1085 1005 1154 multa
1020 1105 1115 1178 saepe
1131 1083 1202 1153 sin-

120 1206 217 1295 gulis,
241 1205 331 1277 inter
351 1206 607 1276 festinationem
629 1218 664 1277 et
691 1228 853 1278 somnum
880 1217 916 1285 et
940 1207 1199 1298 occupationem

120 1338 151 1398 et
170 1348 310 1399 aurorae
330 1340 461 1399 metum
480 1340 515 1400 et
534 1329 646 1420 frigus
667 1341 703 1401 et
723 1329 861 1413 tussim,
879 1352 1048 1424 papyrum
1061 1351 1201 1421 quoque

90 1487 96 1503 ·
121 1462 152 1521 et
176 1453 351 1522 calamum
376 1473 417 1524 ac
441 1455 619 1524 lucernam
642 1452 870 1537 rebellantes
895 1465 932 1524 ut
957 1453 1051 1524 licuit
1078 1453 1201 1545 scripsi

123 1575 158 1644 ll.
177 1575 263 1647 ldus
283 1576 461 1647 lanuarias
481 1588 561 1647 ante
584 1577 705 1648 lucem.
727 1577 844 1648 Vivite
865 1578 999 1662 felices,
1026 1587 1062 1646 et
1090 1578 1202 1647 valete

124 1700 183 1770 mei
206 1721 393 1770 memores.

545 2137 723 2202 llPlSTOLA
745 2137 778 2198 Χ.

236 2307 432 2358 FRANCISCUS
453 2307 622 2357 Pertinace
643 2306 777 2356 IOHANNI
799 2308 938 2356 llllll'l'lNO
961 2308 986 2355 S.
1009 2309 1037 2356 P.
1060 2309 1089 2355 D.

157 2429 281 2540 Agrestis
294 2471 357 2524 vitae
372 2469 601 2541 tranquillitatem
616 2475 727 2524 nactum
742 2469 906 2539 gratulatur,
921 2473 948 2523 et
963 2485 1042 2523 suam
1059 2468 1168 2523 vivendi

442 2559 579 2629 placidam
594 2558 730 2614 rationem
744 2558 884 2613 describit.

218 2825 312 2895 Pone
335 2844 430 2915 spem
449 2820 649 2914 prolixioris
667 2822 832 2916 epistolae,
851 2843 932 2913 quae
950 2832 1080 2893 terrere
1098 2823 1204 2893 lecto-

126 2969 194 3017 rem
218 2946 332 3030 solita,
350 2958 383 3016 te
398 2968 504 3017 unum
520 2954 661 3040 propter
676 2946 796 3016 vivum
812 2947 972 3037 colloquii
986 2945 1202 3018 desiderium

125 3069 279 3142 delectat.
307 3070 480 3140 lambino
506 3091 550 3139 ne
572 3069 692 3159 vagari
715 3071 850 3140 valeam
871 3071 1075 3164 provisum3
1102 3070 1201 3151 liora,

126 3197 217 3283 gelu,
240 3216 399 3277 somnus,
423 3192 532 3276 labor,
555 3192 751 3285 occupatio,
774 3194 922 3264 fraenum
945 3194 1127 3284 stringent.
1150 3191 1205 3264 Ad
1255 3256 1257 3261 ,

126 3317 188 3390 hoc
208 3342 364 3414 papyrus
391 3318 510 3389 brevis
531 3319 576 3390 de
596 3316 776 3402 industria,
804 3318 901 3389 velut
921 3321 1101 3410 angustior
1122 3342 1203 3389 area

125 3441 167 3511 ad
179 3440 384 3512 exercitium
403 3439 527 3510 calami
541 3438 723 3523 liberioris,
743 3452 925 3535 assumpta
944 3453 1009 3511 est.
1032 3440 1202 3532 Equidem

126 3564 191 3635 tuis
217 3565 252 3633 in
273 3562 395 3634 litteris
417 3574 450 3633 te
471 3561 629 3655 procellis
644 3565 818 3654 elapsum,
842 3586 954 3656 neque
975 3574 1107 3635 tantum
1134 3564 1201 3633 iam

125 3688 157 3757 in
187 3699 289 3782 portu
328 3687 567 3777 navigantem,
597 3685 720 3757 sedin
753 3686 852 3758 litore
879 3687 1058 3759 sedentem
1088 3686 1202 3758 video.

125 3793 282 3883 Gratulor
300 3809 372 3881 tibi.
394 3810 448 3880 Nil
469 3810 513 3880 dc
541 3821 574 3880 te
595 3809 709 3880 laetius
730 3832 836 3882 nosse
857 3821 1046 3901 potueram.
1068 3811 1122 3880 Me
1143 3834 1205 3881 au-

127 3944 188 4003 tem
198 3956 304 4005 versa
316 3935 394 4005 vice
409 3934 550 4006 noveris
564 3933 597 4002 in
612 3934 774 4027 periculis
791 3932 1038 4004 securumolr!
1053 3935 1203 4005 lerreum

126 4074 224 4154 caput
253 4033 290 4132 et
318 4061 352 4129 in
380 4059 503 4132 mediis
530 4059 796 4152 tempestatibus
829 4058 1064 4150 quiescentem
1093 4082 1205 4151 usquo

126 4183 216 4271 adeo,
240 4197 278 4258 ut
295 4185 364 4258 nisi
385 4186 470 4257 alios
493 4184 621 4256 circum
644 4185 789 4256 iactatos
811 4204 974 4275 aequoreo
996 4185 1133 4256 turbine
1156 4181 1207 4253 vi-
