2934 4650
226 284 285 344 all
662 336 666 339 ,
688 290 850 339 urrunnun

227 439 448 512 bibliothecae
473 439 582 508 decus
608 433 756 527 publicae
785 432 979 503 successori
1010 449 1078 500 suo
1113 437 1266 522 quarto,
1293 437 1323 495 et
1412 458 1413 461 ¹

226 564 303 634 viro
335 573 371 633 et
403 560 485 658 duoi
518 559 648 652 optimo
680 565 785 648 atque
818 553 1008 625 fortissimo
1042 552 1321 643 communisque

228 695 339 756 status
360 682 601 754 amantissimo
627 686 847 749 reservatum
870 677 936 758 sit3
957 675 1139 769 quamvis,
1173 686 1215 745 ut
1236 673 1318 744 mibi
1408 713 1410 715 >

226 818 382 902 apparet,
412 804 640 877 admiratione
662 823 731 871 non
752 807 870 870 careat
890 797 985 890 quod
1011 819 1067 868 res
1097 799 1182 868 talis
1212 796 1314 869 altius

226 952 328 1021 quam
343 930 434 1000 illius
450 937 604 1019 tempore
618 945 687 994 uon
700 922 871 993 inciderit.
887 919 956 991 Sed
970 920 1021 991 sio
1034 929 1090 991 est
1103 932 1142 993 ut
1157 941 1314 1012 quaeque

225 1053 387 1143 cogitaris
421 1048 565 1142 aggredi
598 1045 713 1131 liceat,
741 1044 894 1135 cogitare
926 1056 1042 1114 autem
1076 1044 1164 1113 nibil
1201 1065 1311 1136 queas

225 1183 413 1266 antequam
447 1174 603 1263 cogites3
637 1170 688 1239 sie
722 1169 758 1237 iu
791 1166 897 1237 rebus
931 1167 1111 1238 bominum
1142 1167 1311 1258 cogitatio

227 1296 336 1389 prima
357 1307 421 1366 est.
443 1295 548 1364 Praeit
569 1293 626 1362 illa
646 1293 754 1361 ferme
775 1290 892 1360 omnia
917 1311 998 1382 quae
1029 1289 1186 1380 agimus,
1216 1291 1308 1359 illam

224 1411 333 1488 nihil:
353 1428 389 1488 et
406 1415 644 1507 quaerentibus
666 1435 728 1483 cur
748 1435 816 1483 non
839 1414 905 1484 boe
926 1423 985 1484 aut
1006 1412 1089 1483 illud
1109 1421 1193 1482 ante
1215 1412 1309 1503 cogi-

172 1600 179 1609 .
225 1539 371 1622 taveris,
399 1539 475 1630 ipsa
503 1535 624 1608 eadem
654 1536 924 1626 interrogatione
945 1544 1155 1630 responsum
1176 1546 1247 1606 est.
1273 1535 1309 1604 Si

225 1660 322 1755 prius
339 1659 473 1744 fuisset,
489 1657 595 1752 prius,
612 1659 731 1742 fateor,
746 1656 802 1728 bis
822 1666 855 1727 te
868 1656 961 1727 euris
975 1657 1217 1727 involvissem.
1239 1654 1308 1727 Sed
1413 1693 1417 1747 2

225 1768 432 1853 nuncetiam
447 1793 585 1876 tempus
599 1780 707 1863 adest,
722 1781 756 1851 ni
772 1780 960 1872 respuitur.
971 1779 1125 1851 Verbum
1139 1787 1196 1848 est
1211 1799 1308 1849 sum·
1415 1755 1417 1758 ⁵

224 1927 319 1975 mum
340 1903 560 1997 imperatoris
579 1926 673 1996 saepe
694 1902 779 1973 mibi
798 1913 1002 1996 usurpatum
1020 1914 1027 1973 ἐ
1051 1903 1131 1972 sotis
1152 1894 1217 1972 cito
1237 1901 1311 1994 fieri

225 2025 382 2118 quidquid
399 2029 478 2098 sutis
502 2030 581 2098 bone
599 2028 645 2118 fit.
673 2027 794 2098 Restat
813 2025 898 2097 illud
931 2025 1131 2095 Comioum:
1164 2046 1207 2093 ne
1230 2021 1309 2116 qnid

225 2150 334 2219 niorto.
353 2149 440 2220 Nolo
461 2151 607 2221 nimium
629 2147 779 2221 labores.
797 2148 883 2219 Nolo
900 2146 1117 2238 defatigeris,
1136 2168 1308 2218 exercere

225 2282 259 2343 te
274 2272 389 2356 velim,
404 2297 473 2345 non
488 2276 635 2346 afficere.
653 2274 810 2344 Proleoto
828 2281 943 2343 antem
962 2271 1021 2362 qui
1041 2270 1075 2339 in
1094 2291 1131 2339 re
1148 2269 1308 2361 qualibet

224 2414 327 2463 omne
345 2395 439 2486 quod
459 2402 575 2487 potest
594 2393 690 2476 facit,
708 2391 903 2464 lassitudini
928 2391 1114 2486 proximus
1137 2389 1183 2460 sit
1203 2411 1309 2482 opor-

225 2524 282 2586 tet.
317 2517 385 2586 Fae
417 2537 501 2606 ergo
530 2515 625 2606 quod
651 2515 736 2585 satis
760 2524 829 2599 est,
852 2524 887 2586 et
906 2536 987 2607 quae
1009 2513 1215 2584 modestiam
1244 2535 1308 2584 no·

224 2646 333 2709 stram
350 2638 484 2711 decent.
504 2637 581 2709 Non
598 2636 746 2732 petimus
766 2637 1015 2730 propterquod
1033 2636 1309 2729 importunitatis

224 2771 285 2832 aut
309 2762 404 2834 taedii
426 2760 591 2854 suffragio
620 2780 709 2854 opus
735 2760 800 2831 sit:
828 2761 894 2832 nisi
919 2738 1001 2832 nos&
1013 2780 1111 2830 amor
1138 2771 1303 2850 urgeret,

225 2885 367 2976 rogandi
389 2905 561 2958 essemus.
585 2883 733 2956 Perinde
758 2883 834 2955 sine
863 2907 936 2954 rem
959 2881 1040 2965 sibi,
1062 2904 1127 2954 neo
1151 2879 1214 2951 tibi
1240 2903 1308 2952 nec

225 3008 322 3077 alteri
344 3007 393 3077 sis
412 3010 591 3078 molestus.
612 3006 740 3076 Senum
759 3017 956 3077 nostrorum
982 3015 1037 3075 est
1058 3001 1305 3098 proverbium;

188 3149 190 3152 ·
223 3149 369 3231 magnas
391 3149 447 3198 res
469 3149 531 3219 per
553 3129 705 3220 seipsas
732 3129 818 3198 fieri.
846 3128 946 3222 Saepe
971 3130 1114 3219 longum
1140 3126 1206 3196 iter
1233 3124 1308 3216 egit

223 3250 348 3321 melius
375 3250 434 3343 qui
468 3249 606 3322 lentius.
640 3251 738 3321 Nosti
769 3272 885 3322 mores
911 3252 1134 3346 populorum,
1157 3259 1193 3320 et
1219 3248 1306 3344 quid

104 3385 111 3395 ·
222 3374 326 3446 velim
348 3374 463 3446 vides·
477 3375 563 3445 Vale
585 3370 697 3442 virdm
718 3374 857 3467 optime.

364 3538 482 3609 Patauii,
498 3537 522 3592 ll
535 3538 665 3593 kalendas
680 3518 859 3611 Septembris.
