2730 4680
370 347 463 396 uranu
484 345 876 402 vrcusuuus.-ur1sroun
899 353 918 400 1.
1168 343 1183 402 'l

91 489 215 565 omnia
236 490 305 562 iam
327 509 374 560 ex
394 508 480 558 auro
501 499 599 571 sunt,
622 497 656 558 et
674 487 800 574 hastae,
823 499 859 561 et
878 491 1005 586 clypei,
1032 501 1068 563 et
1093 513 1186 564 com-

91 598 224 711 pedes,
243 625 280 686 et
296 634 459 688 coronae:
481 613 548 686 hoc
567 623 602 686 et
618 614 799 699 comimnr,
818 621 853 684 et
870 615 1034 706 ligamur,
1049 616 1114 688 hoc
1132 614 1186 685 di-

95 743 190 813 vites
213 760 352 822 sumus,
376 738 598 831 hocinopcs,
620 736 838 822 locrenses,
869 740 936 813 hoc
961 741 1092 814 miseri.
1114 741 1186 813 Au-

100 889 176 937 rum
200 866 334 936 solutos
355 863 476 948 vincit,
500 862 635 934 vinctos
658 863 777 945 solvit,
805 886 929 936 aurum
957 879 1075 939 sontes
1101 866 1186 940 libc-

102 996 165 1070 rat,
189 986 334 1059 damnat
353 983 530 1071 innoxios,
553 1008 677 1058 aurum
698 984 848 1057 disertos
866 1009 912 1058 ex
934 989 1055 1072 mutis,
1073 1011 1119 1060 ex
1133 990 1186 1062 di-

107 1108 307 1182 sertissimis
323 1116 440 1178 mutos
462 1105 585 1179 reddit.
608 1104 704 1180 Auro
717 1109 943 1181 concionatus
958 1122 1013 1182 est
1025 1112 1185 1184 Metellus

107 1232 134 1302 in
150 1234 343 1315 Caesarem,
359 1251 445 1301 auro
457 1230 711 1301 Demosthenes
725 1243 842 1303 orator
854 1230 1036 1303 obmutuit.
1053 1231 1185 1306 Aurum

106 1356 195 1427 etde
214 1354 328 1426 servis
349 1353 541 1446 principes,
559 1352 656 1424 etde
674 1352 887 1447 principibus
904 1376 1027 1427 servos
1041 1357 1135 1440 lacit,
1151 1365 1186 1427 et

106 1477 291 1550 audacibus
311 1488 455 1559 metum,
483 1475 620 1571 pavidis
647 1475 780 1568 praebet
805 1449 1001 1561 audaciam,
1023 1490 1059 1550 et
1083 1500 1185 1552 curas

106 1600 284 1685 inertibus
308 1599 522 1693 solicitisque
551 1599 744 1690 segnitiem.
768 1600 840 1670 Hoc
856 1608 891 1671 et
909 1601 1061 1673 inermes
1074 1614 1185 1674 armat

106 1730 135 1792 ct
150 1721 261 1794 nudat
281 1730 446 1803 armatos,
469 1718 655 1791 indomitos
672 1718 781 1791 duces
802 1719 932 1805 domat,
956 1715 1104 1814 magnos
1122 1743 1185 1817 po-

105 1845 198 1936 pulos
221 1843 358 1936 premit,
380 1841 516 1915 ualidos
536 1841 649 1913 fundit
666 1842 860 1926 exercituS,
874 1843 966 1916 bella
979 1821 1184 1937 longissima

105 1944 218 2062 paucis
239 1966 336 2038 horis
361 1964 512 2050 conficit,
544 1986 665 2057 pacem
690 1973 836 2058 praestat
863 1977 899 2037 et
927 1967 1043 2060 eripit,
1077 1967 1184 2039 siccat

104 2091 256 2175 lumina,
279 2101 391 2162 terras
412 2091 551 2174 lustrat,
574 2090 684 2162 maria
705 2089 870 2173 concutit,
893 2097 1029 2160 montes
1050 2101 1180 2182 aequat,

103 2214 219 2308 pandit
238 2213 355 2286 aditus
377 2217 623 2297 claustrorum,
645 2211 752 2284 urbes
773 2210 989 2303 aggreditur,
1005 2224 1185 2304 expugnat

104 2359 217 2422 arces,
240 2336 367 2430 oppida
387 2335 588 2408 demolitur:
610 2343 646 2406 et
671 2332 766 2428 quod
791 2333 885 2429 apud
906 2333 1109 2406 Ciceronem
1135 2337 1184 2406 le-

104 2462 230 2552 gimus:
251 2463 369 2533 nullus
390 2459 487 2531 fortis
508 2468 564 2531 est
588 2462 685 2532 locus
717 2458 753 2530 in
786 2429 890 2552 duem
924 2470 1071 2533 onustus
1097 2482 1183 2534 auro

103 2585 228 2655 asellus
246 2603 316 2652 non
336 2583 447 2674 possit
467 2580 668 2654 ascendere.
690 2579 824 2651 Aurum
846 2582 959 2652 claras
977 2594 1077 2676 parat
1097 2583 1182 2656 ami-

104 2707 209 2789 citias,
233 2725 380 2795 magnas
409 2703 586 2775 clientelas
617 2713 653 2773 et
677 2702 826 2773 honesta
850 2702 1025 2795 coniugia,
1054 2707 1182 2800 quippe

102 2829 189 2922 quod
210 2847 402 2922 generosos
419 2836 454 2900 et
474 2829 580 2898 fortes
599 2836 634 2898 et
654 2824 774 2897 doctos
787 2838 823 2898 et
835 2826 1006 2898 formosos
1028 2837 1070 2911 et,
1087 2829 1182 2921 quod

83 2953 293 3038 miraberis,
318 2962 456 3023 sanctos
470 2949 595 3021 efficiat
608 2968 832 3042 possessores
855 2969 950 3022 suos.
977 2950 1096 3042 ltaque
1120 2953 1182 3044 qui
1271 2944 1281 2961 ⁰

101 3077 225 3149 divites
239 3084 333 3159 sunt,
348 3075 430 3147 boni
447 3074 513 3145 viri
533 3074 567 3143 in
589 3069 788 3144 civitatibus
810 3074 1038 3166 appellantur,
1058 3075 1180 3168 eisque

101 3208 231 3271 tantum
251 3197 414 3271 creditur.
436 3198 537 3270 Nulla
553 3195 642 3268 fides
662 3204 718 3267 est
738 3195 895 3291 pauperi,
918 3198 1000 3290 quia
1020 3199 1180 3290 pecuniae

100 3324 182 3394 niun
202 3322 315 3407 anesi,
333 3332 597 3416 verumqueesr
613 3318 697 3391 illud
718 3321 881 3415 satyrici:

217 3514 372 3588 Quantum
388 3514 519 3594 quisque
536 3530 590 3578 sua
606 3528 809 3578 nummorum
825 3520 929 3577 seruat
946 3512 977 3576 in
993 3529 1062 3577 arca

217 3614 348 3677 Tantum
363 3613 454 3676 habet
470 3620 500 3676 ct
516 3613 597 3677 fidei.

97 3791 288 3872 Postremo,
311 3788 442 3861 inuitus
464 3789 577 3861 dicam
599 3789 663 3862 sed
694 3789 826 3861 veritas
847 3789 954 3882 cogit,
980 3808 1050 3858 non
1075 3786 1188 3888 modo¹

97 3920 239 4005 potens,
262 3910 325 3984 sed
345 3910 564 4007 omnipotens
581 3933 672 4006 pene
692 3920 747 3983 est
764 3934 904 3994 aurum,
923 3916 958 3980 et
971 3908 1086 3981 omnia
1098 3929 1180 4003 quae

99 4033 166 4105 sub
186 4027 276 4107 coelo
292 4043 375 4106 sunt
394 4055 481 4106 auro
501 4037 640 4119 cedunt;
661 4057 748 4108 auro
770 4033 928 4107 seruiunt
947 4042 983 4106 et
1008 4034 1119 4128 pietas
1134 4044 1179 4141 ,³²

99 4157 266 4250 pudicitia
284 4168 319 4232 et
339 4156 439 4245 fides,
462 4158 575 4235 omnis
589 4159 739 4254 denique
756 4157 869 4229 virtus
883 4167 918 4228 et
932 4157 1042 4250 gloria
1054 4176 1177 4228 aurum
