2992 4664
180 315 238 376 358
634 328 796 378 vsmruuu

178 473 286 543 loeior
315 475 431 544 fertur.
465 474 532 545 Sed
563 494 625 545 oro
659 484 708 557 te,
735 493 850 544 nonne
878 471 982 542 huius
1012 471 1250 544 testimonium

177 595 331 666 audienti
354 597 503 689 primum
530 595 614 667 illud
640 596 803 679 occurrit,
836 594 1042 687 piscatorem
1076 592 1120 664 de
1146 593 1249 686 aquis

175 718 479 809 interrogandum,
513 719 558 790 de
589 717 788 789 nemoribus
821 701 1044 801 venatorem,
1071 729 1248 812 pastorem

175 838 219 909 de
240 838 426 930 gregibus,
451 840 496 912 de
517 841 631 912 ventis
655 851 814 936 nautam,
840 839 884 912 de
904 838 1017 910 bobus
1043 839 1247 930 agricolam3

176 963 226 1034 sic
245 971 280 1033 et
299 963 344 1034 de
364 964 470 1034 armis
489 964 646 1047 militem,
674 972 709 1034 et
733 963 778 1034 de
799 963 898 1034 bellis
925 962 1067 1045 ducem,
1093 962 1142 1034 sic
1166 963 1248 1033 reli-

175 1089 310 1179 giosum
332 1085 483 1179 denique
502 1087 546 1158 de
568 1087 693 1172 sacris,
712 1097 846 1179 poetam
868 1087 913 1158 de
932 1086 1056 1169 illusis,
1074 1094 1246 1157 oratorem

175 1211 219 1282 de
238 1210 370 1295 causis,
404 1209 448 1280 dc
468 1210 601 1280 naturis
624 1233 742 1281 rerum
768 1219 803 1280 et
828 1210 910 1281 vitae
937 1208 1069 1280 ratione
1094 1207 1248 1302 philoso-

173 1333 305 1425 phum?
322 1333 432 1403 Extra
451 1352 533 1403 suos
551 1331 642 1403 hunc
660 1333 824 1405 terminos
841 1331 1011 1417 eduxisti,
1029 1331 1112 1402 dum
1128 1329 1245 1420 coegi-

174 1458 218 1528 sti
238 1465 276 1526 ut
296 1456 340 1527 de
358 1456 495 1526 Poetica
516 1455 722 1526 sententiam
736 1458 850 1526 ferret.
866 1455 936 1526 Sed
948 1454 1066 1535 dices;
1090 1452 1172 1521 nihil
1191 1460 1247 1521 est
1301 1534 1314 1549 .
1431 1523 1437 1539 ,

172 1579 216 1650 de
236 1579 388 1673 proprio:
412 1576 508 1669 vulgi
529 1577 694 1648 indicium
721 1577 902 1650 referebat.
930 1577 1046 1647 Sentis
1072 1586 1109 1646 ut
1138 1573 1247 1667 pede·

172 1701 292 1774 teutim
309 1701 354 1772 ad
371 1700 622 1793 corruptissimi
638 1701 762 1773 iudicis
777 1700 925 1772 tribunal
937 1699 1160 1772 accessimus:
1176 1696 1245 1767 iam

173 1827 309 1896 mallem
330 1825 375 1896 de
401 1823 540 1918 proprio
564 1826 774 1917 loqueretur.
793 1826 924 1917 Cogita,
944 1823 1105 1904 Barbate,
1120 1821 1247 1893 acriter

172 1958 302 2041 quanto
322 1946 445 2042 priscis
471 1947 612 2019 vatibus
653 1947 792 2019 nostris·
815 1957 875 2019 aut
906 1947 1035 2027 felicior
1060 1955 1120 2018 ant
1152 1953 1248 2015 certe

174 2071 304 2144 facilior
325 2081 412 2141 aetas
436 2071 514 2155 fnit,
535 2072 633 2162 prius
652 2070 729 2142 dico
749 2092 853 2162 quam
872 2070 1028 2141 Pierides
1049 2090 1096 2141 ex
1114 2066 1248 2138 Graecia

171 2193 207 2264 iu
224 2187 352 2266 Italiam
367 2193 646 2284 commigrarent,
665 2215 706 2264 ea
722 2192 850 2265 scilicet
867 2202 1070 2286 tempestate
1091 2188 1246 2284 qnando,

171 2329 209 2391 ut
229 2319 467 2391 Sulmonensis
489 2331 569 2389 tuns
590 2317 658 2388 ait:

329 2507 387 2578 Qui
403 2509 479 2569 bene
494 2507 646 2584 pugnabat
663 2507 829 2569 Romanam
845 2512 974 2568 noverat
989 2511 1102 2580 artem,

411 2602 528 2664 Mittere
544 2603 597 2682 qui
612 2609 729 2682 poterat
745 2605 802 2667 tela
819 2605 951 2667 disertus
969 2609 1041 2665 erat.

171 2809 270 2880 Haud
301 2810 415 2900 magni
446 2809 575 2902 negotii
601 2821 682 2882 tunc
711 2811 775 2882 fuit
798 2832 879 2881 esse
904 2820 1081 2904 poetarum
1110 2830 1244 2900 regem.

171 2932 214 3002 Ut
235 2933 354 3004 sileam
371 2934 532 3026 reliquos,
549 2945 700 3028 quantus
719 2933 871 3005 Lucilius
892 2943 945 3006 est
966 2933 1113 3017 babitus
1136 2955 1243 3024 quem

171 3062 242 3124 tum
264 3055 300 3124 in
328 3056 443 3148 aliquo
466 3057 733 3148 reprehendisse
764 3077 873 3150 prope
900 3055 1116 3146 sacrilegium
1144 3054 1244 3126 vide-

170 3188 283 3264 retur,
319 3198 397 3246 cum
430 3179 465 3246 in
499 3181 615 3250 multis
649 3182 790 3272 impune
822 3178 1097 3271 reprebendatur
1121 3179 1244 3250 Maro?

125 3364 127 3373 ,
170 3307 320 3390 quantus
341 3299 417 3368 aliis
448 3314 668 3395 quantusque
699 3301 836 3374 sibimet
865 3303 966 3374 visus
997 3312 1052 3374 est
1079 3301 1238 3384 NaeviuS,

123 3404 124 3407 ¹
169 3434 320 3513 quantus
339 3422 508 3494 Plautus?
527 3423 571 3494 Et
594 3425 654 3516 qui
679 3424 807 3495 fuerint
832 3425 973 3496 scimus.
999 3424 1066 3495 Ars
1096 3423 1237 3513 exigua,

113 3592 114 3600 2
169 3542 342 3614 mediocre
367 3543 561 3634 ingenium,
588 3545 697 3616 vivax
726 3546 830 3632 fama,
860 3567 1006 3638 magnus
1037 3546 1238 3638 populorum

48 3717 51 3723 -
168 3667 279 3749 favor,
315 3687 429 3737 rerum
461 3687 600 3738 suarum
631 3669 813 3740 aestimatio
838 3669 1017 3740 immensa.
1047 3670 1142 3759 Lege
1166 3668 1240 3759 epi-

168 3798 359 3878 grammata
380 3789 641 3884 sepulchrorum
662 3789 710 3860 'ab
744 3790 799 3862 his
824 3792 938 3875 edita3
972 3791 1059 3862 satis
1087 3789 1238 3885 superba

167 3910 349 3997 fateberis,
371 3912 435 3982 etsi
455 3910 501 3982 ab
524 3911 736 3984 aliodictata
763 3925 897 3995 essent,
920 3913 986 3985 etsi
1008 3915 1095 3985 alter
1110 3914 1235 3984 horum

168 4034 354 4120 HomeruS,
375 4035 461 4105 alter
481 4032 643 4125 Virgilius
669 4036 801 4109 fuisset.
816 4036 959 4123 Blanda,
978 4036 1132 4128 inquam,
1147 4043 1236 4107 aetas

166 4162 201 4221 ot
221 4151 419 4228 favorabilis
432 4156 555 4247 poetis,
577 4178 656 4250 quae
673 4158 718 4230 de
740 4172 808 4230 tam
830 4158 947 4253 parvis
967 4157 1141 4230 radicibus
1163 4165 1233 4228 tam
