2804 4656
293 323 386 372 urana
408 320 937 412 v1cus1nusruur1us-urrsroun
959 321 1012 368 xu.
1134 306 1193 368 215

104 457 237 539 incidit,
263 470 298 529 ct
328 454 404 527 haec
432 455 528 548 quod
548 454 644 548 cupit
669 455 801 526 abiicit:
832 477 955 548 nempe
984 455 1074 527 sicut
1099 475 1192 527 aeru-

104 603 222 653 mnam
242 599 372 670 cupere
392 578 529 650 animus
558 600 625 649 nnn
640 588 770 673 potest,
797 580 955 674 nequesi
982 580 1190 672 possetsani

105 703 213 776 animi
230 714 350 773 vntum
370 709 477 783 esset,
500 677 552 772 sic
568 699 660 784 eius,
683 702 714 772 si
732 722 789 773 res
806 711 942 795 poscat,
964 704 1189 774 tollerantiam

104 838 141 901 at
158 837 282 920 optare
303 825 508 921 prudentiae,
527 834 562 897 et
579 825 745 918 consequi
759 848 840 919 pars
856 835 911 899 est
924 849 994 898 una
1007 826 1188 898 felicitatis.

105 952 212 1025 Esset
229 949 368 1042 quidem
391 949 493 1043 plena
515 948 660 1021 felicitas
681 949 727 1019 nil
746 948 912 1021 miserum
929 950 1014 1043 pati,
1029 949 1192 1042 nilaspe-

107 1097 201 1160 rum,
224 1074 271 1143 nil
292 1072 495 1154 adversum,
518 1071 717 1143 affluentem
731 1084 900 1165 perpetuo
920 1072 1009 1142 laetis
1030 1073 1191 1144 omnibus

107 1217 351 1287 securumque.
377 1192 482 1277 Quod
507 1217 584 1265 cum
612 1198 746 1287 sperari
772 1195 807 1266 in
833 1195 899 1266 hoc
931 1196 1134 1267 calamitoso
1157 1209 1193 1268 ct

108 1317 212 1389 flebili
241 1317 448 1410 nonpossit
467 1317 590 1401 exilio,
614 1318 813 1410 proximum
834 1330 889 1390 est
914 1317 1083 1411 quidquid
1104 1321 1193 1390 acci·

102 1441 199 1513 derit
223 1441 303 1512 forti
328 1442 444 1512 auimo
469 1443 639 1532 perferre,
668 1452 703 1512 et
726 1443 876 1512 fortunae
902 1441 992 1512 ictus
1015 1442 1193 1536 patientiae

107 1566 230 1660 clypeo
251 1565 465 1655 propulsare.
488 1565 570 1634 Haec
590 1564 744 1635 volventi
771 1565 856 1635 milri
876 1577 1044 1657 quantum
1065 1586 1193 1637 moeroe

109 1687 157 1756 ris
175 1686 348 1777 aegritudo
369 1685 419 1757 tui
440 1687 612 1780 corporis,
635 1697 769 1758 tautum
790 1697 825 1759 el
846 1691 923 1782 plus
945 1689 1061 1781 gaudii
1078 1692 1193 1774 attulit

112 1809 332 1902 aequabilitas
349 1796 390 1881 ac
404 1809 536 1880 sanitas
549 1810 722 1902 vigorque
735 1810 857 1893 animi;
871 1814 950 1904 plus
969 1812 1059 1882 enim
1075 1812 1194 1884 inlice

106 1934 193 2006 'boni
214 1945 270 2007 est
288 1957 394 2027 quarn
417 1934 451 2004 in
471 1934 536 2006 illa·
550 1936 641 2005 mali.
664 1935 755 2018 Quin
775 1934 902 2029 potius,
925 1936 955 2004 si
977 1937 1086 2007 stoice
1101 1938 1194 2028 loqui

116 2059 234 2143 verim,
249 2060 394 2129 murrum
412 2059 448 2128 u
469 2059 534 2129 noe
554 2056 645 2140 boni,
663 2058 697 2127 u
720 2057 776 2128 rua
790 2032 905 2128 aiom
920 2058 1108 2142 marinna,
1124 2059 1190 2128 asi

110 2184 247 2254 molesti
267 2180 410 2274 aliquid.
430 2182 500 2254 Sed
516 2182 617 2253 facile
634 2165 689 2252 est
707 2201 830 2251 sanum
846 2193 882 2252 et
897 2181 986 2252 hene
1008 2170 1213 2252 habentem
1303 2167 1311 2186 ⁸

111 2303 156 2375 de
175 2302 384 2394 aegritudine
406 2324 447 2373 ac
462 2302 583 2374 dolore
601 2301 851 2404 philosophari3
866 2302 1062 2373 malissesa
1075 2311 1192 2373 autem

112 2427 229 2509 solari,
245 2436 312 2498 eta
331 2447 439 2497 sensu
458 2427 587 2520 proprii
607 2424 738 2497 doloris
754 2436 921 2498 avertere
941 2426 1117 2518 aliquanto
1130 2424 1194 2495 dil-

111 2547 246 2621 fiuilius.
261 2549 337 2620 Non
350 2548 384 2618 in
399 2549 492 2620 omni
506 2547 652 2640 grabato
664 2549 872 2622 Posidonius
886 2549 993 2620 iacet:
1014 2529 1058 2619 ad
1090 2570 1194 2642 quem

111 2672 264 2765 graviter
284 2684 515 2764 aegrotantem
536 2695 686 2765 magnus
703 2675 899 2766 Pompeius,
924 2683 1006 2743 tuuc
1027 2681 1062 2744 et
1076 2675 1195 2744 llomae

112 2797 337 2868 verenduset
350 2795 511 2865 terribilis
534 2805 704 2866 terrarum
723 2795 816 2880 orbi,
835 2794 972 2866 visendi
991 2796 1102 2887 gratia
1116 2817 1194 2867 cum

110 2919 281 3000 venisset,
303 2939 345 2986 ac
364 2915 539 3009 superbus
560 2916 704 3007 regibus
732 2939 769 2987 se
796 2917 1004 3010 philosopho
1026 2917 1195 3012 praebuis·

110 3050 180 3123 set,
205 3039 262 3123 ille
282 3059 385 3130 quarn
409 3048 543 3132 poterat
563 3048 659 3110 tanto
676 3039 752 3110 viro
772 3040 884 3110 vicem
904 3049 943 3110 ut
959 3038 1121 3112 redderet
1134 3038 1216 3124 hu<

110 3161 224 3248 nome,
247 3161 337 3233 inter
363 3161 498 3233 medios
523 3164 698 3233 cruciatus
724 3172 828 3256 atque
854 3166 995 3236 aculeos
1019 3163 1193 3244 dolorum,

111 3283 274 3357 audiente
294 3293 330 3356 at
349 3284 497 3355 mirante
518 3283 693 3377 Pompeis,
715 3283 760 3354 de
783 3285 846 3354 hac
865 3285 940 3379 ipsa
960 3284 1193 3356 famosissima

113 3404 284 3482 sententia
303 3405 511 3500 disputavit:
532 3406 578 3476 nil
604 3405 733 3478 bonum
755 3407 823 3477 nisi
845 3408 1023 3490 virtutem,
1047 3405 1094 3474 nil
1120 3425 1197 3475 ma·
1257 3474 1260 3479 .

112 3530 284 3601 tamesae
304 3528 372 3599 nisi
397 3529 540 3599 vitium:
567 3529 722 3622 dumque
747 3531 944 3622 loquentem
967 3528 1068 3599 dolor
1088 3525 1196 3595 inter·

111 3655 270 3744 pelleret,
290 3653 480 3724 identidem
502 3652 547 3723 ad
566 3675 603 3725 se
625 3675 751 3725 versus
772 3653 898 3735 aiebat,
921 3651 1102 3723 utaCioero
1123 3671 1198 3721 me·
1273 3751 1276 3757 ¹

114 3781 225 3864 mind,
239 3783 274 3853 si
292 3791 407 3853 tamen
428 3791 466 3852 ut
487 3802 626 3853 sensum
642 3780 693 3852 sie
709 3766 869 3852 et·verba
884 3789 997 3849 lenem
1013 3774 1111 3845 lllilril
1126 3775 1198 3867 opis

113 3902 224 3975 dolor:
245 3908 394 3997 quamuis
407 3907 496 3974 euim
515 3908 560 3974 sis
577 3908 735 3987 molestus,
756 3924 927 3992 uunquam
941 3911 971 3970 te
984 3921 1050 3970 esse
1064 3899 1197 3991 confite-

116 4027 173 4098 bor
187 4033 320 4105 molum.
342 4028 454 4101 Viden
475 4027 533 4098 ubi
555 4029 624 4100 vim
647 4025 830 4111 sententiae
848 4023 1065 4119 reponebat?
1082 4025 1119 4094 ln
1131 4021 1199 4093 dis-

19 4234 26 4243 Χ
112 4126 260 4245 terentia
285 4153 376 4225 mali
394 4153 525 4227 scilieet
541 4162 577 4224 et
597 4151 751 4224 molesti:
776 4149 866 4221 siout
885 4149 963 4221 vice
984 4164 1087 4221 versa
1109 4148 1198 4217 inter
