2804 4656
191 285 250 347 Μ
528 300 569 346 nn
590 299 692 348 annus
714 300 937 351 anurnmmaus

124 492 125 495 =
190 444 221 513 si
244 443 289 514 ad
313 441 464 514 cribrum
492 442 644 525 veniant,
667 441 748 514 boni
769 442 964 528 minimum,
987 443 1069 515 mali
1085 445 1278 538 plurimum

189 564 480 658 deprehendetur.
512 565 604 650 Tibi,
627 566 673 635 mi
695 566 831 648 Cicero,
854 563 937 636 boni
958 569 1121 650 multum,
1150 570 1277 660 gloriae

190 691 415 774 immensum,
442 699 547 759 natus
572 688 737 780 degener.
772 690 864 761 Vere
898 690 976 775 tibi,
1004 702 1043 763 nt
1068 691 1116 762 ait
1143 693 1277 764 Laelius

188 814 407 910 Spartianus,
427 812 552 882 melius
573 813 688 882 luerat
708 812 836 882 liberos
858 834 927 883 non
949 812 1080 884 babere
1096 841 1103 882 :
1122 812 1275 886 habuisti

185 938 277 1008 enim
310 935 371 1027 qui
405 933 612 1026 contemptis
645 934 783 1019 officiis,
817 955 900 1026 quac
932 937 968 1006 in
1002 937 1054 1007 eis
1080 959 1170 1029 quos
1199 937 1276 1010 dixi

186 1059 283 1132 libris
301 1061 444 1151 legerat,
468 1078 620 1151 quaeque
638 1067 676 1127 ut
699 1058 795 1129 credi
812 1056 926 1142 debet,
943 1060 1074 1152 saepius
1088 1061 1172 1131 viva
1185 1082 1275 1132 voce

185 1168 326 1258 et‘vere
346 1184 429 1258 viva
453 1204 521 1252 una
546 1204 594 1252 ex
613 1182 795 1266 omnihus,
820 1192 858 1252 ut
877 1183 962 1252 mihi
991 1182 1130 1254 videtur
1156 1195 1192 1255 et
1212 1185 1275 1256 Se-

185 1327 282 1378 necae
307 1305 423 1379 visum
451 1315 522 1388 est,
541 1305 632 1385 viva,
651 1304 804 1396 inquam,
831 1325 919 1375 voce
947 1307 1083 1395 paterni
1109 1306 1182 1377 oris
1208 1328 1275 1378 au-

185 1429 313 1510 dierat,
331 1449 401 1498 non
424 1426 568 1499 vivendi
589 1427 653 1507 sed
672 1424 815 1496 bibendi
828 1427 1031 1499 nobilitatus
1045 1428 1168 1513 officio,
1182 1430 1275 1502 duos

186 1553 260 1623 vini
276 1552 421 1643 congios
444 1571 513 1621 uno
534 1549 666 1643 impetu
685 1549 849 1620 hauriret.
870 1551 1043 1641 Egregius
1061 1553 1147 1622 tanti
1165 1553 1275 1641 patris

187 1675 282 1746 filins
308 1686 343 1746 et
369 1654 561 1768 praeclarus
593 1671 741 1758 vindex,
768 1674 828 1765 qui
854 1673 1065 1745 interfectori
1097 1674 1175 1746 eius
1200 1675 1275 1748 An-

187 1797 296 1879 tonio,
325 1818 394 1867 non
420 1795 544 1880 vitam,
564 1817 633 1867 non
652 1795 856 1889 potentiam,
878 1817 950 1867 non
971 1817 1066 1888 opes,
1088 1796 1159 1868 sed
1176 1798 1273 1891 quod

186 1919 241 1990 ille
255 1919 289 1988 in
304 1919 392 1989 libro
405 1941 510 2012 quem
524 1920 568 1991 de
583 1919 636 1990 sui
651 1918 763 2011 ipsios
777 1918 918 2011 scripsit
930 1917 1101 1990 ebrietate
1114 1941 1271 2013 conque·
1370 1976 1376 1981 ἡ

186 2042 285 2124 ritur,
301 2040 442 2114 bibendi
457 2042 602 2134 gloriam
617 2054 652 2113 et
665 2045 790 2112 famam
808 2041 995 2113 ebrietatis·
1006 2043 1182 2136 eripuerit.
1198 2042 1267 2113 Ob!

185 2175 380 2257 portentum
399 2168 491 2236 laevo
511 2166 628 2237 sidere
649 2165 796 2246 editum,
816 2166 881 2265 oh!
909 2175 1045 2236 naturae
1061 2167 1267 2237 varietatem

127 2369 132 2377 ,
186 2289 439 2370 incredibilem,
452 2289 555 2358 talem
571 2295 665 2359 tanta
682 2289 726 2359 de
740 2289 816 2358 luoe
832 2288 1038 2378 caliginem!
1055 2289 1140 2369 Heu,
1155 2289 1271 2362 Marce

187 2412 283 2493 Tulli,
311 2412 367 2480 vir
383 2411 549 2500 insignis,
571 2409 633 2480 sed
654 2409 776 2495 infelix
796 2419 910 2501 pater,
932 2421 1064 2503 quanto
1084 2410 1201 2483 studio
1221 2414 1290 2482 la-·

187 2531 317 2603 borasti
339 2541 376 2602 ut
400 2554 445 2601 ex
467 2543 501 2603 te
522 2533 670 2602 alterum
691 2532 847 2603 Marcum
866 2533 1015 2604 Tullium
1039 2534 1268 2626 exprimeres.

187 2652 1269 2751 (Oblquamsaopemaximorumartificumfallunturingenial):

186 2777 341 2846 Marcum
363 2777 522 2848 Bibulum
546 2775 767 2869 expressisti.
791 2778 968 2848 Hactenus
988 2754 1090 2870 quasi
1111 2799 1270 2872 praesens

186 2921 264 2969 cum
293 2900 458 2972 Cicerone
483 2901 702 2972 defleverim:
725 2901 770 2972 ad
792 2911 832 2985 te,
856 2911 966 2993 pater,
989 2901 1035 2973 ad
1053 2903 1270 2994 propositum

187 3032 354 3092 revertor.
378 3023 571 3113 Siquidem,
596 3035 633 3095 ut
668 3023 841 3106 dicebam,
878 3034 1054 3096 tantorum
1091 3023 1270 3099 hominum
1360 3082 1363 3087 .

188 3142 303 3214 studia
321 3165 417 3235 saepe
434 3145 501 3215 illis
520 3147 708 3249 inefficacia
726 3147 854 3240 quibus
872 3145 1157 3232 instituebantur,
1177 3167 1272 3238 saepe

188 3265 264 3336 aliis
286 3276 365 3359 post
385 3289 554 3338 annorum
576 3270 681 3340 millia
701 3272 921 3363 profuerunt,
941 3272 1220 3365 proderuntque:
1237 3271 1272 3342 in

186 3391 317 3482 quibus
337 3392 496 3462 lortassis
518 3402 553 3461 et
573 3414 637 3463 nos
663 3415 796 3465 sumus.
815 3396 860 3467 wSi
885 3398 974 3466 forte
999 3396 1124 3487 igitur,
1153 3405 1191 3467 ut
1217 3416 1272 3466 me

129 3608 132 3614 .
189 3514 548 3600 tantisimmisoeam,
576 3516 721 3610 epistola
747 3517 804 3589 illa
831 3539 909 3590 mea
935 3516 1012 3588 sive
1038 3518 1131 3612 apud
1157 3519 1272 3610 ipsum

188 3641 321 3720 efficax,
336 3640 438 3732 .quod
461 3639 573 3731 magis
594 3651 692 3733 puto,
711 3641 787 3711 sive
805 3641 968 3714 inefficax
986 3643 1031 3714 ad
1045 3665 1150 3736 quern
1164 3642 1272 3715 missa

188 3772 255 3842 est,
280 3762 338 3850 tibi
361 3773 439 3855 post
459 3772 530 3834 tam
555 3764 700 3855 longum
727 3773 862 3859 tempus
890 3765 984 3836 utilis
1009 3765 1086 3849 fuit,
1115 3764 1270 3856 gaudeo,

189 3893 225 3954 et
243 3885 291 3954 illi
310 3887 445 3957 calamo
466 3887 613 3977 gratiam
636 3886 760 3971 babeo,
782 3898 817 3959 et
836 3887 934 3959 illum
947 3889 1040 3961 diem
1054 3911 1146 3965 amo.
1161 3888 1270 3960 Nimis

192 4016 224 4075 te
244 4007 347 4079 hodie
366 4008 515 4080 detineo.
539 4012 589 4080 Da
614 4007 776 4080 veniam:
800 4023 912 4083 tecum
935 4033 1025 4085 sum.
1047 4013 1143 4084 Vale.

325 4154 494 4225 Mediolani,
511 4156 643 4210 Kalendis
662 4156 831 4213 Decembris.
946 4201 948 4211 .
