2730 4680
206 322 243 382 3⁹2
345 389 348 394 ,
544 336 584 381 ou
607 336 705 384 nunus
728 337 950 385 anurnrntnssus

207 492 274 541 raon
296 473 382 541 forte
407 469 669 564 cupiditatibus,
697 484 733 542 at
759 475 912 564 prolecto
936 470 1206 544 necessitatibus
1234 484 1290 542 cst

206 597 403 666 consultum
421 596 520 666 meis.
536 597 584 666 llli
604 596 735 687 gratias
753 597 825 666 Deo
842 595 904 687 qui
921 596 1030 666 multo
1046 595 1166 665 verius
1184 616 1289 687 quam

207 718 392 789 Maroneus
414 719 469 789 ille
496 718 602 813 Tytiri
623 713 712 789 deus

550 911 642 973 Nobis
660 913 723 973 baec
741 912 800 974 otia
818 912 887 973 fecit

132 1128 133 1131 π
208 1089 295 1160 adeo
315 1093 504 1159 clementer
524 1099 560 1158 et
580 1090 614 1157 in
636 1091 974 1183 utramquepartem
995 1074 1224 1182 aequabiliter,
1255 1106 1292 1164 nt

209 1215 362 1285 animum
384 1233 571 1283 necareris
592 1213 721 1305 inopia,
744 1235 808 1282 nec
830 1214 1017 1285 exundans
1038 1212 1137 1306 copia
1155 1216 1290 1306 fatiget,

211 1337 273 1407 sed
291 1337 372 1406 hinc
391 1336 485 1406 illine
509 1338 630 1427 aequis,
653 1337 687 1407 ni
708 1338 817 1422 fallor,
837 1339 959 1429 spatiis
978 1337 1104 1410 abesse
1129 1361 1193 1408 rne
1207 1361 1294 1430 gau-

210 1460 324 1532 deam,
343 1459 481 1529 Divitiae
497 1479 584 1528 meae
602 1457 772 1530 hactenus
786 1473 820 1531 et
834 1461 917 1530 rnibi
932 1461 1110 1531 sufficiunt
1122 1471 1156 1532 et
1171 1462 1293 1531 amicis

212 1604 280 1653 non
310 1581 475 1653 deliciunt
504 1581 701 1673 egentibus
730 1584 860 1674 quique
899 1606 968 1654 non
1011 1585 1152 1654 ultimus
1188 1605 1294 1677 opum

211 1705 346 1776 fructus
366 1716 433 1789 est,
456 1715 561 1776 urunt
581 1705 740 1790 invidOS,
763 1704 999 1798 cruciantque.
1023 1706 1294 1778 Mediocritatem
1317 1782 1319 1785 ,

211 1831 378 1923 optimam
397 1830 445 1900 ait
463 1830 598 1901 Cicero:
621 1831 769 1903 Flaccus
783 1851 825 1900 eo
840 1832 990 1925 amplius
1012 1810 1154 1902 auream
1176 1841 1294 1913 vocat,

213 1954 317 2025 credo
340 1965 376 2023 ut
398 1953 448 2024 sic
468 1954 633 2045 optimam
654 1952 778 2047 probet
794 1954 990 2039 interillos,
1006 1953 1134 2045 quibus
1149 1955 1297 2024 nilauro

212 2079 338 2148 melius
355 2098 437 2150 esse
458 2098 664 2172 persuasum
692 2090 758 2149 est.
787 2079 870 2148 Haec
895 2102 982 2170 ergo
1010 2099 1124 2148 rerum
1150 2076 1294 2168 optima,

213 2201 289 2273 baec
301 2223 386 2271 vere
400 2222 522 2282 aurea,
538 2201 609 2270 Deo
622 2210 826 2292 praestante,
846 2199 986 2292 obtigit,
1009 2211 1047 2271 ut
1069 2211 1104 2270 tu
1124 2201 1247 2270 saltem
1263 2209 1298 2268 et

106 2357 108 2363 ¹
214 2327 279 2396 mei
301 2336 435 2395 amator
454 2335 490 2392 et
509 2323 666 2404 virtutis,
688 2322 769 2392 huic
791 2325 895 2393 statui
921 2322 1121 2413 gratuleris,
1150 2343 1219 2392 non
1246 2322 1298 2389 in-

211 2451 325 2518 sultes
353 2458 413 2516 aut
446 2445 622 2516 detrahas.
657 2445 732 2536 Ego
766 2456 881 2516 autem
911 2446 939 2515 si
968 2469 1035 2517 non
1065 2447 1130 2516 bac
1153 2445 1296 2539 quidem

214 2581 308 2642 sorte
327 2577 511 2640 contentus
530 2567 609 2649 sim,
625 2590 694 2660 quo
706 2569 933 2661 progrediar?
945 2568 1011 2640 Ubi
1029 2579 1157 2638 metam
1170 2567 1299 2659 figam?

214 2697 284 2765 Seu
309 2694 393 2786 quid
417 2703 533 2775 restat,
568 2691 636 2761 nisi
666 2703 704 2762 ut
728 2691 817 2761 inter
844 2691 1047 2784 Arimaspes
1069 2714 1159 2762 unus
1185 2692 1299 2783 gentis

214 2817 384 2898 adscitus,
409 2838 477 2886 uno
496 2837 559 2886 seu
579 2814 698 2884 verius
718 2817 813 2886 nullo
834 2818 937 2886 oculo
957 2839 1035 2886 cum
1058 2815 1194 2887 Arctois
1217 2838 1302 2912 gry-

215 2937 343 3030 pbibus
361 2938 491 3010 bellum
512 2941 657 3029 geram?
677 2938 721 3008 Et
738 2940 803 3010 boc
822 2938 963 3030 quidem
983 2940 1028 3011 de
1048 2939 1173 3032 opibus
1196 2939 1297 3024 meis,

216 3063 259 3133 de
272 3055 400 3154 quibus
415 3063 530 3132 hercle
543 3083 722 3153 nunquam
735 3063 831 3152 loqui
844 3063 1096 3153 cogitaveram,
1112 3062 1204 3133 dicta
1220 3062 1297 3143 sint,

216 3186 251 3255 in
271 3208 422 3278 quarum
443 3185 689 3268 aestimatione,
713 3186 743 3256 si
764 3207 784 3255 a
806 3208 892 3257 vero
911 3187 1054 3257 forsitan
1078 3196 1137 3257 tua
1155 3186 1301 3258 dellexit

147 3312 150 3319 '
216 3310 333 3401 opinio
354 3311 455 3379 famae
475 3306 620 3400 decepta
637 3293 812 3398 vestigiis
833 3330 902 3378 non
919 3309 1037 3393 mirer,
1053 3298 1149 3401 quod
1164 3320 1200 3379 et
1212 3297 1301 3379 tern-

216 3455 284 3528 pus
305 3443 340 3503 et
361 3435 458 3503 locus
483 3440 518 3502 et
543 3432 619 3523 ipsa
640 3430 690 3500 rei
716 3443 842 3503 natura
865 3455 1016 3504 errorem
1040 3431 1217 3526 peperisse
1238 3454 1301 3523 po-

218 3557 332 3630 tuerit.
366 3543 453 3625 Nam
487 3565 522 3624 et
553 3553 727 3624 diuturnae
760 3555 860 3627 nobis
881 3552 1051 3627 absentiae
1077 3542 1198 3626 moras*
1220 3555 1302 3626 lecit

219 3703 335 3752 rerum
364 3690 475 3751 status
506 3678 717 3763 ltalicarnm,
739 3688 774 3749 et
795 3677 873 3748 licet
905 3681 996 3750 inter
1025 3677 1222 3774 praesentes
1249 3680 1300 3749 rei

218 3805 394 3876 familiaris
416 3802 603 3874 aestimatio
620 3825 661 3872 eo
675 3803 761 3873 solet
778 3824 858 3874 esse
872 3802 1059 3887 difficilior,
1078 3824 1148 3894 quo
1169 3803 1302 3875 facilior

218 3939 272 3998 est
286 3931 340 3998 vel
354 3929 514 3999 iactantia
538 3927 730 3997 mortalium
753 3928 809 3994 vel
830 3930 985 4018 querela,
1009 3929 1091 3998 dnm
1108 3927 1164 3996 vel
1179 3938 1302 4019 su'per-

220 4049 276 4119 bia
296 4051 402 4121 salsas
423 4073 507 4144 opes
526 4051 680 4130 simulat,
701 4051 757 4119 vel
774 4051 897 4121 lalsam
914 4053 974 4121 llet
987 4049 1134 4120 avaritia
1152 4071 1301 4143 pauper-

222 4184 337 4243 tnlcm.
359 4175 394 4243 ln
416 4196 458 4244 eo
480 4196 571 4246 sane
585 4172 677 4263 quod
700 4173 871 4265 sequitur,
896 4196 1044 4266 quanam
1066 4162 1122 4244 iol
1151 4172 1216 4244 mci
1245 4175 1300 4244 vul
