2940 4650
559 320 713 371 nursvonn
735 321 818 370 nxur.
1165 308 1224 370 lit

142 481 265 552 perare
290 472 326 533 et
348 461 538 552 lugentium
571 482 663 533 unus
684 483 704 532 e
725 483 871 533 numero
896 464 1125 533 consolatoris
1146 473 1224 555 par-

143 593 205 668 tes,
221 581 291 654 lide
303 584 420 655 valida
437 593 592 674 cogente,
608 584 772 675 suscipio.
787 585 888 655 Dedit
908 584 1151 657 adolescentiae
1166 607 1224 655 ve·

144 715 227 777 strae
248 709 341 777 Deus
355 707 449 799 quod
469 707 532 777 vix
553 728 631 778 raro
652 705 807 780 virorum
822 708 1007 779 illustrium
1022 708 1118 779 senio
1139 707 1227 778 dare

144 830 244 911 solet,
268 837 305 898 ut
328 836 431 899 aetate
463 827 540 898 bac.
560 827 749 900 vanitatem
783 851 900 900 rerum
932 830 1164 901 humanarum
1191 840 1226 899 et

142 949 306 1021 Fortunae
319 950 388 1023 vim
404 972 445 1022 ac
457 948 635 1045 perfidiam
655 952 865 1042 agnoscatis,
885 975 966 1045 quae
981 955 1134 1046 profecto
1148 954 1225 1022 nul-

143 1071 186 1142 lis
203 1064 279 1144 aliis
299 1073 434 1144 artibus
453 1072 545 1144 vinci
565 1081 688 1168 potest,
712 1073 779 1146 nisi
802 1097 941 1146 summa
960 1073 1096 1146 stabilis
1118 1074 1223 1146 animi

143 1195 283 1267 virtute.
301 1197 397 1267 lllam
420 1194 519 1268 vobis
541 1208 664 1270 natura
682 1198 840 1280 contulit,
868 1196 1227 1293 experientiafirma·

144 1318 206 1412 vit,
229 1317 382 1389 studium
401 1316 649 1409 meditatioque
669 1316 832 1410 perficiet:
860 1318 965 1389 cuius.
981 1339 1047 1410 ope
1074 1320 1127 1389 vel
1163 1318 1227 1388 bo-

142 1439 246 1509 stium
263 1441 320 1510 vel
340 1440 506 1512 Fortunae
518 1438 667 1512 vincetis
688 1439 845 1511 insidiae.
867 1441 1013 1511 Remoto
1036 1451 1148 1533 patre,
1171 1462 1227 1511 re-

143 1562 201 1653 gni
231 1565 326 1651 salus
350 1575 385 1634 et
413 1561 560 1655 publicae
589 1563 665 1655 spei
695 1584 822 1634 ancora
848 1562 894 1633 in
934 1572 1054 1635 vestra
1093 1564 1224 1656 virtute

141 1685 294 1757 lundata·
309 1694 376 1761 est:
398 1706 501 1778 quam
517 1687 609 1757 Deus
622 1685 709 1757 -idec
730 1685 811 1756 belli
831 1685 971 1757 casibus
991 1685 1226 1780 praeservavit

142 1809 361 1893 incolumem,
378 1819 416 1879 ut
428 1816 526 1879 esset
544 1826 605 1899 per
622 1817 780 1900 quemet
801 1807 936 1901 sperari
956 1819 1100 1902 possent
1115 1809 1225 1901 patris

141 1934 198 2004 vel
219 1931 383 2015 liberatio,
400 1934 457 2003 vel
472 1929 634 2013 vindicta,
654 1940 689 2001 et
703 1929 789 1999 tanti
803 1928 900 2020 regni
916 1927 1151 2019 gubernacula
1171 1953 1226 2001 re-
1281 1973 1290 1991 ι

141 2063 319 2146 gerentur.
340 2055 436 2124 Onus
457 2074 580 2144 grave,
604 2051 666 2122 sed
685 2052 976 2134 Deoauxiliante,
991 2042 1173 2143 possibile:
1189 2063 1226 2124 et

141 2172 236 2264 quod
253 2178 392 2242 aetatem
406 2180 559 2240 vestram
575 2169 732 2251 excedat,
748 2171 865 2252 fateor,
882 2191 950 2240 nou
963 2168 1139 2240 virtutem.
1156 2170 1226 2240 Sed

141 2294 304 2386 quoniam
325 2300 362 2362 et
379 2292 529 2363 recentis
550 2290 667 2363 damni
685 2289 851 2361 memoria
877 2301 912 2363 et
938 2271 1105 2382 praesens*
1123 2313 1227 2362 occu-

141 2411 235 2504 patio
255 2416 372 2480 vestra
389 2407 606 2500 multiloquio
640 2415 749 2478 staret
776 2408 939 2490 adversa,
973 2404 1078 2477 finem
1106 2407 1225 2478 verbis

139 2532 331 2626 imponam:
354 2530 420 2603 hoc
440 2530 582 2612 adiecto,
604 2529 747 2622 quodsi
768 2531 897 2613 vestris
919 2529 1091 2622 regnique
1111 2529 1224 2601 vestri

141 2653 319 2728 laboribus
334 2674 434 2746 opem
449 2626 601 2745 aliquam
619 2674 697 2724 mea
713 2652 855 2724 devotio
869 2655 959 2725 lerre
972 2652 1101 2746 possit,
1123 2651 1225 2744 quid-

143 2777 227 2869 quid
248 2798 325 2847 sum
351 2783 411 2847 aut
433 2796 575 2867 possum
601 2773 706 2846 affero
732 2797 818 2866 pura
839 2772 909 2846 fide
932 2782 1062 2845 vestrae
1085 2775 1225 2870 inclytae

111 2967 112 2977 ,
143 2897 330 2979 maiestati,
352 2918 456 2988 quam
481 2896 548 2965 mei
570 2909 757 2967 memorem
779 2894 969 2978 consolari,
985 2908 1086 2986 patre¹
1096 2897 1225 2990 inclyto

144 3017 293 3089 libertati
313 3039 354 3087 ac
371 3016 491 3108 gloriae
509 3017 659 3109 propriae
680 3004 853 3100 restituto,
881 3037 1056 3108 quamque
1082 3016 1226 3088 feliciter
1307 3041 1312 3053 ·

141 3161 310 3214 serenare
326 3150 362 3211 et
379 3138 531 3209 stabilire
544 3137 712 3208 divinitus
733 3160 774 3210 ac
790 3137 1013 3212 victoriosam
1034 3142 1149 3211 facere
1172 3139 1224 3211 di-

147 3272 274 3357 gnetur
290 3261 611 3334 ditissimusrvale.
