<?xml version="1.0" encoding="UTF-8"?>
<!DOCTYPE html PUBLIC "-//W3C//DTD XHTML 1.0 Transitional//EN"
    "http://www.w3.org/TR/xhtml1/DTD/xhtml1-transitional.dtd">
<html xmlns="http://www.w3.org/1999/xhtml" xml:lang="en" lang="en">
 <head>
  <title>
</title>
<meta http-equiv="Content-Type" content="text/html;charset=utf-8" />
  <meta name='ocr-system' content='tesseract 3.04.00' />
  <meta name='ocr-capabilities' content='ocr_page ocr_carea ocr_par ocr_line ocrx_word'/>
</head>
<body>
  <div class='ocr_page' id='page_1' title='image "./franciscipetrar00fracgoog_0509.png"; bbox 0 0 2940 4650; ppageno 0'>
   <div class='ocr_carea' id='block_1_1' title="bbox 202 299 939 360">
    <p class='ocr_par' dir='ltr' id='par_1_1' title="bbox 202 299 939 360">
     <span class='ocr_line' id='line_1_1' title="bbox 202 299 939 360; baseline -0.004 -2"><span class='ocrx_word' id='word_1_1' title='bbox 202 299 261 358; x_wconf 77' lang='lat' dir='ltr'>llll</span> <span class='ocrx_word' id='word_1_2' title='bbox 547 312 704 360; x_wconf 72' lang='lat' dir='ltr'>urrunnu</span> <span class='ocrx_word' id='word_1_3' title='bbox 726 309 939 359; x_wconf 76' lang='lat' dir='ltr'>urrruuaeuu.</span> 
     </span>
    </p>
   </div>
   <div class='ocr_carea' id='block_1_2' title="bbox 89 453 1414 4240">
    <p class='ocr_par' dir='ltr' id='par_1_2' title="bbox 155 453 1414 913">
     <span class='ocr_line' id='line_1_2' title="bbox 155 453 1414 548; baseline -0.005 -23"><span class='ocrx_word' id='word_1_4' title='bbox 155 489 157 496; x_wconf 55' lang='lat'><em>2</em></span> <span class='ocrx_word' id='word_1_5' title='bbox 204 475 302 526; x_wconf 89' lang='lat' dir='ltr'>saevo</span> <span class='ocrx_word' id='word_1_6' title='bbox 322 453 553 548; x_wconf 89' lang='lat' dir='ltr'>quorumlibet</span> <span class='ocrx_word' id='word_1_7' title='bbox 573 453 716 525; x_wconf 88' lang='lat' dir='ltr'>arbitrio</span> <span class='ocrx_word' id='word_1_8' title='bbox 740 454 922 525; x_wconf 81' lang='lat' dir='ltr'>violantur.</span> <span class='ocrx_word' id='word_1_9' title='bbox 945 453 995 523; x_wconf 91' lang='lat' dir='ltr'>Ne</span> <span class='ocrx_word' id='word_1_10' title='bbox 1016 454 1115 523; x_wconf 90' lang='lat' dir='ltr'>enim</span> <span class='ocrx_word' id='word_1_11' title='bbox 1146 471 1301 524; x_wconf 85' lang='lat' dir='ltr'>causam</span> <span class='ocrx_word' id='word_1_12' title='bbox 1409 494 1414 529; x_wconf 69' lang='grc'>;.</span> 
     </span>
     <span class='ocr_line' id='line_1_3' title="bbox 203 575 1412 668; baseline -0.002 -23"><span class='ocrx_word' id='word_1_13' title='bbox 203 577 385 668; x_wconf 79' lang='lat' dir='ltr'>ignoretiS,</span> <span class='ocrx_word' id='word_1_14' title='bbox 407 575 470 645; x_wconf 91' lang='lat' dir='ltr'>viri</span> <span class='ocrx_word' id='word_1_15' title='bbox 492 575 661 657; x_wconf 90' lang='lat' dir='ltr'>illustres,</span> <span class='ocrx_word' id='word_1_16' title='bbox 683 595 752 667; x_wconf 90' lang='lat' dir='ltr'>qua</span> <span class='ocrx_word' id='word_1_17' title='bbox 767 576 847 646; x_wconf 94' lang='lat' dir='ltr'>olim</span> <span class='ocrx_word' id='word_1_18' title='bbox 863 584 1014 667; x_wconf 88' lang='lat' dir='ltr'>caputet</span> <span class='ocrx_word' id='word_1_19' title='bbox 1036 584 1179 658; x_wconf 89' lang='lat' dir='ltr'>rector,</span> <span class='ocrx_word' id='word_1_20' title='bbox 1203 595 1300 644; x_wconf 91' lang='lat' dir='ltr'>nuuc</span> <span class='ocrx_word' id='word_1_21' title='bbox 1409 603 1412 610; x_wconf 35' lang='lat'>⁸</span> 
     </span>
     <span class='ocr_line' id='line_1_4' title="bbox 202 697 1297 791; baseline -0.005 -21"><span class='ocrx_word' id='word_1_22' title='bbox 202 700 289 771; x_wconf 89' lang='lat' dir='ltr'>civis</span> <span class='ocrx_word' id='word_1_23' title='bbox 309 700 421 770; x_wconf 90' lang='lat' dir='ltr'>dicam</span> <span class='ocrx_word' id='word_1_24' title='bbox 444 721 488 768; x_wconf 92' lang='lat' dir='ltr'>an</span> <span class='ocrx_word' id='word_1_25' title='bbox 505 700 589 768; x_wconf 85' lang='lat' dir='ltr'>exul</span> <span class='ocrx_word' id='word_1_26' title='bbox 608 709 727 787; x_wconf 87' lang='lat' dir='ltr'>vester</span> <span class='ocrx_word' id='word_1_27' title='bbox 743 697 965 791; x_wconf 78' lang='lat' dir='ltr'>opprimitur,</span> <span class='ocrx_word' id='word_1_28' title='bbox 1000 721 1075 768; x_wconf 93' lang='lat' dir='ltr'>rem</span> <span class='ocrx_word' id='word_1_29' title='bbox 1102 698 1234 768; x_wconf 91' lang='lat' dir='ltr'>nescio</span> <span class='ocrx_word' id='word_1_30' title='bbox 1252 718 1297 766; x_wconf 88' lang='lat' dir='ltr'>an</span> 
     </span>
     <span class='ocr_line' id='line_1_5' title="bbox 201 818 1297 913; baseline -0.004 -19"><span class='ocrx_word' id='word_1_31' title='bbox 201 821 303 894; x_wconf 91' lang='lat' dir='ltr'>vobis</span> <span class='ocrx_word' id='word_1_32' title='bbox 321 821 546 913; x_wconf 77' lang='lat' dir='ltr'>incognitam,</span> <span class='ocrx_word' id='word_1_33' title='bbox 563 820 622 890; x_wconf 90' lang='lat' dir='ltr'>sed</span> <span class='ocrx_word' id='word_1_34' title='bbox 638 829 732 891; x_wconf 90' lang='lat' dir='ltr'>certe</span> <span class='ocrx_word' id='word_1_35' title='bbox 747 818 939 892; x_wconf 90' lang='lat' dir='ltr'>mirabilem</span> <span class='ocrx_word' id='word_1_36' title='bbox 961 830 996 892; x_wconf 94' lang='lat' dir='ltr'>et</span> <span class='ocrx_word' id='word_1_37' title='bbox 1016 820 1209 912; x_wconf 82' lang='lat' dir='ltr'>indignam</span> <span class='ocrx_word' id='word_1_38' title='bbox 1233 841 1297 890; x_wconf 87' lang='lat' dir='ltr'>au·</span> 
     </span>
    </p>

    <p class='ocr_par' dir='ltr' id='par_1_3' title="bbox 117 940 1294 1157">
     <span class='ocr_line' id='line_1_6' title="bbox 138 943 1294 1039; baseline -0.002 -23"><span class='ocrx_word' id='word_1_39' title='bbox 138 1034 140 1039; x_wconf 11' lang='lat' dir='ltr'>y</span> <span class='ocrx_word' id='word_1_40' title='bbox 202 945 315 1016; x_wconf 84' lang='lat' dir='ltr'>dietis.</span> <span class='ocrx_word' id='word_1_41' title='bbox 338 945 411 1015; x_wconf 92' lang='lat' dir='ltr'>Non</span> <span class='ocrx_word' id='word_1_42' title='bbox 432 944 486 1014; x_wconf 90' lang='lat' dir='ltr'>ille</span> <span class='ocrx_word' id='word_1_43' title='bbox 503 944 642 1037; x_wconf 89' lang='lat' dir='ltr'>quidem</span> <span class='ocrx_word' id='word_1_44' title='bbox 656 946 838 1034; x_wconf 75' lang='lat' dir='ltr'>neglectae,</span> <span class='ocrx_word' id='word_1_45' title='bbox 863 944 925 1015; x_wconf 90' lang='lat' dir='ltr'>sed</span> <span class='ocrx_word' id='word_1_46' title='bbox 940 945 1096 1015; x_wconf 80' lang='lat' dir='ltr'>defensae</span> <span class='ocrx_word' id='word_1_47' title='bbox 1113 943 1294 1014; x_wconf 80' lang='lat' dir='ltr'>libertatis</span> 
     </span>
     <span class='ocr_line' id='line_1_7' title="bbox 202 1064 1293 1157; baseline -0.001 -22.072"><span class='ocrx_word' id='word_1_48' title='bbox 202 1065 371 1156; x_wconf 80' lang='lat' dir='ltr'>arguitur3</span> <span class='ocrx_word' id='word_1_49' title='bbox 387 1087 450 1135; x_wconf 88' lang='lat' dir='ltr'>nec</span> <span class='ocrx_word' id='word_1_50' title='bbox 467 1065 609 1149; x_wconf 87' lang='lat' dir='ltr'>deserti,</span> <span class='ocrx_word' id='word_1_51' title='bbox 630 1064 694 1134; x_wconf 92' lang='lat' dir='ltr'>sed</span> <span class='ocrx_word' id='word_1_52' title='bbox 708 1065 863 1157; x_wconf 89' lang='lat' dir='ltr'>occupati</span> <span class='ocrx_word' id='word_1_53' title='bbox 882 1064 1036 1156; x_wconf 89' lang='lat' dir='ltr'>Capitolii</span> <span class='ocrx_word' id='word_1_54' title='bbox 1059 1085 1144 1134; x_wconf 90' lang='lat' dir='ltr'>reus</span> <span class='ocrx_word' id='word_1_55' title='bbox 1162 1073 1232 1134; x_wconf 73' lang='lat' dir='ltr'>cst,</span> <span class='ocrx_word' id='word_1_56' title='bbox 1249 1065 1293 1133; x_wconf 92' lang='lat' dir='ltr'>ll-</span> 
     </span>
    </p>

    <p class='ocr_par' dir='ltr' id='par_1_4' title="bbox 170 1186 1311 2017">
     <span class='ocr_line' id='line_1_8' title="bbox 170 1186 1292 1286; baseline -0.004 -28"><span class='ocrx_word' id='word_1_57' title='bbox 170 1261 172 1286; x_wconf 21' lang='lat'><strong><em>:</em></strong></span> <span class='ocrx_word' id='word_1_58' title='bbox 202 1188 262 1259; x_wconf 92' lang='lat' dir='ltr'>lud</span> <span class='ocrx_word' id='word_1_59' title='bbox 284 1187 349 1259; x_wconf 90' lang='lat' dir='ltr'>sibi</span> <span class='ocrx_word' id='word_1_60' title='bbox 368 1210 557 1273; x_wconf 90' lang='lat' dir='ltr'>summum,</span> <span class='ocrx_word' id='word_1_61' title='bbox 579 1199 614 1259; x_wconf 93' lang='lat' dir='ltr'>et</span> <span class='ocrx_word' id='word_1_62' title='bbox 634 1187 796 1260; x_wconf 79' lang='lat' dir='ltr'>crucibus</span> <span class='ocrx_word' id='word_1_63' title='bbox 821 1186 1032 1280; x_wconf 85' lang='lat' dir='ltr'>expiandum</span> <span class='ocrx_word' id='word_1_64' title='bbox 1055 1188 1175 1256; x_wconf 89' lang='lat' dir='ltr'>scelus</span> <span class='ocrx_word' id='word_1_65' title='bbox 1200 1186 1292 1257; x_wconf 90' lang='lat' dir='ltr'>obii-</span> 
     </span>
     <span class='ocr_line' id='line_1_9' title="bbox 201 1310 1311 1404; baseline -0.002 -22"><span class='ocrx_word' id='word_1_66' title='bbox 201 1313 290 1382; x_wconf 91' lang='lat' dir='ltr'>citur</span> <span class='ocrx_word' id='word_1_67' title='bbox 306 1312 400 1403; x_wconf 91' lang='lat' dir='ltr'>quod</span> <span class='ocrx_word' id='word_1_68' title='bbox 421 1311 591 1381; x_wconf 85' lang='lat' dir='ltr'>affirmare</span> <span class='ocrx_word' id='word_1_69' title='bbox 612 1313 877 1404; x_wconf 83' lang='lat' dir='ltr'>praesumpserit</span> <span class='ocrx_word' id='word_1_70' title='bbox 896 1331 1076 1381; x_wconf 91' lang='lat' dir='ltr'>romanum</span> <span class='ocrx_word' id='word_1_71' title='bbox 1091 1310 1289 1403; x_wconf 87' lang='lat' dir='ltr'>imperium</span> <span class='ocrx_word' id='word_1_72' title='bbox 1307 1332 1311 1342; x_wconf 89' lang='grc'><strong>’</strong></span> 
     </span>
     <span class='ocr_line' id='line_1_10' title="bbox 201 1435 1286 1527; baseline 0 -24"><span class='ocrx_word' id='word_1_73' title='bbox 201 1435 416 1505; x_wconf 88' lang='lat' dir='ltr'>nuncetiam</span> <span class='ocrx_word' id='word_1_74' title='bbox 445 1435 564 1503; x_wconf 87' lang='lat' dir='ltr'>Romae</span> <span class='ocrx_word' id='word_1_75' title='bbox 597 1442 631 1505; x_wconf 91' lang='lat' dir='ltr'>et</span> <span class='ocrx_word' id='word_1_76' title='bbox 660 1456 766 1525; x_wconf 86' lang='lat' dir='ltr'>penos</span> <span class='ocrx_word' id='word_1_77' title='bbox 793 1437 957 1527; x_wconf 93' lang='lat' dir='ltr'>populum</span> <span class='ocrx_word' id='word_1_78' title='bbox 980 1454 1165 1504; x_wconf 91' lang='lat' dir='ltr'>romanum</span> <span class='ocrx_word' id='word_1_79' title='bbox 1189 1455 1286 1506; x_wconf 88' lang='lat' dir='ltr'>esse.</span> 
     </span>
     <span class='ocr_line' id='line_1_11' title="bbox 201 1555 1288 1648; baseline 0.003 -22"><span class='ocrx_word' id='word_1_80' title='bbox 201 1555 272 1626; x_wconf 88' lang='lat' dir='ltr'>Oh!</span> <span class='ocrx_word' id='word_1_81' title='bbox 290 1555 392 1648; x_wconf 88' lang='lat' dir='ltr'>impia</span> <span class='ocrx_word' id='word_1_82' title='bbox 407 1558 545 1626; x_wconf 85' lang='lat' dir='ltr'>saecula.</span> <span class='ocrx_word' id='word_1_83' title='bbox 561 1556 632 1625; x_wconf 92' lang='lat' dir='ltr'>Oh!</span> <span class='ocrx_word' id='word_1_84' title='bbox 651 1559 877 1628; x_wconf 85' lang='lat' dir='ltr'>truculentam</span> <span class='ocrx_word' id='word_1_85' title='bbox 894 1555 1134 1626; x_wconf 81' lang='lat' dir='ltr'>invidiamon</span> <span class='ocrx_word' id='word_1_86' title='bbox 1150 1559 1157 1625; x_wconf 72' lang='grc' dir='ltr'>Ε</span> <span class='ocrx_word' id='word_1_87' title='bbox 1176 1560 1288 1629; x_wconf 86' lang='lat' dir='ltr'>male-</span> 
     </span>
     <span class='ocr_line' id='line_1_12' title="bbox 200 1678 1287 1753; baseline 0.004 -4"><span class='ocrx_word' id='word_1_88' title='bbox 200 1680 386 1751; x_wconf 87' lang='lat' dir='ltr'>volentiam</span> <span class='ocrx_word' id='word_1_89' title='bbox 406 1678 606 1749; x_wconf 90' lang='lat' dir='ltr'>inauditam.</span> <span class='ocrx_word' id='word_1_90' title='bbox 627 1681 677 1750; x_wconf 88' lang='lat' dir='ltr'>Tu</span> <span class='ocrx_word' id='word_1_91' title='bbox 692 1701 777 1750; x_wconf 89' lang='lat' dir='ltr'>vero</span> <span class='ocrx_word' id='word_1_92' title='bbox 795 1701 886 1749; x_wconf 90' lang='lat' dir='ltr'>nunc</span> <span class='ocrx_word' id='word_1_93' title='bbox 906 1678 1090 1749; x_wconf 82' lang='lat' dir='ltr'>infallibilis</span> <span class='ocrx_word' id='word_1_94' title='bbox 1109 1690 1147 1750; x_wconf 89' lang='lat' dir='ltr'>et</span> <span class='ocrx_word' id='word_1_95' title='bbox 1167 1681 1287 1753; x_wconf 90' lang='lat' dir='ltr'>incor-</span> 
     </span>
     <span class='ocr_line' id='line_1_13' title="bbox 201 1795 1286 1896; baseline 0.001 -23"><span class='ocrx_word' id='word_1_96' title='bbox 201 1814 300 1896; x_wconf 87' lang='lat' dir='ltr'>rupte</span> <span class='ocrx_word' id='word_1_97' title='bbox 327 1795 442 1874; x_wconf 76' lang='lat' dir='ltr'>rer&#39;um</span> <span class='ocrx_word' id='word_1_98' title='bbox 465 1801 595 1873; x_wconf 91' lang='lat' dir='ltr'>arbiter</span> <span class='ocrx_word' id='word_1_99' title='bbox 613 1803 750 1873; x_wconf 88' lang='lat' dir='ltr'>Christe</span> <span class='ocrx_word' id='word_1_100' title='bbox 769 1803 854 1896; x_wconf 91' lang='lat' dir='ltr'>quid</span> <span class='ocrx_word' id='word_1_101' title='bbox 874 1804 975 1894; x_wconf 79' lang='lat' dir='ltr'>agis?</span> <span class='ocrx_word' id='word_1_102' title='bbox 1002 1802 1066 1873; x_wconf 92' lang='lat' dir='ltr'>Ubi</span> <span class='ocrx_word' id='word_1_103' title='bbox 1088 1807 1286 1877; x_wconf 90' lang='lat' dir='ltr'>suntoculi</span> 
     </span>
     <span class='ocr_line' id='line_1_14' title="bbox 201 1924 1286 2017; baseline 0.003 -20"><span class='ocrx_word' id='word_1_104' title='bbox 201 1924 265 2011; x_wconf 93' lang='lat' dir='ltr'>tui,</span> <span class='ocrx_word' id='word_1_105' title='bbox 287 1925 414 2017; x_wconf 89' lang='lat' dir='ltr'>quibus</span> <span class='ocrx_word' id='word_1_106' title='bbox 444 1924 674 1996; x_wconf 91' lang='lat' dir='ltr'>humanarum</span> <span class='ocrx_word' id='word_1_107' title='bbox 707 1925 924 1996; x_wconf 90' lang='lat' dir='ltr'>miseriarum</span> <span class='ocrx_word' id='word_1_108' title='bbox 947 1924 1092 1997; x_wconf 90' lang='lat' dir='ltr'>nebulas</span> <span class='ocrx_word' id='word_1_109' title='bbox 1114 1948 1286 2000; x_wconf 87' lang='lat' dir='ltr'>serenare</span> 
     </span>
    </p>

    <p class='ocr_par' dir='ltr' id='par_1_5' title="bbox 89 2047 1286 3367">
     <span class='ocr_line' id='line_1_15' title="bbox 89 2047 1286 2142; baseline 0.003 -24"><span class='ocrx_word' id='word_1_110' title='bbox 89 2119 91 2129; x_wconf 79' lang='grc'>,</span> <span class='ocrx_word' id='word_1_111' title='bbox 201 2049 323 2119; x_wconf 92' lang='lat' dir='ltr'>solitus</span> <span class='ocrx_word' id='word_1_112' title='bbox 344 2051 410 2119; x_wconf 80' lang='lat' dir='ltr'>esl-</span> <span class='ocrx_word' id='word_1_113' title='bbox 424 2049 493 2118; x_wconf 87' lang='lat' dir='ltr'>Cur</span> <span class='ocrx_word' id='word_1_114' title='bbox 514 2048 589 2118; x_wconf 92' lang='lat' dir='ltr'>illos</span> <span class='ocrx_word' id='word_1_115' title='bbox 610 2048 763 2119; x_wconf 80' lang='lat' dir='ltr'>avertis?</span> <span class='ocrx_word' id='word_1_116' title='bbox 785 2049 853 2119; x_wconf 91' lang='lat' dir='ltr'>Cur</span> <span class='ocrx_word' id='word_1_117' title='bbox 874 2071 943 2119; x_wconf 91' lang='lat' dir='ltr'>non</span> <span class='ocrx_word' id='word_1_118' title='bbox 975 2047 1114 2142; x_wconf 88' lang='lat' dir='ltr'>ancipiti</span> <span class='ocrx_word' id='word_1_119' title='bbox 1137 2050 1286 2122; x_wconf 84' lang='lat' dir='ltr'>fulmine</span> 
     </span>
     <span class='ocr_line' id='line_1_16' title="bbox 201 2171 1286 2268; baseline 0.002 -26"><span class='ocrx_word' id='word_1_120' title='bbox 201 2192 341 2242; x_wconf 88' lang='lat' dir='ltr'>causam</span> <span class='ocrx_word' id='word_1_121' title='bbox 359 2171 493 2241; x_wconf 92' lang='lat' dir='ltr'>dirimis</span> <span class='ocrx_word' id='word_1_122' title='bbox 515 2173 742 2242; x_wconf 77' lang='lat' dir='ltr'>sceleratam?</span> <span class='ocrx_word' id='word_1_123' title='bbox 766 2171 839 2240; x_wconf 86' lang='lat' dir='ltr'>Etsi</span> <span class='ocrx_word' id='word_1_124' title='bbox 861 2193 930 2242; x_wconf 91' lang='lat' dir='ltr'>non</span> <span class='ocrx_word' id='word_1_125' title='bbox 952 2192 1142 2255; x_wconf 90' lang='lat' dir='ltr'>meremur,</span> <span class='ocrx_word' id='word_1_126' title='bbox 1163 2173 1286 2268; x_wconf 87' lang='lat' dir='ltr'>aspice</span> 
     </span>
     <span class='ocr_line' id='line_1_17' title="bbox 200 2292 1286 2386; baseline 0.007 -26"><span class='ocrx_word' id='word_1_127' title='bbox 200 2292 234 2361; x_wconf 92' lang='lat' dir='ltr'>in</span> <span class='ocrx_word' id='word_1_128' title='bbox 249 2293 313 2363; x_wconf 77' lang='lat' dir='ltr'>uo&#39;s</span> <span class='ocrx_word' id='word_1_129' title='bbox 326 2305 362 2364; x_wconf 90' lang='lat' dir='ltr'>et</span> <span class='ocrx_word' id='word_1_130' title='bbox 376 2295 540 2365; x_wconf 91' lang='lat' dir='ltr'>miserere</span> <span class='ocrx_word' id='word_1_131' title='bbox 557 2294 676 2364; x_wconf 88' lang='lat' dir='ltr'>nostri.</span> <span class='ocrx_word' id='word_1_132' title='bbox 695 2294 842 2386; x_wconf 88' lang='lat' dir='ltr'>Respice</span> <span class='ocrx_word' id='word_1_133' title='bbox 862 2293 1020 2364; x_wconf 89' lang='lat' dir='ltr'>inimicos</span> <span class='ocrx_word' id='word_1_134' title='bbox 1038 2304 1199 2381; x_wconf 55' lang='lat' dir='ltr'>nostros</span> <span class='ocrx_word' id='word_1_135' title='bbox 1219 2319 1286 2368; x_wconf 91' lang='lat' dir='ltr'>nec</span> 
     </span>
     <span class='ocr_line' id='line_1_18' title="bbox 202 2416 1286 2510; baseline 0.006 -26"><span class='ocrx_word' id='word_1_136' title='bbox 202 2417 316 2486; x_wconf 90' lang='lat' dir='ltr'>miuus</span> <span class='ocrx_word' id='word_1_137' title='bbox 335 2425 431 2499; x_wconf 90' lang='lat' dir='ltr'>tuos,</span> <span class='ocrx_word' id='word_1_138' title='bbox 453 2417 615 2507; x_wconf 87' lang='lat' dir='ltr'>quoniam</span> <span class='ocrx_word' id='word_1_139' title='bbox 639 2416 849 2509; x_wconf 91' lang='lat' dir='ltr'>multiplicati</span> <span class='ocrx_word' id='word_1_140' title='bbox 874 2426 968 2500; x_wconf 89' lang='lat' dir='ltr'>sunt,</span> <span class='ocrx_word' id='word_1_141' title='bbox 997 2428 1032 2488; x_wconf 90' lang='lat' dir='ltr'>et</span> <span class='ocrx_word' id='word_1_142' title='bbox 1061 2416 1142 2487; x_wconf 93' lang='lat' dir='ltr'>odio</span> <span class='ocrx_word' id='word_1_143' title='bbox 1161 2416 1286 2510; x_wconf 86' lang='lat' dir='ltr'>iniquo</span> 
     </span>
     <span class='ocr_line' id='line_1_19' title="bbox 200 2517 1284 2633; baseline 0.003 -24"><span class='ocrx_word' id='word_1_144' title='bbox 200 2537 349 2609; x_wconf 88' lang='lat' dir='ltr'>oderunt</span> <span class='ocrx_word' id='word_1_145' title='bbox 364 2557 443 2620; x_wconf 83' lang='lat' dir='ltr'>nos,</span> <span class='ocrx_word' id='word_1_146' title='bbox 466 2561 529 2608; x_wconf 90' lang='lat' dir='ltr'>nec</span> <span class='ocrx_word' id='word_1_147' title='bbox 550 2541 665 2608; x_wconf 91' lang='lat' dir='ltr'>minus</span> <span class='ocrx_word' id='word_1_148' title='bbox 688 2517 739 2609; x_wconf 59' lang='lat' dir='ltr'>tes</span> <span class='ocrx_word' id='word_1_149' title='bbox 755 2541 928 2622; x_wconf 88' lang='lat' dir='ltr'>Discerne,</span> <span class='ocrx_word' id='word_1_150' title='bbox 956 2561 1173 2633; x_wconf 75' lang='lat' dir='ltr'>quaesumus</span> <span class='ocrx_word' id='word_1_151' title='bbox 1190 2542 1284 2612; x_wconf 89' lang='lat' dir='ltr'>iuter</span> 
     </span>
     <span class='ocr_line' id='line_1_20' title="bbox 199 2659 1284 2755; baseline 0.006 -26"><span class='ocrx_word' id='word_1_152' title='bbox 199 2670 315 2751; x_wconf 89' lang='lat' dir='ltr'>partes</span> <span class='ocrx_word' id='word_1_153' title='bbox 337 2659 429 2729; x_wconf 90' lang='lat' dir='ltr'>omui</span> <span class='ocrx_word' id='word_1_154' title='bbox 450 2683 496 2731; x_wconf 78' lang='lat' dir='ltr'>ex</span> <span class='ocrx_word' id='word_1_155' title='bbox 517 2670 616 2752; x_wconf 86' lang='lat' dir='ltr'>parte</span> <span class='ocrx_word' id='word_1_156' title='bbox 635 2660 834 2732; x_wconf 90' lang='lat' dir='ltr'>dissimiles.</span> <span class='ocrx_word' id='word_1_157' title='bbox 858 2663 1013 2755; x_wconf 89' lang='lat' dir='ltr'>Denique</span> <span class='ocrx_word' id='word_1_158' title='bbox 1033 2662 1077 2732; x_wconf 89' lang='lat' dir='ltr'>de</span> <span class='ocrx_word' id='word_1_159' title='bbox 1098 2665 1202 2734; x_wconf 86' lang='lat' dir='ltr'>vultu</span> <span class='ocrx_word' id='word_1_160' title='bbox 1224 2676 1284 2736; x_wconf 93' lang='lat' dir='ltr'>tuo</span> 
     </span>
     <span class='ocr_line' id='line_1_21' title="bbox 200 2783 1283 2881; baseline 0.011 -30"><span class='ocrx_word' id='word_1_161' title='bbox 200 2783 362 2855; x_wconf 89' lang='lat' dir='ltr'>iudicium</span> <span class='ocrx_word' id='word_1_162' title='bbox 377 2794 534 2857; x_wconf 90' lang='lat' dir='ltr'>nostrum</span> <span class='ocrx_word' id='word_1_163' title='bbox 549 2786 708 2879; x_wconf 87' lang='lat' dir='ltr'>prodeat,</span> <span class='ocrx_word' id='word_1_164' title='bbox 730 2789 821 2859; x_wconf 92' lang='lat' dir='ltr'>oculi</span> <span class='ocrx_word' id='word_1_165' title='bbox 840 2789 888 2858; x_wconf 94' lang='lat' dir='ltr'>tui</span> <span class='ocrx_word' id='word_1_166' title='bbox 906 2787 1048 2858; x_wconf 89' lang='lat' dir='ltr'>videant</span> <span class='ocrx_word' id='word_1_167' title='bbox 1065 2789 1283 2881; x_wconf 80' lang='lat' dir='ltr'>aequitatem.</span> 
     </span>
     <span class='ocr_line' id='line_1_22' title="bbox 200 2908 1285 3006; baseline 0.01 -30"><span class='ocrx_word' id='word_1_168' title='bbox 200 2908 302 2978; x_wconf 87' lang='lat' dir='ltr'>Certe</span> <span class='ocrx_word' id='word_1_169' title='bbox 319 2909 348 2980; x_wconf 88' lang='lat' dir='ltr'>si</span> <span class='ocrx_word' id='word_1_170' title='bbox 369 2909 450 3001; x_wconf 81' lang='lat' dir='ltr'>iugo</span> <span class='ocrx_word' id='word_1_171' title='bbox 465 2933 620 2993; x_wconf 91' lang='lat' dir='ltr'>romano,</span> <span class='ocrx_word' id='word_1_172' title='bbox 643 2910 735 3003; x_wconf 89' lang='lat' dir='ltr'>quod</span> <span class='ocrx_word' id='word_1_173' title='bbox 753 2912 905 2981; x_wconf 90' lang='lat' dir='ltr'>omnium</span> <span class='ocrx_word' id='word_1_174' title='bbox 919 2911 1152 2982; x_wconf 91' lang='lat' dir='ltr'>iustissimum</span> <span class='ocrx_word' id='word_1_175' title='bbox 1174 2925 1285 3006; x_wconf 85' lang='lat' dir='ltr'>atque</span> 
     </span>
     <span class='ocr_line' id='line_1_23' title="bbox 200 3033 1282 3128; baseline 0.009 -29"><span class='ocrx_word' id='word_1_176' title='bbox 200 3033 445 3104; x_wconf 90' lang='lat' dir='ltr'>suavissimum</span> <span class='ocrx_word' id='word_1_177' title='bbox 464 3036 538 3119; x_wconf 91' lang='lat' dir='ltr'>luit,</span> <span class='ocrx_word' id='word_1_178' title='bbox 571 3036 685 3128; x_wconf 88' lang='lat' dir='ltr'>aliqua</span> <span class='ocrx_word' id='word_1_179' title='bbox 707 3056 807 3126; x_wconf 77' lang='lat' dir='ltr'>gens,</span> <span class='ocrx_word' id='word_1_180' title='bbox 843 3034 910 3106; x_wconf 93' lang='lat' dir='ltr'>imo</span> <span class='ocrx_word' id='word_1_181' title='bbox 932 3056 1016 3107; x_wconf 89' lang='lat' dir='ltr'>vero</span> <span class='ocrx_word' id='word_1_182' title='bbox 1037 3056 1123 3125; x_wconf 81' lang='lat' dir='ltr'>gens</span> <span class='ocrx_word' id='word_1_183' title='bbox 1144 3039 1282 3124; x_wconf 85' lang='lat' dir='ltr'>omnis,</span> 
     </span>
     <span class='ocr_line' id='line_1_24' title="bbox 201 3157 1285 3248; baseline 0.008 -26"><span class='ocrx_word' id='word_1_184' title='bbox 201 3162 237 3223; x_wconf 94' lang='lat' dir='ltr'>ut</span> <span class='ocrx_word' id='word_1_185' title='bbox 258 3157 442 3237; x_wconf 86' lang='lat' dir='ltr'>cernimus,</span> <span class='ocrx_word' id='word_1_186' title='bbox 463 3158 572 3228; x_wconf 88' lang='lat' dir='ltr'>voluit</span> <span class='ocrx_word' id='word_1_187' title='bbox 592 3160 679 3228; x_wconf 89' lang='lat' dir='ltr'>oolla</span> <span class='ocrx_word' id='word_1_188' title='bbox 700 3158 908 3243; x_wconf 86' lang='lat' dir='ltr'>subducere,</span> <span class='ocrx_word' id='word_1_189' title='bbox 933 3157 1014 3227; x_wconf 91' lang='lat' dir='ltr'>nibil</span> <span class='ocrx_word' id='word_1_190' title='bbox 1036 3158 1208 3248; x_wconf 89' lang='lat' dir='ltr'>estquod</span> <span class='ocrx_word' id='word_1_191' title='bbox 1229 3160 1285 3231; x_wconf 93' lang='lat' dir='ltr'>in-</span> 
     </span>
     <span class='ocr_line' id='line_1_25' title="bbox 198 3274 1286 3367; baseline 0.005 -22"><span class='ocrx_word' id='word_1_192' title='bbox 198 3274 381 3367; x_wconf 84' lang='lat' dir='ltr'>dignemur</span> <span class='ocrx_word' id='word_1_193' title='bbox 397 3289 458 3349; x_wconf 90' lang='lat' dir='ltr'>aut</span> <span class='ocrx_word' id='word_1_194' title='bbox 478 3279 653 3349; x_wconf 88' lang='lat' dir='ltr'>miremur.</span> <span class='ocrx_word' id='word_1_195' title='bbox 681 3280 743 3349; x_wconf 88' lang='lat' dir='ltr'>Est</span> <span class='ocrx_word' id='word_1_196' title='bbox 760 3280 852 3349; x_wconf 87' lang='lat' dir='ltr'>enim</span> <span class='ocrx_word' id='word_1_197' title='bbox 874 3279 1000 3359; x_wconf 87' lang='lat' dir='ltr'>animis</span> <span class='ocrx_word' id='word_1_198' title='bbox 1022 3277 1220 3351; x_wconf 87' lang='lat' dir='ltr'>mortalium</span> <span class='ocrx_word' id='word_1_199' title='bbox 1241 3281 1286 3353; x_wconf 92' lang='lat' dir='ltr'>li-</span> 
     </span>
    </p>

    <p class='ocr_par' dir='ltr' id='par_1_6' title="bbox 114 3361 1285 3520">
     <span class='ocr_line' id='line_1_26' title="bbox 181 3361 1285 3520; baseline 0.006 -51.599"><span class='ocrx_word' id='word_1_200' title='bbox 181 3361 341 3520; x_wconf 60' lang='lat' dir='ltr'>{hortaris</span> <span class='ocrx_word' id='word_1_201' title='bbox 372 3401 497 3472; x_wconf 86' lang='lat' dir='ltr'>insitus</span> <span class='ocrx_word' id='word_1_202' title='bbox 518 3401 705 3495; x_wconf 89' lang='lat' dir='ltr'>appetitus,</span> <span class='ocrx_word' id='word_1_203' title='bbox 740 3423 833 3494; x_wconf 84' lang='lat' dir='ltr'>saepe</span> <span class='ocrx_word' id='word_1_204' title='bbox 860 3401 963 3473; x_wconf 88' lang='lat' dir='ltr'>etiam</span> <span class='ocrx_word' id='word_1_205' title='bbox 990 3399 1209 3472; x_wconf 89' lang='lat' dir='ltr'>inconsultus</span> <span class='ocrx_word' id='word_1_206' title='bbox 1239 3425 1285 3475; x_wconf 94' lang='lat' dir='ltr'>ac</span> 
     </span>
    </p>

    <p class='ocr_par' dir='ltr' id='par_1_7' title="bbox 181 3521 1283 3618">
     <span class='ocr_line' id='line_1_27' title="bbox 181 3523 1283 3618; baseline 0.007 -26"><span class='ocrx_word' id='word_1_207' title='bbox 181 3544 370 3618; x_wconf 65' lang='lat' dir='ltr'>:praeceps</span> <span class='ocrx_word' id='word_1_208' title='bbox 397 3538 432 3596; x_wconf 89' lang='lat' dir='ltr'>et</span> <span class='ocrx_word' id='word_1_209' title='bbox 453 3524 646 3618; x_wconf 89' lang='lat' dir='ltr'>saepedum</span> <span class='ocrx_word' id='word_1_210' title='bbox 668 3547 790 3617; x_wconf 88' lang='lat' dir='ltr'>parere</span> <span class='ocrx_word' id='word_1_211' title='bbox 812 3523 1012 3596; x_wconf 87' lang='lat' dir='ltr'>melioribus</span> <span class='ocrx_word' id='word_1_212' title='bbox 1032 3523 1143 3617; x_wconf 88' lang='lat' dir='ltr'>pudor</span> <span class='ocrx_word' id='word_1_213' title='bbox 1165 3537 1283 3613; x_wconf 88' lang='lat' dir='ltr'>vetat,</span> 
     </span>
    </p>

    <p class='ocr_par' dir='ltr' id='par_1_8' title="bbox 180 3620 1286 3742">
     <span class='ocr_line' id='line_1_28' title="bbox 180 3620 1286 3742; baseline 0.008 -29"><span class='ocrx_word' id='word_1_214' title='bbox 180 3620 256 3742; x_wconf 46' lang='lat' dir='ltr'>iqui</span> <span class='ocrx_word' id='word_1_215' title='bbox 274 3643 361 3718; x_wconf 86' lang='lat' dir='ltr'>bene</span> <span class='ocrx_word' id='word_1_216' title='bbox 382 3645 568 3717; x_wconf 84' lang='lat' dir='ltr'>subessent</span> <span class='ocrx_word' id='word_1_217' title='bbox 589 3649 677 3717; x_wconf 91' lang='lat' dir='ltr'>male</span> <span class='ocrx_word' id='word_1_218' title='bbox 698 3645 903 3739; x_wconf 90' lang='lat' dir='ltr'>praesident:</span> <span class='ocrx_word' id='word_1_219' title='bbox 928 3646 978 3718; x_wconf 91' lang='lat' dir='ltr'>sic</span> <span class='ocrx_word' id='word_1_220' title='bbox 990 3646 1105 3717; x_wconf 89' lang='lat' dir='ltr'>omnia</span> <span class='ocrx_word' id='word_1_221' title='bbox 1126 3647 1286 3721; x_wconf 91' lang='lat' dir='ltr'>miscen-</span> 
     </span>
    </p>

    <p class='ocr_par' dir='ltr' id='par_1_9' title="bbox 178 3750 1286 3862">
     <span class='ocr_line' id='line_1_29' title="bbox 178 3750 1286 3862; baseline 0.005 -26"><span class='ocrx_word' id='word_1_222' title='bbox 178 3750 255 3859; x_wconf 67' lang='lat' dir='ltr'>{tur</span> <span class='ocrx_word' id='word_1_223' title='bbox 275 3791 315 3840; x_wconf 89' lang='lat' dir='ltr'>ac</span> <span class='ocrx_word' id='word_1_224' title='bbox 335 3769 528 3855; x_wconf 87' lang='lat' dir='ltr'>turbantur,</span> <span class='ocrx_word' id='word_1_225' title='bbox 552 3769 643 3841; x_wconf 89' lang='lat' dir='ltr'>unde</span> <span class='ocrx_word' id='word_1_226' title='bbox 661 3791 906 3862; x_wconf 88' lang='lat' dir='ltr'>nonnunquam</span> <span class='ocrx_word' id='word_1_227' title='bbox 928 3768 966 3839; x_wconf 85' lang='lat' dir='ltr'>in</span> <span class='ocrx_word' id='word_1_228' title='bbox 986 3771 1061 3839; x_wconf 88' lang='lat' dir='ltr'>loco</span> <span class='ocrx_word' id='word_1_229' title='bbox 1086 3767 1186 3859; x_wconf 79' lang='lat' dir='ltr'>digni</span> <span class='ocrx_word' id='word_1_230' title='bbox 1215 3773 1286 3842; x_wconf 89' lang='lat' dir='ltr'>im-</span> 
     </span>
    </p>

    <p class='ocr_par' dir='ltr' id='par_1_10' title="bbox 174 3877 1286 3986">
     <span class='ocr_line' id='line_1_30' title="bbox 197 3878 1286 3983; baseline 0.006 -21.855"><span class='ocrx_word' id='word_1_231' title='bbox 197 3893 283 3982; x_wconf 90' lang='lat' dir='ltr'>perii</span> <span class='ocrx_word' id='word_1_232' title='bbox 303 3891 483 3963; x_wconf 91' lang='lat' dir='ltr'>servitium</span> <span class='ocrx_word' id='word_1_233' title='bbox 506 3878 699 3983; x_wconf 80' lang='lat' dir='ltr'>indignum,</span> <span class='ocrx_word' id='word_1_234' title='bbox 723 3905 757 3964; x_wconf 89' lang='lat' dir='ltr'>et</span> <span class='ocrx_word' id='word_1_235' title='bbox 776 3894 809 3963; x_wconf 91' lang='lat' dir='ltr'>in</span> <span class='ocrx_word' id='word_1_236' title='bbox 830 3895 903 3964; x_wconf 90' lang='lat' dir='ltr'>loco</span> <span class='ocrx_word' id='word_1_237' title='bbox 925 3890 1006 3963; x_wconf 94' lang='lat' dir='ltr'>iusti</span> <span class='ocrx_word' id='word_1_238' title='bbox 1033 3891 1166 3963; x_wconf 90' lang='lat' dir='ltr'>servitii</span> <span class='ocrx_word' id='word_1_239' title='bbox 1187 3894 1286 3968; x_wconf 89' lang='lat' dir='ltr'>iniu-</span> 
     </span>
    </p>

    <p class='ocr_par' dir='ltr' id='par_1_11' title="bbox 172 3997 1286 4240">
     <span class='ocr_line' id='line_1_31' title="bbox 172 3997 1286 4111; baseline 0.012 -29"><span class='ocrx_word' id='word_1_240' title='bbox 172 3997 289 4084; x_wconf 81' lang='lat' dir='ltr'>stum</span> <span class='ocrx_word' id='word_1_241' title='bbox 306 4011 485 4111; x_wconf 90' lang='lat' dir='ltr'>imperium</span> <span class='ocrx_word' id='word_1_242' title='bbox 507 4016 681 4087; x_wconf 85' lang='lat' dir='ltr'>videmus.</span> <span class='ocrx_word' id='word_1_243' title='bbox 709 4016 811 4099; x_wconf 87' lang='lat' dir='ltr'>Quod</span> <span class='ocrx_word' id='word_1_244' title='bbox 836 4017 902 4087; x_wconf 91' lang='lat' dir='ltr'>nisi</span> <span class='ocrx_word' id='word_1_245' title='bbox 928 4018 976 4087; x_wconf 91' lang='lat' dir='ltr'>ita</span> <span class='ocrx_word' id='word_1_246' title='bbox 1001 4028 1110 4100; x_wconf 88' lang='lat' dir='ltr'>esset,</span> <span class='ocrx_word' id='word_1_247' title='bbox 1138 4023 1286 4095; x_wconf 88' lang='lat' dir='ltr'>meliori</span> 
     </span>
     <span class='ocr_line' id='line_1_32' title="bbox 197 4137 1282 4240; baseline 0.013 -35"><span class='ocrx_word' id='word_1_248' title='bbox 197 4137 272 4207; x_wconf 92' lang='lat' dir='ltr'>loco</span> <span class='ocrx_word' id='word_1_249' title='bbox 299 4149 419 4210; x_wconf 88' lang='lat' dir='ltr'>essent</span> <span class='ocrx_word' id='word_1_250' title='bbox 451 4161 509 4211; x_wconf 87' lang='lat' dir='ltr'>res</span> <span class='ocrx_word' id='word_1_251' title='bbox 543 4141 725 4224; x_wconf 86' lang='lat' dir='ltr'>humanae,</span> <span class='ocrx_word' id='word_1_252' title='bbox 754 4149 789 4211; x_wconf 90' lang='lat' dir='ltr'>et</span> <span class='ocrx_word' id='word_1_253' title='bbox 821 4141 935 4213; x_wconf 90' lang='lat' dir='ltr'>adhuc</span> <span class='ocrx_word' id='word_1_254' title='bbox 964 4140 1128 4212; x_wconf 90' lang='lat' dir='ltr'>incolumi</span> <span class='ocrx_word' id='word_1_255' title='bbox 1147 4147 1282 4240; x_wconf 90' lang='lat' dir='ltr'>capite,</span> 
     </span>
    </p>
   </div>
   <div class='ocr_carea' id='block_1_3' title="bbox 84 3479 112 3514">
    <p class='ocr_par' dir='ltr' id='par_1_12' title="bbox 84 3479 112 3514">
     <span class='ocr_line' id='line_1_33' title="bbox 84 3479 112 3514; baseline 0 0"><span class='ocrx_word' id='word_1_256' title='bbox 84 3479 112 3514; x_wconf 66' lang='lat' dir='ltr'>&gt;s</span> 
     </span>
    </p>
   </div>
   <div class='ocr_carea' id='block_1_4' title="bbox 0 0 1474 4650">
    <p class='ocr_par' dir='ltr' id='par_1_13' title="bbox 0 0 1474 4650">
     <span class='ocr_line' id='line_1_34' title="bbox 0 0 1474 4650; baseline 0 0"><span class='ocrx_word' id='word_1_257' title='bbox 0 0 1474 4650; x_wconf 95' lang='lat' dir='ltr'> </span> 
     </span>
    </p>
   </div>
  </div>
 </body>
</html>
