2992 4664
200 267 258 380 :330
641 287 803 336 1111111111

201 425 267 497 sibi
288 385 443 498 breviter
463 428 628 515 scribam,
661 441 699 501 et
730 454 810 503 eum
837 454 978 525 quoque
1001 431 1046 502 ad
1060 433 1130 523 *bas
1153 433 1292 505 litteras

202 561 390 642 remittam,
414 585 457 632 ue
477 563 641 634 minutias
662 573 698 633 et
718 562 860 635 fabellas
888 585 982 635 meas
1002 585 1096 656 saepe
1115 576 1289 657 repetam,

201 683 393 776 dequibus
416 686 483 754 scis
505 684 601 778 quod
619 708 795 779 nunquam
824 686 883 758 tibi
911 686 1040 780 aliquid
1062 688 1204 778 scripsi,
1229 709 1292 757 ne-

201 826 270 896 que
290 827 383 876 nunc
402 805 544 897 quidem
566 810 698 878 fueram
726 809 936 902 scripturae,
959 810 1026 879 nisi
1053 808 1135 900 quia
1157 808 1210 878 sic
1231 830 1290 880 ros

203 949 348 1020 poscere
371 929 446 999 visa
475 938 539 1000 est.
564 932 606 1002 lit
634 946 738 1013 nunc,
773 934 896 1015 frater,
921 930 1029 1003 habes
1056 942 1162 1002 totam
1197 931 1291 1002 bano

204 1046 383 1122 historiam
398 1053 634 1123 necessariam
651 1052 887 1146 potiusquam
905 1053 1107 1137 iucundam,
1128 1054 1158 1124 si
1179 1077 1290 1141 uuum

204 1172 370 1244 addidero
386 1175 479 1265 quod
497 1188 622 1272 posset
643 1179 758 1245 lorsau
773 1177 806 1245 in
820 1175 1032 1268 colloquium
1053 1176 1188 1247 venire.
1201 1177 1290 1246 Nam

205 1294 235 1365 si
256 1306 357 1386 roget
382 1297 418 1364 iu
442 1296 536 1367 bunc
568 1298 727 1369 modum:
755 1299 905 1386 quamuis
935 1298 1131 1366 nominatim
1161 1299 1292 1371 “nescias

204 1417 284 1508 qaid
305 1417 486 1510 petendum
506 1421 557 1502 sit,
580 1422 673 1488 cuins
691 1422 820 1511 faenoris
845 1432 954 1490 tomen
980 1420 1133 1511 beneficia
1162 1428 1292 1511 optares

205 1537 339 1610 edicito:
358 1521 486 1610 ,dicam
519 1541 615 1631 quod
645 1543 739 1634 apud
765 1544 966 1613 Ciceronem
1000 1542 1118 1612 Cotta:
1140 1534 1292 1611 omnibus

204 1665 285 1750 sere,
311 1663 438 1755 iuquit,
469 1665 506 1732 in
526 1666 621 1732 telins
642 1663 720 1753 quiid
746 1687 814 1733 non
843 1666 885 1734 ait
912 1666 1005 1734 citius
1037 1686 1137 1754 qaum
1154 1663 1234 1754 quid
1252 1668 1294 1735 tn't

206 1782 361 1854 dicerint.
392 1785 615 1855 Praelaturam
649 1785 782 1876 itaque.
801 1787 930 1856 nullam
965 1787 1060 1867 volo,
1099 1807 1164 1856 nec
1196 1786 1294 1858 volui

207 1906 347 1997 quidem
378 1929 545 1997 unquam;
592 1906 750 1977 similiter
786 1929 851 1976 uec
888 1905 1096 1977 beneficium
1132 1916 1293 1992 curatum

206 2028 455 2120 quodcunque,
478 2030 641 2119 quamvis
662 2028 988 2121 opulentissimum3
1015 2030 1102 2099 satis
1126 2040 1182 2099 eet
1207 2028 1294 2097 mibi

208 2151 312 2220 unius
334 2150 460 2221 animae
485 2171 574 2220 meae
594 2171 694 2221 cura:
707 2161 812 2242 atque
825 2149 953 2221 utinam
969 2150 1015 2219 illi
1034 2149 1093 2220 uni
1107 2150 1292 2219 sufficiam!

205 2273 257 2342 De
273 2273 412 2363 reliquo
434 2273 535 2342 saciat
555 2272 720 2342 dominus
742 2284 878 2354 noster,
902 2282 939 2342 ut
964 2271 1028 2341 sibi
1051 2273 1229 2363 placuerit,
1256 2286 1294 2345 ut

207 2416 318 2469 uuum
338 2394 425 2463 sciat
442 2391 537 2484 quod
556 2394 631 2463 sive
647 2394 729 2463 mibi
746 2395 943 2485 provideat,
963 2395 1040 2464 sive
1058 2417 1141 2476 nou,
1165 2414 1294 2465 servus

208 2536 295 2586 suus
317 2536 410 2596 sum,
439 2515 602 2603 quamvis
622 2515 668 2585 ad
689 2515 770 2584 nihil
800 2517 912 2599 utilis,
946 2525 982 2587 at
1008 2515 1120 2586 fidelis
1151 2517 1293 2599 saltem,

208 2657 334 2724 meque
357 2633 430 2703 suis
452 2632 559 2703 iussis
577 2633 768 2706 obnoxium
793 2639 917 2720 fateor,
944 2648 979 2708 et
1006 2636 1079 2707 suis
1105 2637 1185 2707 olim
1208 2637 1295 2706 allo-

208 2756 319 2848 quiis,
343 2767 378 2826 et
398 2778 489 2826 nunc
508 2755 581 2826 suis
600 2756 726 2826 litteris
749 2757 935 2848 insiguiter
953 2759 1171 2842 honoratum,
1194 2759 1296 2828 itaut

211 2856 367 2950 sibinen
387 2880 456 2950 iam
484 2901 549 2951 sua
572 2879 780 2953 liberalitate
810 2880 987 2965 devotior,
1019 2879 1083 2951 sed
1108 2880 1293 2972 obligatior

209 2999 284 3072 fieri
298 3003 440 3093 possim.
461 3003 548 3074 lllud
561 3025 702 3095 quoque
722 3002 789 3071 sibi
809 3003 1024 3095 persuadeas
1041 3002 1149 3095 quod,
1166 3003 1294 3096 siquid

212 3122 296 3194 mibi
314 3126 512 3208 contulerit,
530 3126 680 3218 idipsum
694 3126 762 3198 cito
775 3127 874 3198 alteri
894 3129 1052 3203 conferre
1070 3125 1205 3217 poterit.
1224 3125 1295 3216 Ego

210 3246 299 3314 enim
316 3247 385 3313 iam
405 3244 540 3327 delibor,
563 3259 610 3328 et,
637 3258 673 3318 ut
696 3251 846 3332 aestimo,
872 3259 998 3339 tempas
1017 3270 1095 3318 tneoe
1123 3248 1296 3316 resolutio-

210 3369 262 3437 nis
287 3367 389 3443 instat
393 3421 448 3436 .....
481 3368 574 3438 Heu!
611 3370 696 3446 mibi
726 3372 856 3442 misero
884 3371 965 3462 quia
995 3392 1075 3463 quae
1103 3378 1298 3461 sequuntur

210 3490 326 3563 dicere
344 3513 411 3561 uon
429 3510 586 3582 possum.
602 3493 704 3564 Certe
720 3492 943 3583 ego,srater‚
962 3504 1089 3584 praeter
1105 3493 1296 3564 naturalem

211 3613 295 3685 vitae
320 3616 447 3704 legem,
471 3634 551 3704 quae
578 3634 645 3683 non
667 3623 722 3684 est
748 3615 843 3712 aliud
863 3614 969 3707 quam
991 3635 1117 3685 cursus
1139 3613 1185 3684 ad
1207 3635 1299 3685 mor·

212 3746 278 3806 tem
297 3734 415 3806 brevis
436 3748 472 3808 et
492 3735 667 3820 lubricuS,
692 3737 803 3808 sentio
825 3760 881 3809 me
912 3740 946 3808 in
977 3736 1054 3807 dies
1080 3739 1170 3807 ultra
1195 3737 1297 3807 etiam

95 3842 99 3849 ¹
215 3860 329 3930 aetatis
350 3858 563 3949 exigentiam
587 3859 674 3951 rapi,
688 3870 737 3943 >ot
753 3860 983 3935 vehementer
1003 3858 1174 3941 imminui,
1196 3868 1299 3949 atque

216 3980 349 4052 umbrae
371 3981 408 4050 in
429 4005 561 4054 morem
588 4003 811 4059 evanescere.
840 3983 893 4051 ue>
913 4004 984 4074 quo
1009 3982 1116 4051 miror
1142 3981 1297 4073 quidem,

212 4100 296 4191 qnia
318 4126 386 4175 non
408 4103 455 4176 ita
474 4103 559 4188 vixi,
576 4103 640 4176 nisi
658 4106 774 4190 fallor,
799 4103 885 4176 utid
906 4105 1021 4177 adhuc
1044 4104 1130 4174 mibi
1155 4102 1301 4175 deberet
