2730 4680
346 333 439 383 uranu
459 331 850 385 wensinus-urimonte
876 336 918 384 111.
1131 329 1170 391 13

98 474 213 542 celera.
240 468 316 541 Non
344 481 376 542 te
401 480 488 542 aetas
516 480 641 541 teneat.
669 470 793 541 Senior
818 471 948 544 Aratus
974 472 1170 570 Sicyonem,

98 593 206 666 senior
228 589 435 663 Trasibulus
452 589 620 677 Athenas,
640 593 756 666 senior
776 593 942 666 Camillus
963 595 1086 667 urbem
1104 597 1172 671 Ro

96 739 181 790 mam
204 713 352 786 servitio
369 712 542 785 liberavit.
564 713 664 787 Pium
684 715 818 806 geritur
840 719 1017 809 negotium
1039 729 1074 791 et
1090 719 1173 792 huic

97 838 247 909 maxime
269 835 428 908 debitum
448 837 551 920 aetati,
574 837 747 909 dissoluta
763 838 885 933 patriae
903 839 1059 914 membra
1078 863 1173 914 com-

96 980 229 1052 ponere,
250 966 288 1029 ut
305 958 448 1029 meliora
465 958 698 1031 deterioribus
717 958 897 1055 imperent.
918 960 1025 1032 Cuius
1045 963 1076 1033 si
1092 985 1174 1036 con-

57 1120 58 1123 *
98 1084 235 1154 tranium
258 1079 330 1165 fiat,
358 1103 502 1155 necesse
528 1091 583 1154 est
617 1091 655 1154 ut
681 1082 832 1155 hominis
858 1082 908 1155 sic
935 1083 1088 1156 civitatis
1114 1097 1174 1159 aut

98 1204 187 1297 regni
209 1223 340 1297 corpus
362 1203 494 1276 morbis
520 1205 785 1299 erumpentibus
807 1206 1009 1279 intabescat.
1035 1207 1175 1280 Pericli-

97 1329 155 1399 tari
174 1340 211 1400 et
232 1336 405 1420 aegrotare
426 1329 548 1422 patriae
566 1339 636 1400 tuae
655 1339 766 1403 status
785 1329 911 1424 incipit.
931 1331 978 1400 Te
995 1329 1043 1400 illi
1060 1330 1173 1401 civem

97 1451 290 1540 egregium,
319 1460 353 1521 te
379 1450 554 1522 medicum
587 1450 732 1535 exhibe,
768 1462 802 1523 te
835 1463 1038 1545 parentem:
1064 1475 1106 1525 ac
1129 1475 1174 1525 ne

97 1574 314 1665 pluraquam
333 1594 390 1644 res
408 1573 529 1664 exigit,
549 1575 695 1666 loquens
717 1572 762 1645 de
779 1584 839 1645 tua
857 1576 995 1659 virtute,
1018 1575 1174 1649 diffidere

97 1695 230 1780 videar,
254 1695 340 1766 nihil
366 1694 421 1768 his
447 1694 585 1779 addam,
618 1694 701 1788 quin
729 1698 852 1768 tacitus
880 1698 1039 1770 sednon
1066 1700 1173 1786 solus,

101 1828 162 1890 tuae
180 1828 333 1891 vetuslae
346 1819 472 1891 indolis
490 1820 625 1890 exitum
643 1819 916 1914 contemplabor.
936 1818 1023 1913 Age,
1035 1841 1106 1906 oro,
1121 1822 1176 1892 vir

100 1941 232 2033 ingens,
254 1940 311 2035 pie
333 1949 371 2011 ut
390 1938 509 2031 debes
531 1940 665 2011 sortiter
685 1953 724 2012 ut
744 1942 850 2026 soles,
872 1928 1016 2014 feliciter
1039 1951 1076 2013 ut
1096 1963 1177 2036 spe-

101 2084 224 2148 ramus
248 2083 376 2156 meque
398 2071 457 2132 tuo
477 2069 575 2132 utere
596 2069 634 2132 ut
653 2059 748 2145 libet,
768 2060 797 2131 si
819 2063 899 2153 quis
918 2072 1014 2133 tanto
1035 2063 1085 2133 rei
1106 2074 1176 2132 tam

101 2206 214 2277 parvae
236 2206 326 2258 usus
347 2205 429 2258 esse
450 2192 576 2276 potest.
599 2183 665 2256 Diu
690 2203 817 2277 sospes
837 2183 1018 2278 nostrique
1043 2206 1176 2257 memor

101 2307 173 2379 vive
192 2319 226 2381 et
246 2310 338 2380 vale.

231 2453 396 2522 Mediolani,
412 2453 477 2508 XV.·
490 2453 552 2509 Kal.
569 2453 701 2509 Ianuarii.

516 2904 693 2971 EPISTOLA
714 2906 758 2970 lv.

221 3074 417 3126 Fatuclsuus
439 3076 607 3126 PEuttnltcn
623 3075 738 3125 ‘MARCO
759 3076 914 3128 Guuussusl
931 3078 957 3128 S.
975 3079 1003 3127 P.
1025 3079 1055 3127 Il.

248 3211 288 3267 De
304 3210 395 3268 studio
409 3212 518 3282 legum,
534 3216 562 3265 et
575 3226 670 3265 rerum
686 3209 839 3266 sorensium
854 3213 1032 3285 experientia.

195 3423 344 3495 Crebras
366 3445 413 3495 ex
435 3434 467 3495 te
489 3414 660 3497 litterulas
681 3425 816 3499 habeo:
835 3427 989 3498 omnium
1010 3449 1079 3498 una
1100 3445 1178 3497 seu-

105 3547 205 3618 tentia
237 3555 303 3618 est.
334 3547 452 3618 Poscis
488 3549 598 3620 ulad
627 3548 754 3640 incepti
786 3570 898 3642 nuper
926 3549 1040 3620 civilis
1074 3545 1178 3618 studii

103 3668 399 3759 perseverantiam
421 3680 454 3740 te
474 3670 643 3752 cohorter,
662 3671 815 3763 aliquam
833 3669 905 3740 vim
924 3670 1076 3762 prolecto
1093 3687 1180 3737 meae

102 3792 194 3863 vocis
215 3792 425 3864 existimans
452 3792 496 3865 ad
523 3791 733 3863 firmandum
758 3793 913 3864 novitate
935 3791 984 3862 rei
1010 3789 1179 3861 lluctuan-

103 3924 167 3985 tem
189 3915 345 3986 animum
372 3923 407 3986 et
433 3914 672 4007 magnitudine
698 3913 921 3988 diffidentem.
944 3911 1046 3997 Quod
1072 3926 1109 3986 ut
1134 3935 1181 3984 ex

101 4058 155 4108 me
175 4057 313 4131 speres
334 4035 414 4107 hino
437 4036 503 4107 mei
530 4057 628 4108 umor
649 4038 789 4121 suadet,
812 4037 893 4106 hino
915 4045 974 4106 tua
993 4034 1182 4131 persuadet

100 4156 293 4244 humilitas
317 4160 446 4251 optima
467 4158 531 4232 dos
557 4160 661 4230 animi
684 4169 718 4230 et
738 4159 782 4232 ad
802 4157 1180 4250 virtutemveramque
1220 4238 1222 4241 ,
