2934 4650
164 302 223 362 396
625 310 786 361 vuulussuu

163 465 201 526 ut
232 455 427 546 sipassim
461 452 623 525 omnibus
655 475 805 525 annuam
839 453 972 524 litteras
1006 453 1050 525 ad
1076 462 1110 522 te
1144 471 1249 523 meas

162 577 376 671 optantibus
406 587 460 648 sat
484 577 614 668 negotii
640 599 747 648 unum
774 575 841 647 hoo
874 575 936 646 tibi
971 578 1156 647 allaturum
1186 575 1245 646 sit.

161 702 269 782 Parce
289 709 404 772 autem
433 698 541 771 labori
567 710 642 780 tuo,
671 721 774 794 parco
799 709 835 770 et
860 721 952 784 meo,
986 688 1021 770 et
1053 699 1098 770 ad
1131 682 1247 770 multa

162 813 361 910 facillimus,
383 824 449 894 hae
469 824 504 893 in
526 845 565 895 re
584 823 757 895 difficilem
778 811 885 893 immo
905 812 1156 893 inexorabilem
1184 842 1245 891 me

80 946 84 959 '
162 947 314 1043 praebeo,
337 947 405 1018 nisi
425 947 480 1017 his
503 948 586 1019 solis
606 967 695 1039 quos
716 946 802 1016 mihi
825 937 883 1016 vei
909 945 1020 1015 virtus
1042 945 1099 1016 vel
1120 944 1246 1035 singu-

162 1072 245 1142 laris
266 1071 416 1167 amicitia
438 1071 607 1143 conciliat.
639 1070 793 1162 Utroque
812 1089 898 1139 vero
919 1069 1063 1139 latorem
1085 1085 1244 1162 praesen-

163 1197 249 1268 tium
270 1195 469 1265 affluentem
502 1193 643 1266 noveris
668 1193 709 1262 N.
735 1179 850 1264 virum
879 1189 1108 1263 scientificum
1134 1200 1243 1282 aeque

139 1367 141 1370 f
163 1319 361 1398 honestum,
384 1328 420 1388 et
441 1302 528 1386 mihi
550 1317 615 1388 has
636 1317 682 1386 ob
703 1336 828 1387 causas
851 1326 954 1407 atque
974 1315 1147 1406 insignem
1167 1335 1243 1384 mo·

163 1461 238 1511 rum
254 1436 471 1520 suavitatem,
491 1458 560 1529 qna
578 1436 737 1518 delector,
753 1436 1046 1528 acceptissimum.
1061 1436 1159 1506 Hune
1178 1434 1242 1505 uhi

162 1559 295 1631 dudum
312 1552 592 1630 ‘commendasse
612 1579 745 1630 memor
766 1550 861 1645 sum,
883 1568 918 1631 et
942 1560 1016 1653 ipse
1046 1570 1116 1630 tuae
1142 1558 1244 1629 beni-

162 1682 304 1775 gnitatis
324 1671 369 1753 vae
395 1682 535 1754 virtutis
565 1703 681 1776 praeeo
713 1684 850 1776 ingens,
879 1681 964 1752 mihi
986 1702 1038 1769 se,
1060 1704 1104 1752 ne
1124 1675 1242 1753 dicam

163 1803 239 1890 tibi,
262 1813 359 1876 tunm
380 1804 427 1876 ob
448 1805 609 1878 meritum
631 1810 797 1901 perpetu0
823 1804 1015 1897 obligatum
1031 1796 1111 1876 fert.
1138 1803 1243 1874 Nune

162 1929 250 2000 sorte
269 1927 411 2000 aliis'ex
428 1929 559 2013 causis
583 1929 645 2000 sed
666 1941 704 2001 ut
725 1950 817 2012 reor,
837 1929 915 2000 lieet
932 1928 997 2000 hoe
1015 1938 1137 2011 taceat,
1156 1927 1242 2021 quia

163 2074 255 2124 unus
287 2061 414 2130 estex
448 2054 585 2124 iliorum
616 2045 710 2139 acie,
738 2073 886 2147 quornm
920 2052 1033 2123 virtus
1066 2051 1168 2122 maiis
1201 2069 1244 2123 ac

162 2195 298 2246 morum
316 2177 504 2248 diversitas
526 2176 685 2248 odiosum
707 2176 800 2259 facit,
825 2166 963 2248 vstuduit
991 2174 1244 2268 aliquantisper

163 2300 379 2392 peregrinari
408 2321 428 2369 a
454 2299 579 2393 patria,
611 2309 646 2371 et
675 2312 808 2372 tentare
830 2300 859 2371 si
880 2321 951 2392 qua
975 2297 1039 2369 sibi
1061 2319 1137 2368 sors
1159 2297 1242 2367 alibi

162 2423 363 2515 prosperior
399 2424 498 2492 foret.
534 2423 788 2494 Recommendo
825 2444 906 2495 eum
945 2420 1006 2493 tibi
1039 2424 1163 2493 iterum
1198 2443 1243 2493 eo

163 2545 291 2617 arctius
324 2565 396 2637 qno
430 2547 504 2616 sola
538 2545 618 2617 olim
652 2549 743 2617 fama
770 2569 861 2617 nuno
886 2545 1104 2638 experientia
1135 2554 1242 2616 notus

162 2667 305 2760 insuper
326 2678 361 2739 et
380 2667 539 2752 diiectus
564 2678 645 2739 tune
666 2669 797 2744 amicus
818 2669 1021 2753 amicorum,
1035 2660 1135 2739 ⁴nuno
1151 2690 1266 2744 vero!

162 2780 395 2862 amicissimus
412 2790 496 2861 mihi
514 2803 577 2875 est,
591 2791 684 2884 qnod
698 2813 767 2863 non
783 2783 888 2877 esset,
902 2792 969 2863 nisi
988 2793 1090 2864 talem
1110 2791 1238 2862 scirem
1336 2885 1339 2889 .

160 2916 300 3006 qualem
320 2912 408 2984 dico.
432 2913 465 2982 Si
488 2913 554 2984 sibi
573 2936 657 3007 ergo
676 2917 732 2987 vel
748 2937 814 3010 ope
831 2917 888 2987 vei
905 2905 1050 2987 oonsilio
1067 2914 1238 3007 prodesse

67 3116 73 3123 ,.
161 3048 271 3129 potes,
294 3045 327 3108 te
351 3037 429 3110 hine
452 3037 529 3109 viro
555 3037 648 3110 bono
669 3038 738 3110 imo
756 3039 885 3131 optimo
905 3041 1131 3130 profuturum,
1155 3036 1239 3110 hino

161 3157 254 3243 mihi,
282 3160 337 3230 oui
363 3181 501 3255 semper
521 3163 649 3254 places,
676 3160 804 3231 eximie
824 3159 1031 3256 placiturum
1061 3159 1157 3232 scito.
1186 3162 1238 3231 De

161 3281 273 3352 mesi
299 3282 384 3375 quid
408 3305 514 3354 nosse
538 3282 701 3367 volueris
723 3282 799 3376 ipse
827 3283 931 3354 dicet.
960 3283 1010 3353 De
1038 3280 1114 3353 aliis
1141 3283 1234 3352 enim

161 3405 293 3500 pridem
326 3406 429 3494 latius
463 3406 601 3501 scripsi,
636 3416 671 3476 et
702 3427 909 3502 responsum
944 3416 1039 3479 tuum
1073 3417 1233 3498 expecto.

160 3531 255 3602 Vale.

302 3676 417 3748 Paduae‚
437 3675 525 3730 XXVI
540 3674 713 3745 Novembris,
728 3691 819 3732 mane.

656 3938 735 3951 -..-
