2940 4650
615 302 768 352 srrsrouu
791 303 830 350 ur.
1188 290 1243 352 527

163 459 198 520 et
223 469 271 518 ex
299 447 483 518 commodo
509 445 582 517 fieri
611 453 738 538 potest,
761 445 852 516 inter
874 445 1057 535 angustias
1083 443 1246 517 differre?

161 571 360 641 Praesertim
381 569 463 662 quia
491 577 527 640 ut
553 567 633 647 vini„
651 579 686 639 et
718 566 800 651 olai,
838 565 888 638 sio
919 567 1084 658 temporis
1104 577 1139 640 et
1160 570 1244 642 vitae
1272 601 1279 698 Ξ

162 695 234 763 faex
256 695 290 763 in
311 692 419 764 iundo
439 693 537 764 iacet.
559 690 614 762 Ad
634 691 728 762 iilam
747 697 797 774 te,
820 712 899 762 cum
922 689 1105 781 superiora
1125 696 1244 784 negte-

164 813 275 899 xeris,
298 835 483 886 reservare
509 813 706 885 ridiculum.
735 813 862 883 Votum
898 814 987 884 solet
1019 833 1100 885 essa
1132 814 1245 886 viato-
1348 864 1350 866 -

155 937 261 1009 >ribus
281 949 362 1009 ante
383 946 519 1008 noctem
540 935 719 1028 hospitari.
741 935 990 1027 accingamur,
1017 933 1182 1022 obsecro,
1209 947 1245 1008 et

154 1069 243 1153 *post
267 1061 395 1132 multos
415 1059 578 1130 itinerum
604 1057 758 1142 labores,
783 1058 831 1128 ilii
852 1078 917 1130 nos
943 1066 1076 1130 aeterno
1104 1058 1242 1131 taudem

163 1181 316 1274 hospitio
335 1198 586 1274 praeparemus.
605 1181 643 1251 In
665 1181 731 1252 hoc
752 1180 867 1267 vobis,
886 1183 963 1253 luce
983 1181 1068 1252 mihi
1088 1182 1242 1254 cariores

163 1305 303 1389 iratres,
338 1305 368 1375 si
398 1303 483 1396 quid
514 1304 550 1374 in
576 1325 633 1375 ma
658 1303 734 1397 opis
760 1315 822 1376 aut
848 1304 981 1375 consilii
1001 1314 1071 1386 est,
1104 1303 1243 1398 siquid

162 1422 403 1497 oblectationis
421 1436 484 1497 aut
504 1425 626 1516 gratiae
645 1446 692 1496 cx
713 1415 770 1496 me
796 1425 930 1518 sperari
955 1436 1085 1517 potest,
1110 1426 1243 1520 siquid
1296 1459 1299 1463 ·

151 1545 311 1618 ‚subsidii
332 1569 379 1617 ex
403 1545 458 1618 his
484 1546 616 1629 rabuss
632 1567 721 1639 quas
751 1547 939 1640 improprie
972 1569 1070 1619 meas
1103 1548 1240 1633 dicunt,

162 1689 241 1740 oum
260 1670 423 1741 Fortunae
445 1671 529 1768 sint,
551 1670 705 1762 denique
723 1691 778 1740 me
792 1670 921 1761 ipsum,
940 1670 1036 1762 quod
1054 1670 1129 1742 sine
1145 1691 1242 1741 arro

163 1791 280 1884 gantia
302 1813 461 1884 possum,
485 1791 618 1863 liimilos
637 1801 743 1884 atque
765 1791 921 1863 hortulos
942 1812 1040 1862 meos
1061 1794 1184 1878 offero,
1206 1804 1242 1865 et

163 1912 193 1983 si
214 1913 300 2006 quid
319 1912 499 1999 estaiiud.
522 1915 610 1984 Sunt
634 1923 750 1984 autem
777 1936 846 1983 non
868 1934 992 2005 pauca,
1018 1935 1167 2005 quorum
1182 1914 1242 1983 in-

160 2034 259 2128 diget
278 2037 377 2129 inops
398 2037 473 2107 haec
491 2046 528 2107 ot
549 2035 705 2108 mortalis
724 2035 815 2119 vita,
837 2055 917 2128 quae
938 2034 1140 2106 nominatim
1163 2035 1241 2108 stilo

162 2157 269 2229 inseri
289 2158 394 2230 decor
416 2167 523 2229 vetat.

260 2278 513 2351 Habitationem
536 2301 650 2350 meam
680 2301 744 2371 per
764 2303 815 2349 me
847 2301 915 2350 aaa
938 2278 1014 2374 (sio)
1046 2277 1242 2371 approbare

162 2400 339 2473 videmini.
367 2403 480 2473 Parva
504 2413 575 2487 ast,
602 2405 728 2486 fateor,
757 2404 820 2475 sed
846 2403 1011 2486 iucunda,
1046 2403 1110 2475 sed
1148 2406 1241 2473 salu-

162 2523 246 2595 taris
265 2578 290 2627 ,ι
314 2523 377 2596 sed
418 2524 587 2611 salubris,
627 2534 663 2598 et
694 2537 789 2598 certe
827 2548 1019 2620 paucorum
1061 2527 1240 2598 hominum

162 2666 203 2716 ao
238 2643 329 2716 bene
375 2645 585 2719 conoordum
632 2650 701 2719 late
745 2669 870 2741 capax.
913 2649 1090 2721 Habemus
1136 2649 1239 2720 aliam

160 2764 302 2837 domum
328 2767 478 2840 vicinam
505 2771 675 2853 ecciesiae,
710 2792 795 2863 non,
811 2770 951 2862 quidem
979 2781 1148 2857 nostram,
1177 2771 1241 2843 sed

162 2888 462 2961 archidiaconatus
484 2892 594 2961 nostri
610 2893 800 2983 propriam.
818 2893 930 2974 litam,
949 2902 986 2960 ut
999 2892 1155 2974 arbitror,
1170 2911 1239 2961 non

162 3007 317 3093 vidistis,
338 3031 442 3102 quam
463 3010 593 3082 idcirco
617 3031 686 3081 non
710 3009 866 3082 inhabito
896 3012 978 3105 quia
1003 3011 1049 3082 ibi
1074 3035 1154 3084 oum
1180 3013 1241 3083 tri-

162 3130 230 3203 bus
256 3142 316 3204 aut
342 3143 495 3226 quatuor
521 3135 656 3205 famulis
685 3134 783 3204 solus
818 3155 917 3205 sum:
951 3135 1015 3207 sed
1047 3135 1077 3206 si
1107 3146 1179 3206 tres
1204 3134 1239 3204 in

163 3275 271 3325 unum
292 3253 443 3327 Fortuna
464 3256 700 3343 coniungeret
721 3278 788 3327 non
806 3256 918 3328 deerit
937 3257 1038 3329 nobis
1059 3257 1146 3329 orba
1168 3279 1240 3328 mc-

162 3376 235 3461 dia,
256 3379 361 3470 quale
380 3379 473 3470 apud
493 3376 674 3468 Virgilium
694 3376 815 3449 habuit
835 3401 899 3450 rex
916 3380 1083 3451 Latinus:
1125 3435 1138 3446 a.
1222 3414 1224 3419 ⁸

282 3549 410 3611 Tectum
427 3556 591 3627 augustum
609 3547 715 3627 ingens
732 3557 854 3613 centum
871 3549 1001 3614 sublime
1020 3552 1178 3616 columnis.

163 3739 223 3809 illa
252 3761 308 3812 me
336 3739 463 3811 domus
493 3749 656 3833 expectat
680 3758 790 3813 vacua
816 3741 952 3814 interim
972 3752 1009 3814 et
1027 3741 1177 3828 deserta,
1205 3755 1240 3816 et

162 3861 206 3932 de
224 3871 343 3932 vestra
354 3861 582 3954 conqueritur
595 3861 769 3948 tarditate,
784 3885 854 3955 qua
869 3862 997 3958 (darum
1012 3868 1236 3960 coenaturi...

162 3982 291 4055 Paduae
317 3983 451 4056 iuvabit
480 3995 613 4056 moram
635 3984 784 4057 trahere.
806 3985 881 4057 Erit
896 3985 1001 4058 nohis
1022 3986 1102 4060 hinc
1126 3989 1238 4063 Bono·

64 4147 70 4152 ·
163 4104 233 4189 nia,
264 4105 458 4177 studiorum
490 4107 626 4192 nutrix,
654 4108 783 4199 inqua
814 4109 963 4199 primum
996 4112 1239 4187 adolescentiae
