2804 4656
295 319 388 368 uiolati
410 319 723 370 vicosttlttsrottultls.
734 339 774 352 ···
785 321 938 371 EPISTULA
960 324 1002 371 tx.
1128 311 1188 372 20ss

104 450 243 538 iubeas,
263 460 380 524 tamen
393 452 567 524 interdum
582 454 722 546 singula
741 464 939 526 versantem
956 466 1060 547 atque
1073 455 1187 529 omnia

103 577 288 648 librantem
320 577 355 647 in
391 579 507 648 animo
534 577 701 649 habuisse
728 589 765 649 ut
789 600 867 649 meo
894 579 1033 649 silentio
1066 589 1101 650 et
1129 587 1188 650 tua

103 699 277 771 oblivione
290 707 321 770 te
338 701 503 771 fallerem.
519 699 586 770 Oh!
600 699 685 793 quid
697 700 795 772 dixi‘l
808 700 877 770 out
895 715 1000 792 quem
1014 702 1189 773 fallerem?

104 821 221 893 Meum
246 831 352 914 atque
377 821 533 892 universi
553 820 751 893 domiuum!
776 825 852 894 lltsi
870 824 965 895 utilis
987 823 1120 896 fallacia
1137 822 1189 893 vi·
1228 841 1230 846 ·

103 943 252 1015 debatur
273 945 448 1036 ignoranti
469 945 524 1014 oui
547 946 626 1015 usui
641 945 703 1015 tibi
728 949 867 1017 futurus
889 948 970 1031 sim,
992 960 1028 1017 et
1050 958 1088 1017 ut
1099 945 1186 1030 dixi,
1277 928 1279 931 ⁵

103 1065 552 1158 libentissimequiesoenti.
572 1066 702 1137 Verum
721 1065 767 1150 id,
791 1079 829 1138 ut
850 1069 964 1150 video,
977 1071 1188 1140 trustraest:

104 1189 208 1259 nimis
228 1189 336 1272 enim,
358 1198 397 1261 ut
417 1189 509 1259 aeuti
530 1189 658 1280 ingenii
679 1190 878 1282 maturique
898 1191 1047 1274 consilii,
1072 1190 1123 1263 sio
1139 1202 1191 1263 te·

104 1313 202 1383 uaois
221 1333 361 1405 quoque
381 1311 561 1382 memoriae
586 1335 643 1398 es,
666 1313 800 1398 Caesar,
819 1314 855 1383 in
874 1313 953 1398 hoe,
982 1322 1021 1384 ut
1044 1315 1081 1386 iu
1101 1317 1190 1386 mul·
1275 1338 1276 1341 ¹

106 1433 162 1519 ris,
184 1434 335 1527 primum
356 1434 453 1505 illum
484 1432 659 1506 Caesarem
687 1444 844 1522 secutus
871 1434 916 1507 ad
942 1457 1046 1528 quem
1068 1436 1192 1508 -Cioero

104 1558 250 1648 loquens
271 1557 475 1628 memoriam
493 1557 570 1628 eius
587 1558 760 1655 implorat,
782 1580 852 1650 qua
870 1559 987 1629 valere
1004 1556 1102 1630 illum
1114 1560 1192 1651 plu-

105 1678 232 1749 rimum
245 1678 343 1763 dicit,
360 1687 397 1749 ut
415 1678 475 1770 qui
489 1678 537 1748 nil
551 1681 660 1751 soleat
673 1680 740 1750 nisi
754 1680 899 1752 iniurias
917 1680 1088 1750 oblivisci.
1103 1677 1192 1762 Quae
1254 1758 1259 1767 ,

104 1825 183 1874 oum
204 1804 252 1873 ita
272 1802 356 1886 sint,
377 1825 450 1873 uon
470 1815 525 1875 est
551 1803 700 1896 amplius
720 1802 962 1874 dissimulaudi
982 1804 1095 1884 locus;
1120 1823 1192 1873 non

104 1946 248 2020 possum
271 1925 374 1996 tertio
395 1946 451 1994 me
477 1936 660 1998 vocantem
681 1926 876 1996 Romanum
903 1925 1094 2020 principem
1120 1947 1191 1995 non

105 2049 239 2120 audire.
267 2049 359 2119 Satis
385 2070 561 2142 superque
587 2071 656 2119 non
687 2047 893 2133 insolentiae,
920 2049 1032 2118 Deum
1066 2057 1189 2133 testor,

90 2172 169 2268 ,sed
194 2171 330 2243 inertiae
355 2173 471 2256 fuerit,
499 2192 569 2242 non
596 2171 711 2243 statim
741 2170 854 2263 primo
880 2169 992 2241 iussui
1018 2169 1190 2262 paruisse.

106 2296 196 2366 Ecce
216 2316 274 2367 me
294 2294 434 2379 iterum,
463 2274 595 2378 Caesar,
623 2315 747 2366 vocas:
774 2292 898 2364 venio:
927 2301 1031 2385 teque
1057 2292 1191 2364 utinam

106 2419 282 2490 inveniam
307 2430 465 2513 paratum
491 2419 608 2491 visere
635 2439 704 2489 non
731 2421 850 2503 semel,
881 2428 941 2489 aut
965 2417 1104 2499 iterum,
1127 2416 1192 2488 sed

107 2542 183 2613 sine
195 2542 455 2613 intermissione
472 2540 597 2615 diebus
616 2563 656 2612 ao
673 2540 834 2613 noctibus
849 2551 883 2613 te
901 2550 1078 2612 vocantes.
1095 2538 1190 2620 Vale,

106 2663 236 2748 Caesar,
258 2672 293 2734 et
313 2662 436 2754 gloriae
456 2673 491 2734 et
511 2665 618 2734 ltaliae
641 2673 712 2733 tuae
732 2684 866 2735 memor
885 2674 921 2736 et
941 2662 1089 2756 imperii.

249 2807 413 2876 Mediolani,
429 2807 492 2863 ΧΗ.
509 2807 649 2864 Kalendas
663 2809 776 2879 Aprilis.

533 3183 712 3250 llPlSTOLA
740 3186 773 3250 lt.

106 3337 302 3389 ranuursuus
324 3336 493 3387 ruralem
514 3338 647 3388 mutum
676 3338 826 3390 umsuoro
849 3340 1040 3392 ouuurmnsr
1061 3342 1086 3391 s
1108 3325 1136 3392 r'.
1159 3341 1189 3390 u.

212 3466 268 3520 Sua
282 3465 460 3535 imminuens,
478 3465 538 3521 eius
553 3466 653 3521 merita
666 3466 782 3536 extollit,
800 3472 828 3521 et
842 3467 876 3522 de
891 3469 1017 3539 proximo
1032 3484 1083 3522 suo

317 3546 350 3609 in'
362 3555 540 3610 Germaniam
549 3555 648 3611 itinere
663 3555 811 3614 certiorem
827 3571 892 3611 eum
901 3555 975 3612 facit.

200 3771 309 3842 lllirus
330 3792 380 3854 es,
404 3770 448 3840 mi
469 3770 623 3856 domine,
647 3771 757 3841 mirus
783 3752 966 3843 es'vatue:
989 3769 1188 3862 namquid,

105 3915 182 3978 oro,
205 3891 400 3965 mirabilius
424 3915 528 3987 quam
557 3893 593 3962 in
618 3893 684 3965 hae
709 3904 768 3966 tua
791 3895 997 3967 exoellentia
1017 3915 1133 3966 rerum
1151 3915 1189 3966 o·

105 4016 1189 4109 mniumtamsingularistamquesublimishumilitas‘llnomni

105 4157 265 4211 sermone
289 4152 349 4213 tuo
370 4139 484 4214 modis
504 4139 667 4214 omnibus
685 4150 719 4211 te
735 4137 916 4231 deprimis,
929 4162 1034 4234 quem
1052 4149 1188 4224 natura,

231 4274 267 4311 lu.
997 4261 1027 4311 ll
