2738 4680
299 340 393 388 LIBER
415 339 920 391 vlcusuwsl'utllus.-lselsloun
945 345 973 390 X.
1141 335 1176 393 dl

102 478 208 549 disset
238 476 413 546 Christum
435 484 496 546 aut
516 497 643 547 nornen
672 477 748 548 eius
782 479 988 561 audivisset,
1010 491 1177 574 quantum

101 623 164 694 ego
185 599 321 693 opinor,
345 620 414 670 non
432 600 535 672 modo
555 599 762 673 credidisset
784 602 818 671 in
838 624 933 687 eum,
957 603 1020 674 sed
1041 607 1179 705 eloquio

101 726 154 795 illo
194 720 455 816 incomparabili
496 722 624 795 Christi
666 744 783 817 praeco
825 726 1000 797 maximus
1043 728 1176 799 luisset.

101 849 206 931 Quale
228 846 358 938 aliquid
381 847 427 918 de
449 847 558 918 altero
585 848 740 940 principe
766 848 882 918 latinae
909 849 1079 922 facundiae
1102 851 1179 920 Vir-

98 973 179 1064 gilio
209 983 312 1064 poeta
346 992 424 1041 cum
456 971 500 1042 ad
530 972 605 1042 eius
636 973 806 1043 tumulum
842 974 998 1044 venisset
1030 975 1177 1066 Aposto-

101 1098 151 1166 lus
185 1096 336 1177 PauluS,
365 1104 401 1166 et
429 1094 572 1165 flevisse
602 1094 730 1186 legitur
762 1105 796 1166 et
829 1095 973 1167 dixisse.
1015 1096 1085 1167 Cur
1117 1119 1178 1167 au-

91 1222 166 1290 tem
190 1216 226 1288 id
247 1218 408 1290 Christus
430 1218 505 1310 ipse
523 1218 681 1301 noluerit,
708 1240 776 1290 non
798 1230 853 1290 est
874 1219 1064 1310 quaercnda
1092 1220 1178 1291 ratio

101 1343 142 1412 ab
174 1342 232 1413 illo
265 1345 367 1414 cuius
401 1346 564 1416 voluntas
599 1344 686 1415 ratio
724 1365 860 1414 summa
898 1355 962 1416 est.
1003 1344 1176 1427 Quantum

102 1476 212 1536 tamen
235 1465 280 1536 ad
300 1466 519 1537 altitudinem
548 1466 657 1537 divini
689 1467 825 1538 consilii
845 1467 1009 1539 humanae
1039 1488 1078 1537 se
1111 1468 1178 1538 eri-

102 1596 185 1679 gunt
204 1588 431 1673 coniecturae,
453 1611 519 1660 nec
535 1590 724 1682 potentiam
743 1611 822 1661 cum
844 1600 974 1684 posset,
994 1612 1057 1662 neo
1078 1613 1177 1661 mun·

101 1709 222 1783 danem
246 1713 462 1804 sapientiam,
485 1733 550 1783 nec
566 1713 800 1804 eloquentiam
820 1713 1005 1804 qnaesivit,
1028 1714 1083 1785 oui
1110 1736 1176 1786 non

101 1835 312 1928 persuadere
332 1835 482 1908 dictione
508 1845 545 1906 ut
572 1835 766 1907 rhetoricos
797 1835 949 1920 deceret,
982 1835 1046 1908 sed
1073 1838 1177 1909 coeois

102 1970 133 2030 et
147 1958 346 2030 errantibus
362 1957 467 2029 nudae
481 1960 598 2030 lumen
614 1957 770 2030 veritatis
787 1958 946 2049 ingerere
960 1961 1176 2054 propositum

102 2091 312 2173 oratuque
333 2078 471 2151 infirma
492 2081 611 2152 muudi
632 2081 773 2173 eligere,
797 2081 887 2151 sicut
908 2083 1075 2175 scripturn
1100 2097 1175 2164 est,

103 2216 135 2275 ut
152 2204 255 2275 fortia
275 2224 426 2296 quaeque
444 2204 685 2285 confunderet,
704 2213 739 2274 et
757 2203 960 2295 sapientiam
981 2203 1176 2296 sapientum

102 2329 255 2420 perdere,
278 2337 313 2398 et
333 2326 543 2419 prudentum
566 2325 783 2419 prudentiam
803 2326 1005 2420 reprobare,
1025 2327 1177 2420 denique

103 2454 237 2523 stultam
259 2454 372 2523 facere
386 2449 592 2544 sapientiam
607 2451 711 2522 buius
726 2449 855 2532 mrrndi,
875 2463 910 2521 ct
921 2473 984 2543 per
998 2450 1176 2522 stultitiam

104 2575 356 2667 praedicationis
379 2573 497 2645 salvos
523 2576 636 2645 lacere
662 2573 863 2656 credentem
882 2597 935 2658 ne,
956 2575 985 2644 si
1011 2574 1110 2645 aliter
1130 2575 1146 2641 l
1164 2614 1177 2624 -

103 2698 211 2784 uisset,
229 2721 299 2769 non
312 2696 467 2770 coelestis
485 2707 520 2768 et
535 2696 655 2768 divina
675 2700 808 2768 veritas
825 2720 929 2791 quam
945 2697 1100 2780 docebat,
1116 2697 1177 2769 sed

104 2836 236 2896 terrena
262 2822 317 2894 vis
351 2831 411 2893 aut
443 2821 635 2894 humanum
657 2817 839 2892 artificium
861 2820 1054 2903 videretur,
1074 2831 1178 2914 atque

103 2946 324 3041 insapientia
344 2943 457 3028 verbi,
485 2955 523 3016 ut
543 2943 591 3015 ai't
611 2945 809 3036 Apostolus
832 2956 1064 3017 evacuaretur
1089 2968 1178 3017 crux

104 3071 237 3143 Christi.
260 3069 432 3139 Caeterum
454 3069 509 3138 vir
530 3070 587 3140 ille
606 3067 651 3140 de
676 3086 745 3160 quo
770 3068 866 3162 loqui
892 3089 1066 3162 coeperam
1094 3071 1178 3141 mibi

103 3193 140 3264 ab
160 3195 306 3265 ineunte
327 3200 431 3263 aetate
453 3201 523 3262 tam
548 3192 651 3263 carus
674 3212 813 3287 semper
838 3200 873 3263 et
894 3203 964 3264 tam
985 3196 1100 3265 cultus
1123 3194 1178 3263 Ci-

102 3337 174 3389 cero
191 3316 342 3409 qualiter
355 3316 460 3387 modo
476 3337 610 3388 mecum
628 3317 752 3390 luserit
767 3316 848 3388 hinc
864 3317 999 3390 audies.
1014 3319 1079 3389 Est
1091 3317 1174 3388 mibi

103 3439 497 3534 volumencpistolarum
517 3441 593 3511 eius
611 3440 749 3531 ingens,
769 3441 863 3534 quod
880 3444 955 3535 ipse
972 3442 1052 3514 olim
1072 3461 1176 3510 mauu

103 3566 247 3661 propria,
279 3565 362 3657 quia
395 3565 575 3656 exemplar
596 3563 824 3658 scriptoribus
850 3565 1055 3658 impervium
1083 3575 1173 3647 crat,

105 3689 234 3782 scripsi,
257 3687 407 3760 adversa
428 3697 511 3758 tunc
535 3684 756 3770 valetudine;
783 3689 845 3761 sed
870 3687 1025 3780 corporis
1046 3687 1177 3756 incom-

105 3812 239 3884 modum
264 3821 300 3883 et
325 3800 477 3883 laborem
504 3812 618 3906 operis
644 3833 793 3904 magnus
820 3833 918 3883 amor
936 3821 972 3882 et
993 3810 1176 3881 delectatio

103 3946 133 4005 et
157 3935 310 4008 habendi
341 3934 510 4029 cupiditas
528 3935 727 4008 vincebant.
749 3937 849 4006 Hunc
868 3934 1006 4020 librum,
1030 3943 1067 4006 ut
1093 3930 1177 4003 milri

106 4079 236 4155 semper
257 4059 303 4131 ad
324 4081 464 4131 manum
486 4072 589 4145 esset,
612 4032 648 4130 in
670 4059 887 4132 bibliotheca
904 4059 995 4132 ostio
1013 4057 1106 4152 posti
1124 4056 1176 4128 in-

108 4185 218 4257 nixum
241 4195 335 4257 stare
357 4186 493 4256 solitum
516 4183 645 4258 vidisti.
668 4187 757 4256 Dum
780 4203 863 4255 vcro
885 4193 921 4254 ut
940 4203 1043 4276 stupe,
1064 4185 1174 4255 locum
