2804 4656
150 301 152 307 ’
239 327 296 391 rat
573 339 614 386 nu
637 338 737 385 naeus
760 337 981 384 nnnnmnmnus

239 482 319 576 (qua
339 481 424 550 mihi
437 481 550 551 adhuc
569 502 677 573 puero
698 483 852 551 famosus
865 481 1008 572 quidam
1027 480 1190 573 praedixit
1210 491 1321 553 astro-

239 608 340 696 logus
360 607 514 675 futurum
534 615 571 672 ut
584 606 654 673 fere
667 603 820 674 omnium
841 603 1034 695 principum
1048 612 1107 673 aut
1123 603 1320 690 illustrium,

238 750 327 820 quos
354 748 432 798 mea
459 726 597 798 tulisset
622 736 681 796 aut
702 726 813 796 latura
834 736 928 796 esset
948 737 1045 812 aetas,
1073 727 1321 798 familiaritates

239 849 387 920 eximias
397 847 680 941 atqueinsigncm
696 847 1165 919 benevolentiamhalriturus
1180 850 1319 942 essem),

240 969 304 1040 sed
325 970 401 1040 eius
423 970 483 1060 qui
505 971 612 1039 solem
628 967 707 1038 fecit
727 979 761 1038 et
779 970 897 1038 stellas
911 969 1156 1063 omnipotentis
1172 971 1235 1041 Dei
1249 995 1322 1041 mu-

239 1114 334 1174 nere,
359 1094 532 1173 maiestati
553 1089 730 1162 'Caesareae
758 1114 877 1162 carum
895 1093 1118 1168 esseltluius
1139 1097 1187 1166 rei
1215 1118 1321 1187 argu-

239 1224 395 1286 mentum
415 1214 528 1285 habeo
550 1238 657 1285 unum
671 1236 718 1284 ex
731 1215 861 1299 multis,
883 1215 978 1307 quod
999 1237 1019 1285 e
1040 1226 1111 1287 tam
1133 1217 1321 1309 longinquo

241 1362 305 1412 seu
326 1350 522 1434 temporum
545 1361 609 1410 seu
629 1341 799 1423 locorum,
816 1338 875 1410 tihi
891 1341 1110 1431 magnanime
1136 1343 1322 1436 imperator

241 1485 354 1555 usque
375 1461 464 1532 adeo
485 1462 553 1531 mei
572 1460 740 1530 memoria
754 1483 876 1531 recens
890 1473 959 1549 est,
979 1471 1018 1531 nt
1032 1486 1136 1557 prope
1153 1487 1198 1534 ex
1221 1486 1321 1557 aequo

241 1607 400 1656 summus
421 1585 598 1655 hominum
623 1584 815 1654 humillimo
829 1575 930 1655 vices
950 1587 1079 1655 amoris
1106 1585 1251 1657 reddere
1271 1587 1322 1658 di-

241 1731 348 1801 gnum
368 1717 478 1802 putes.
500 1709 625 1779 Nostra
643 1718 747 1778 aetate
767 1717 958 1777 monstrum
978 1709 1114 1798 ingens
1134 1731 1204 1800 qua
1223 1710 1321 1779 utvi·

240 1832 313 1914 des,
335 1832 485 1924 quisque
499 1853 559 1923 pro
573 1831 693 1922 exigui
712 1828 841 1921 gradus
859 1830 1045 1901 eminentia
1064 1834 1150 1901 solet
1170 1853 1250 1901 csse
1265 1855 1322 1902 su-

241 1953 394 2045 perbior,
417 1964 524 2046 atque
545 1954 633 2023 infra
655 1974 693 2022 se
713 1952 847 2044 positos
869 1953 971 2042 gravi
989 1955 1078 2022 fastu
1094 1956 1151 2023 vel
1168 1953 1322 2027 fastidire

241 2078 298 2145 vel
320 2098 490 2168 premere.
518 2075 619 2160 Quod
645 2076 719 2166 ipse
746 2073 870 2144 tacitus
889 2096 1026 2144 mecum
1047 2075 1189 2161 librans,
1211 2077 1322 2147 sentio

241 2200 367 2291 quanti
383 2200 485 2292 pretii
499 2198 593 2291 apud
613 2219 669 2266 me
690 2197 766 2266 haec
782 2196 938 2286 dignatio
959 2208 1015 2267 lua
1034 2197 1087 2268 sit.
1103 2200 1188 2268 Nam
1212 2201 1241 2268 si
1263 2222 1322 2291 pro

240 2323 388 2397 fortunae
412 2320 567 2410 fastigio,
597 2328 634 2389 ut
659 2340 735 2389 mos
756 2330 821 2401 est,
850 2319 955 2389 animi
982 2341 1120 2412 quoque
1146 2320 1319 2391 fastidium

240 2443 510 2537 assumpsisses
529 2465 591 2513 nec
605 2461 713 2514 nosse
735 2465 790 2512 me
809 2442 1016 2533 dignareris.
1031 2442 1100 2513 Sed
1113 2465 1320 2534 generosum

241 2575 363 2660 pectus
380 2587 532 2657 vereque
546 2566 746 2635 Caesareum
760 2586 823 2634 neo
837 2565 932 2634 inflat
944 2576 1049 2648 certe,
1065 2587 1127 2636 nec
1138 2567 1320 2651 contrahit,

241 2711 307 2759 nec
327 2689 448 2759 attollit
467 2690 620 2771 fortuna,
643 2709 706 2757 nec
728 2687 853 2766 deiicit
876 2688 995 2783 ltaque
1017 2699 1054 2758 tu
1076 2710 1131 2758 me
1151 2711 1220 2758 non
1246 2700 1322 2760 tan-

242 2820 315 2881 tum
336 2811 496 2881 familiari
512 2811 649 2895 notitia,
665 2808 729 2879 sed
743 2808 903 2880 dulcibus
918 2808 1061 2903 iusuper
1080 2808 1237 2905 dignaris
1250 2815 1323 2907 epi-

244 2932 355 3014 stoliS,
379 2953 458 3023 quae
479 2953 534 3002 res
556 2932 775 3015 intormem,
796 2933 826 3001 si
844 2931 906 3033 qui
923 2944 1003 3002 sunt
1020 2941 1081 3003 aut
1098 2946 1201 3004 erunt
1223 2934 1320 3016 tituli,

242 3077 312 3125 non
332 3067 527 3125 extremum
549 3064 645 3124 tenet
664 3065 724 3124 aut
744 3054 873 3124 tenebit
894 3057 1017 3124 locum.
1040 3057 1074 3124 Si
1097 3058 1187 3126 enim
1210 3055 1322 3147 Virgi-

243 3179 297 3262 lio,
314 3177 343 3248 si
357 3179 381 3246 F
385 3177 685 3266 laccogloriosum
704 3176 768 3246 fuit
784 3177 935 3267 Augusti
950 3178 1099 3249 Caesaris
1116 3189 1151 3248 et
1168 3177 1319 3248 notitiam

243 3309 278 3370 et
303 3301 498 3375 convictum
526 3309 561 3369 et
586 3298 752 3390 epistolas
779 3300 982 3391 promereri,
1004 3296 1072 3370 'cnr
1089 3322 1156 3390 ego
1173 3301 1318 3382 illorum,

243 3424 311 3494 etsi
325 3444 392 3492 non
408 3421 538 3512 ingenii
552 3440 751 3502 successor,
767 3429 802 3489 at
816 3430 969 3513 tempore
986 3433 1021 3494 et
1037 3423 1198 3517 opinione
1215 3407 1320 3494 homi-

243 3569 326 3618 num
348 3547 494 3615 sortasse
519 3543 645 3635 aliqua,
675 3541 720 3610 ab
745 3541 836 3613 illius
857 3545 1020 3639 principis
1046 3567 1252 3616 successore
1278 3545 1320 3616 si-

243 3667 337 3736 milia
362 3664 586 3759 promcritum
614 3685 668 3733 me
693 3663 799 3734 fuisse
826 3685 894 3735 noo
922 3667 1072 3758 glorier?
1097 3667 1268 3738 Nimirum
1288 3679 1322 3738 et

244 3788 468 3860 humanitatis
489 3797 524 3855 et
544 3785 732 3855 litterarum
758 3797 893 3857 tuarum
920 3811 990 3859 non
1017 3788 1128 3858 minor
1149 3790 1234 3864 mihi
1259 3811 1323 3862 un-

243 3931 347 4002 quam
365 3909 432 3978 illis
450 3907 588 3980 duobus
603 3906 657 3976 sui
671 3892 888 3999 imperatoris
903 3922 958 3982 est
975 3912 1083 4002 copia.
1103 3912 1146 3981 Ut
1161 3912 1322 3983 convictu

243 4053 389 4123 superer
409 4053 478 4103 non
498 4031 534 4099 in
555 4039 588 4099 te
609 4027 742 4120 inperii
762 4030 919 4116 altitudo,
938 4056 1043 4125 quam
1063 4035 1321 4127 supramodum

243 4152 404 4225 humanae
437 4149 644 4224 conditionis
677 4152 1109 4228 extantembcnemeritis
1140 4169 1199 4229 aut
1232 4167 1323 4229 certe
