2804 4656
195 302 253 364 Μ
536 317 576 364 ns
598 314 698 364 nunus
720 313 941 362 rtururtnnrus

197 461 262 532 alia
297 455 403 530 multa
433 468 527 528 tuam
557 458 591 526 in
621 455 777 527 notitiam
811 455 1011 549 perferenda
1044 478 1280 528 curaveram:

198 582 258 653 scd
282 593 320 653 ut
338 581 442 652 video
463 600 532 651 non
558 591 612 650 sat
636 580 832 650 fortunatos
866 577 900 648 in
922 579 1063 650 nuntiis.
1086 581 1182 651 Tuus
1205 579 1279 666 bic,

197 729 301 799 qoem
325 727 439 775 meum
460 706 589 775 lactum
609 718 689 773 esse
710 702 863 794 gaudeo,
887 711 1006 772 noster
1031 702 1086 771 bic
1114 703 1278 794 inquam,

199 831 229 901 si
256 830 321 899 rite
347 827 536 921 praesagio,
564 846 629 895 nos
655 847 724 896 non
750 825 857 910 fallet,
891 823 952 917 qui
985 834 1024 896 ut
1054 825 1280 897 nuncetiam

198 950 316 1023 nescio
341 948 425 1042 quid
449 947 579 1020 Caesari
606 957 727 1019 nostro
761 946 949 1017 scriberem
984 948 1151 1032 celerans,
1174 969 1280 1019 occu-

198 1086 318 1168 patum
343 1070 435 1143 dulci
465 1071 628 1143 instantia
652 1079 688 1141 et
708 1069 880 1164 profundo
901 1068 1053 1164 suspirio
1073 1091 1130 1141 me
1150 1071 1277 1163 coegit.

199 1197 295 1267 Vale.

583 1517 584 1521 '
613 1538 791 1603 nrrsronl
811 1541 869 1602 xv,

280 1714 474 1764 sntnclscus
496 1714 662 1765 uerutum
684 1717 809 1767 canoto
830 1718 862 1767 lv
882 1718 946 1766 IMP.
970 1717 1041 1769 AUG.
1063 1719 1088 1767 S.
1111 1721 1139 1767 P.
1161 1721 1192 1768 D.

201 1867 334 1925 Hortatur
343 1870 445 1923 iterum
454 1885 490 1924 ne
502 1885 548 1925 res
557 1869 642 1924 Italiae
656 1870 795 1942 despiciat,
810 1888 896 1942 seque
909 1872 1068 1927 Romanum
1080 1873 1278 1943 imperatorem

620 1977 681 2015 esse
694 1960 861 2015 meminerit.

297 2176 428 2247 Vereor
458 2198 505 2247 ne
535 2187 605 2247 tam
638 2176 762 2247 creber
800 2176 855 2247 bic
890 2175 1115 2269 epistolarum
1148 2178 1279 2247 clamor

200 2298 293 2390 apud
313 2301 440 2369 multos
463 2299 548 2368 mibi
568 2301 624 2370 vel
645 2298 886 2392 inopportunae
913 2295 1088 2389 superbiae
1112 2300 1172 2368 vel
1196 2296 1279 2368 ridi-

199 2423 330 2492 culosae
367 2419 470 2490 detur
507 2421 681 2502 amentiae,
719 2419 780 2511 qui
817 2421 1040 2511 tranquillum
1063 2419 1279 2495 serenissimi

198 2541 351 2635 pectoris
383 2538 537 2611 habitum
569 2540 778 2632 quibusdam
804 2542 907 2632 quasi
940 2540 1105 2619 nubiferis
1136 2538 1278 2610 flatibus

200 2664 361 2756 impleam
392 2685 434 2733 ac
459 2662 670 2758 perturbem.
698 2663 784 2733 Nam
812 2665 892 2756 quis
913 2685 980 2756 ego
1000 2674 1061 2735 aut
1083 2664 1173 2736 unde
1194 2660 1279 2732 mibi

200 2785 267 2856 boo
285 2785 411 2855 animi?
428 2788 583 2856 Profecto
599 2784 644 2856 de
663 2789 736 2857 sola
753 2786 976 2857 conscientiae
991 2785 1154 2878 puritate,
1173 2806 1277 2876 quam

200 2907 285 2977 mibi
301 2930 371 2979 non
391 2911 425 2978 in
446 2909 523 2978 aliis
543 2907 611 2978 nisi
632 2908 701 2979 tuis
721 2911 755 2978 in
776 2908 894 2993 rebec,
909 2909 1037 2992 Caesar,
1053 2929 1195 3000 arrogo:
1210 2929 1279 2979 non

199 3033 342 3121 ignarus
365 3033 424 3112 tui,
449 3053 519 3103 non
541 3032 684 3124 ignarus
713 3032 795 3114 mei,
826 3053 892 3101 non
923 3032 1065 3120 ignarus
1086 3031 1134 3100 rei
1157 3033 1280 3123 loquor

201 3164 326 3224 tamen.
348 3153 422 3223 Etsi
444 3174 540 3245 saepe
563 3152 866 3226 Dauidicomillud
882 3162 1060 3224 occurrat:
1085 3150 1174 3240 Ouid
1191 3155 1279 3223 enim

200 3276 283 3345 milti
300 3285 346 3343 est
358 3275 394 3342 itt
415 3277 503 3357 coelo,
526 3287 557 3345 et
575 3300 597 3344 u
615 3287 645 3345 te
664 3275 742 3365 quid
761 3277 853 3369 uolui
869 3298 968 3367 super
990 3287 1128 3354 terram·
1146 3277 1279 3347 solatur

201 3419 258 3470 me
277 3405 382 3489 atque
403 3397 505 3487 erigit
525 3397 722 3469 humanitas
742 3409 799 3468 tua
816 3407 853 3469 et
869 3397 1049 3489 integritas
1070 3396 1145 3469 veri
1163 3398 1279 3490 potius

201 3534 377 3617 appetens,
392 3521 471 3591 licet
484 3519 591 3604 acris,
611 3541 714 3612 quam
731 3517 849 3592 blandi
868 3520 1008 3611 alloquii
1025 3541 1066 3590 ac
1083 3520 1276 3603 mulcentis.

202 3643 277 3714 Tibi
309 3641 464 3734 quidem,
503 3639 808 3733 providentissime
841 3640 1040 3734 imperator,
1076 3639 1277 3712 medullitus

84 3776 88 3784 '
202 3777 305 3837 notus
326 3787 407 3837 esse
426 3761 573 3843 conlido,
594 3784 662 3832 non
682 3763 764 3854 quia
786 3784 911 3854 magna
932 3762 994 3833 tibi
1013 3761 1119 3833 animi
1140 3762 1280 3856 experi-

202 3899 318 3961 menta
337 3886 557 3981 praebuerim,
581 3885 645 3956 sed
664 3885 746 3977 quia
767 3887 869 3956 talem
887 3895 922 3956 te
938 3885 1085 3968 aestimo,
1106 3886 1280 3974 talemque

203 4033 258 4082 me
296 4010 368 4081 seio
405 4023 443 4084 ut
479 4008 693 4080 translucere
728 4007 790 4078 tibi
828 4005 1116 4077 arbitrer-tidem
1152 4027 1279 4077 meam.

202 4134 415 4225 ltaque'non
447 4141 563 4203 metuo
588 4154 631 4201 ne
656 4130 826 4202 offendam
857 4149 960 4220 quem
991 4129 1126 4202 sineere
1152 4149 1279 4208 amem,
