<?xml version="1.0" encoding="UTF-8"?>
<!DOCTYPE html PUBLIC "-//W3C//DTD XHTML 1.0 Transitional//EN"
    "http://www.w3.org/TR/xhtml1/DTD/xhtml1-transitional.dtd">
<html xmlns="http://www.w3.org/1999/xhtml" xml:lang="en" lang="en">
 <head>
  <title>
</title>
<meta http-equiv="Content-Type" content="text/html;charset=utf-8" />
  <meta name='ocr-system' content='tesseract 3.04.00' />
  <meta name='ocr-capabilities' content='ocr_page ocr_carea ocr_par ocr_line ocrx_word'/>
</head>
<body>
  <div class='ocr_page' id='page_1' title='image "./franciscipetrar00fracgoog_0446.png"; bbox 0 0 2934 4650; ppageno 0'>
   <div class='ocr_carea' id='block_1_1' title="bbox 532 301 1203 363">
    <p class='ocr_par' dir='ltr' id='par_1_1' title="bbox 532 301 1203 363">
     <span class='ocr_line' id='line_1_1' title="bbox 532 301 1203 363; baseline -0.003 -2"><span class='ocrx_word' id='word_1_1' title='bbox 532 315 684 363; x_wconf 82' lang='lat' dir='ltr'><strong>umsrouu</strong></span> <span class='ocrx_word' id='word_1_2' title='bbox 706 315 812 362; x_wconf 81' lang='lat' dir='ltr'><strong>xtvru.</strong></span> <span class='ocrx_word' id='word_1_3' title='bbox 1149 301 1203 360; x_wconf 70' lang='lat' dir='ltr'><strong>lssl</strong></span> 
     </span>
    </p>
   </div>
   <div class='ocr_carea' id='block_1_2' title="bbox 130 452 1211 1648">
    <p class='ocr_par' dir='ltr' id='par_1_2' title="bbox 130 452 1211 1648">
     <span class='ocr_line' id='line_1_2' title="bbox 131 452 1209 550; baseline 0.003 -27"><span class='ocrx_word' id='word_1_4' title='bbox 131 452 233 524; x_wconf 90' lang='lat' dir='ltr'><strong>modo</strong></span> <span class='ocrx_word' id='word_1_5' title='bbox 264 464 345 525; x_wconf 92' lang='lat' dir='ltr'><strong>sunt</strong></span> <span class='ocrx_word' id='word_1_6' title='bbox 375 457 435 547; x_wconf 87' lang='lat' dir='ltr'><strong>qul</strong></span> <span class='ocrx_word' id='word_1_7' title='bbox 467 455 598 545; x_wconf 81' lang='lat' dir='ltr'><strong>exigno</strong></span> <span class='ocrx_word' id='word_1_8' title='bbox 624 454 733 550; x_wconf 90' lang='lat' dir='ltr'><strong>pretio</strong></span> <span class='ocrx_word' id='word_1_9' title='bbox 759 458 857 527; x_wconf 82' lang='lat' dir='ltr'><strong>facile</strong></span> <span class='ocrx_word' id='word_1_10' title='bbox 883 477 921 527; x_wconf 86' lang='lat' dir='ltr'><strong>se</strong></span> <span class='ocrx_word' id='word_1_11' title='bbox 948 457 1043 550; x_wconf 88' lang='lat' dir='ltr'><strong>ipsos</strong></span> <span class='ocrx_word' id='word_1_12' title='bbox 1069 468 1104 527; x_wconf 91' lang='lat' dir='ltr'><strong>et</strong></span> <span class='ocrx_word' id='word_1_13' title='bbox 1134 457 1209 527; x_wconf 91' lang='lat' dir='ltr'><strong>uni-</strong></span> 
     </span>
     <span class='ocr_line' id='line_1_3' title="bbox 132 574 1209 669; baseline 0.005 -26"><span class='ocrx_word' id='word_1_14' title='bbox 132 595 270 646; x_wconf 87' lang='lat' dir='ltr'><strong>versam</strong></span> <span class='ocrx_word' id='word_1_15' title='bbox 292 574 549 667; x_wconf 86' lang='lat' dir='ltr'><strong>Rempublicam</strong></span> <span class='ocrx_word' id='word_1_16' title='bbox 572 586 678 669; x_wconf 87' lang='lat' dir='ltr'><strong>atque</strong></span> <span class='ocrx_word' id='word_1_17' title='bbox 698 598 800 647; x_wconf 90' lang='lat' dir='ltr'><strong>omne</strong></span> <span class='ocrx_word' id='word_1_18' title='bbox 821 577 979 648; x_wconf 89' lang='lat' dir='ltr'><strong>divinum</strong></span> <span class='ocrx_word' id='word_1_19' title='bbox 999 577 1209 649; x_wconf 90' lang='lat' dir='ltr'><strong>humanum-</strong></span> 
     </span>
     <span class='ocr_line' id='line_1_4' title="bbox 130 696 1209 790; baseline 0.003 -26"><span class='ocrx_word' id='word_1_20' title='bbox 130 718 200 787; x_wconf 89' lang='lat' dir='ltr'><strong>que</strong></span> <span class='ocrx_word' id='word_1_21' title='bbox 221 696 275 766; x_wconf 93' lang='lat' dir='ltr'><strong>ius</strong></span> <span class='ocrx_word' id='word_1_22' title='bbox 296 696 505 789; x_wconf 77' lang='lat' dir='ltr'><strong>proderent‘l</strong></span> <span class='ocrx_word' id='word_1_23' title='bbox 521 698 615 768; x_wconf 91' lang='lat' dir='ltr'><strong>Bene</strong></span> <span class='ocrx_word' id='word_1_24' title='bbox 633 697 815 769; x_wconf 86' lang='lat' dir='ltr'><strong>nobiscum</strong></span> <span class='ocrx_word' id='word_1_25' title='bbox 836 699 951 790; x_wconf 81' lang='lat' dir='ltr'><strong>agitur</strong></span> <span class='ocrx_word' id='word_1_26' title='bbox 972 700 1156 785; x_wconf 79' lang='lat' dir='ltr'><strong>divinituS,</strong></span> <span class='ocrx_word' id='word_1_27' title='bbox 1180 699 1209 769; x_wconf 89' lang='lat' dir='ltr'><strong>si</strong></span> 
     </span>
     <span class='ocr_line' id='line_1_5' title="bbox 131 817 1211 916; baseline 0.003 -28"><span class='ocrx_word' id='word_1_28' title='bbox 131 817 242 888; x_wconf 88' lang='lat' dir='ltr'><strong>maior</strong></span> <span class='ocrx_word' id='word_1_29' title='bbox 261 819 377 914; x_wconf 93' lang='lat' dir='ltr'><strong>populi</strong></span> <span class='ocrx_word' id='word_1_30' title='bbox 400 841 480 912; x_wconf 91' lang='lat' dir='ltr'><strong>pars</strong></span> <span class='ocrx_word' id='word_1_31' title='bbox 502 843 609 891; x_wconf 92' lang='lat' dir='ltr'><strong>unum</strong></span> <span class='ocrx_word' id='word_1_32' title='bbox 630 820 752 903; x_wconf 80' lang='lat' dir='ltr'>sentit,</span> <span class='ocrx_word' id='word_1_33' title='bbox 780 820 808 890; x_wconf 89' lang='lat' dir='ltr'><strong>si</strong></span> <span class='ocrx_word' id='word_1_34' title='bbox 837 830 1010 915; x_wconf 89' lang='lat' dir='ltr'><strong>torporem</strong></span> <span class='ocrx_word' id='word_1_35' title='bbox 1030 831 1106 914; x_wconf 76' lang='lat' dir='ltr'><strong>‘quo</strong></span> <span class='ocrx_word' id='word_1_36' title='bbox 1132 842 1211 916; x_wconf 91' lang='lat' dir='ltr'><strong>pre-</strong></span> 
     </span>
     <span class='ocr_line' id='line_1_6' title="bbox 133 939 1210 1033; baseline 0.001 -24"><span class='ocrx_word' id='word_1_37' title='bbox 133 939 293 1019; x_wconf 85' lang='lat' dir='ltr'><strong>mebatur</strong></span> <span class='ocrx_word' id='word_1_38' title='bbox 322 942 490 1013; x_wconf 86' lang='lat' dir='ltr'><strong>excussit.</strong></span> <span class='ocrx_word' id='word_1_39' title='bbox 521 943 686 1033; x_wconf 80' lang='lat' dir='ltr'><strong>Magnum</strong></span> <span class='ocrx_word' id='word_1_40' title='bbox 706 951 742 1015; x_wconf 87' lang='lat' dir='ltr'><strong>et</strong></span> <span class='ocrx_word' id='word_1_41' title='bbox 762 942 983 1021; x_wconf 85' lang='lat' dir='ltr'><strong>formidatum</strong></span> <span class='ocrx_word' id='word_1_42' title='bbox 1004 965 1129 1013; x_wconf 90' lang='lat' dir='ltr'><strong>nomen</strong></span> <span class='ocrx_word' id='word_1_43' title='bbox 1156 951 1210 1011; x_wconf 86' lang='lat' dir='ltr'><strong>est</strong></span> 
     </span>
     <span class='ocr_line' id='line_1_7' title="bbox 133 1062 1211 1157; baseline -0.003 -23"><span class='ocrx_word' id='word_1_44' title='bbox 133 1062 295 1155; x_wconf 91' lang='lat' dir='ltr'><strong>quamvis</strong></span> <span class='ocrx_word' id='word_1_45' title='bbox 321 1063 437 1143; x_wconf 85' lang='lat' dir='ltr'><strong>afflicti</strong></span> <span class='ocrx_word' id='word_1_46' title='bbox 460 1065 582 1157; x_wconf 86' lang='lat' dir='ltr'>Populi</span> <span class='ocrx_word' id='word_1_47' title='bbox 615 1067 770 1136; x_wconf 89' lang='lat' dir='ltr'><strong>Romani.</strong></span> <span class='ocrx_word' id='word_1_48' title='bbox 799 1065 934 1156; x_wconf 77' lang='lat' dir='ltr'><strong>Magnae</strong></span> <span class='ocrx_word' id='word_1_49' title='bbox 961 1086 1058 1157; x_wconf 86' lang='lat' dir='ltr'><strong>opes,</strong></span> <span class='ocrx_word' id='word_1_50' title='bbox 1084 1084 1211 1154; x_wconf 84' lang='lat' dir='ltr'><strong>magna</strong></span> 
     </span>
     <span class='ocr_line' id='line_1_8' title="bbox 133 1184 1211 1279; baseline 0.002 -25"><span class='ocrx_word' id='word_1_51' title='bbox 133 1184 297 1276; x_wconf 78' lang='lat' dir='ltr'><strong>praesidia</strong></span> <span class='ocrx_word' id='word_1_52' title='bbox 338 1188 368 1256; x_wconf 92' lang='lat' dir='ltr'><strong>si</strong></span> <span class='ocrx_word' id='word_1_53' title='bbox 404 1187 548 1258; x_wconf 89' lang='lat' dir='ltr'><strong>consilio</strong></span> <span class='ocrx_word' id='word_1_54' title='bbox 585 1186 847 1279; x_wconf 75' lang='lat' dir='ltr'><strong>gubernentur:</strong></span> <span class='ocrx_word' id='word_1_55' title='bbox 891 1185 1030 1257; x_wconf 83' lang='lat' dir='ltr'><strong>abunde</strong></span> <span class='ocrx_word' id='word_1_56' title='bbox 1073 1206 1135 1277; x_wconf 88' lang='lat' dir='ltr'><strong>per</strong></span> <span class='ocrx_word' id='word_1_57' title='bbox 1172 1205 1211 1256; x_wconf 89' lang='lat' dir='ltr'><strong>se</strong></span> 
     </span>
     <span class='ocr_line' id='line_1_9' title="bbox 135 1306 1211 1410; baseline 0.004 -36"><span class='ocrx_word' id='word_1_58' title='bbox 135 1306 247 1401; x_wconf 91' lang='lat' dir='ltr'><strong>ipsum</strong></span> <span class='ocrx_word' id='word_1_59' title='bbox 280 1319 410 1404; x_wconf 91' lang='lat' dir='ltr'><strong>potest,</strong></span> <span class='ocrx_word' id='word_1_60' title='bbox 438 1310 541 1381; x_wconf 91' lang='lat' dir='ltr'><strong>modo</strong></span> <span class='ocrx_word' id='word_1_61' title='bbox 573 1312 663 1380; x_wconf 89' lang='lat' dir='ltr'><strong>velle</strong></span> <span class='ocrx_word' id='word_1_62' title='bbox 685 1335 793 1383; x_wconf 87' lang='lat' dir='ltr'><strong>unum</strong></span> <span class='ocrx_word' id='word_1_63' title='bbox 815 1309 965 1402; x_wconf 85' lang='lat' dir='ltr'><strong>incipiat.</strong></span> <span class='ocrx_word' id='word_1_64' title='bbox 993 1309 1124 1400; x_wconf 89' lang='lat' dir='ltr'><strong>lncepit</strong></span> <span class='ocrx_word' id='word_1_65' title='bbox 1148 1330 1211 1410; x_wconf 57' lang='lat' dir='ltr'><strong>auf</strong></span> 
     </span>
     <span class='ocr_line' id='line_1_10' title="bbox 135 1426 1211 1525; baseline -0.002 -24"><span class='ocrx_word' id='word_1_66' title='bbox 135 1440 218 1516; x_wconf 85' lang='lat' dir='ltr'><strong>tem,</strong></span> <span class='ocrx_word' id='word_1_67' title='bbox 240 1430 379 1524; x_wconf 86' lang='lat' dir='ltr'><strong>iamque</strong></span> <span class='ocrx_word' id='word_1_68' title='bbox 408 1434 504 1504; x_wconf 91' lang='lat' dir='ltr'><strong>vult:</strong></span> <span class='ocrx_word' id='word_1_69' title='bbox 532 1432 592 1525; x_wconf 88' lang='lat' dir='ltr'><strong>qul</strong></span> <span class='ocrx_word' id='word_1_70' title='bbox 617 1433 709 1502; x_wconf 88' lang='lat' dir='ltr'><strong>enim</strong></span> <span class='ocrx_word' id='word_1_71' title='bbox 738 1443 857 1505; x_wconf 86' lang='lat' dir='ltr'><strong>contra</strong></span> <span class='ocrx_word' id='word_1_72' title='bbox 888 1431 1049 1512; x_wconf 88' lang='lat' dir='ltr'><strong>sentiunt,</strong></span> <span class='ocrx_word' id='word_1_73' title='bbox 1073 1451 1142 1500; x_wconf 89' lang='lat' dir='ltr'><strong>non</strong></span> <span class='ocrx_word' id='word_1_74' title='bbox 1159 1426 1211 1499; x_wconf 87' lang='lat' dir='ltr'><strong>de</strong></span> 
     </span>
     <span class='ocr_line' id='line_1_11' title="bbox 135 1551 1210 1648; baseline -0.002 -24"><span class='ocrx_word' id='word_1_75' title='bbox 135 1556 251 1648; x_wconf 89' lang='lat' dir='ltr'><strong>populi</strong></span> <span class='ocrx_word' id='word_1_76' title='bbox 273 1555 337 1626; x_wconf 91' lang='lat' dir='ltr'><strong>sed</strong></span> <span class='ocrx_word' id='word_1_77' title='bbox 357 1556 401 1626; x_wconf 89' lang='lat' dir='ltr'><strong>de</strong></span> <span class='ocrx_word' id='word_1_78' title='bbox 422 1555 573 1628; x_wconf 91' lang='lat' dir='ltr'><strong>hostium</strong></span> <span class='ocrx_word' id='word_1_79' title='bbox 599 1577 747 1626; x_wconf 90' lang='lat' dir='ltr'><strong>numero</strong></span> <span class='ocrx_word' id='word_1_80' title='bbox 773 1566 854 1626; x_wconf 89' lang='lat' dir='ltr'><strong>sunt</strong></span> <span class='ocrx_word' id='word_1_81' title='bbox 886 1554 1053 1637; x_wconf 86' lang='lat' dir='ltr'><strong>habendi,</strong></span> <span class='ocrx_word' id='word_1_82' title='bbox 1082 1551 1210 1644; x_wconf 87' lang='lat' dir='ltr'><strong>quibus</strong></span> 
     </span>
    </p>
   </div>
   <div class='ocr_carea' id='block_1_3' title="bbox 136 1676 1327 1769">
    <p class='ocr_par' dir='ltr' id='par_1_3' title="bbox 136 1676 1327 1769">
     <span class='ocr_line' id='line_1_12' title="bbox 136 1676 1327 1769; baseline -0.003 -23"><span class='ocrx_word' id='word_1_83' title='bbox 136 1678 233 1748; x_wconf 89' lang='lat' dir='ltr'><strong>velut</strong></span> <span class='ocrx_word' id='word_1_84' title='bbox 261 1678 379 1769; x_wconf 90' lang='lat' dir='ltr'><strong>pravis</strong></span> <span class='ocrx_word' id='word_1_85' title='bbox 412 1676 617 1749; x_wconf 84' lang='lat' dir='ltr'><strong>humoribus</strong></span> <span class='ocrx_word' id='word_1_86' title='bbox 643 1690 872 1748; x_wconf 86' lang='lat' dir='ltr'><strong>exoneratum</strong></span> <span class='ocrx_word' id='word_1_87' title='bbox 900 1676 1109 1768; x_wconf 78' lang='lat' dir='ltr'><strong>Reipublicae</strong></span> <span class='ocrx_word' id='word_1_88' title='bbox 1135 1694 1211 1745; x_wconf 92' lang='lat' dir='ltr'><strong>cor·</strong></span> <span class='ocrx_word' id='word_1_89' title='bbox 1326 1700 1327 1703; x_wconf 42' lang='lat'>¹</span> 
     </span>
    </p>
   </div>
   <div class='ocr_carea' id='block_1_4' title="bbox 71 1789 1214 3944">
    <p class='ocr_par' dir='ltr' id='par_1_4' title="bbox 71 1789 1214 3944">
     <span class='ocr_line' id='line_1_13' title="bbox 71 1789 1209 1892; baseline -0.004 -24"><span class='ocrx_word' id='word_1_90' title='bbox 71 1789 72 1794; x_wconf 62' lang='grc'>’</span> <span class='ocrx_word' id='word_1_91' title='bbox 137 1819 217 1890; x_wconf 81' lang='lat' dir='ltr'><strong>pus,</strong></span> <span class='ocrx_word' id='word_1_92' title='bbox 239 1820 309 1889; x_wconf 91' lang='lat' dir='ltr'><strong>quo</strong></span> <span class='ocrx_word' id='word_1_93' title='bbox 330 1799 467 1870; x_wconf 88' lang='lat' dir='ltr'><strong>tenuius</strong></span> <span class='ocrx_word' id='word_1_94' title='bbox 484 1820 527 1870; x_wconf 91' lang='lat' dir='ltr'><strong>eo</strong></span> <span class='ocrx_word' id='word_1_95' title='bbox 544 1797 742 1892; x_wconf 81' lang='lat' dir='ltr'><strong>expeditius</strong></span> <span class='ocrx_word' id='word_1_96' title='bbox 761 1799 984 1888; x_wconf 85' lang='lat' dir='ltr'><strong>validiusque</strong></span> <span class='ocrx_word' id='word_1_97' title='bbox 1007 1795 1209 1866; x_wconf 86' lang='lat' dir='ltr'><strong>remanebit.</strong></span> 
     </span>
     <span class='ocr_line' id='line_1_14' title="bbox 135 1919 1210 2013; baseline -0.003 -23"><span class='ocrx_word' id='word_1_98' title='bbox 135 1919 238 1991; x_wconf 82' lang='lat' dir='ltr'><strong>Adsit</strong></span> <span class='ocrx_word' id='word_1_99' title='bbox 257 1921 473 2013; x_wconf 87' lang='lat' dir='ltr'><strong>providentia</strong></span> <span class='ocrx_word' id='word_1_100' title='bbox 493 1942 558 1993; x_wconf 88' lang='lat' dir='ltr'><strong>neo</strong></span> <span class='ocrx_word' id='word_1_101' title='bbox 577 1921 714 1992; x_wconf 90' lang='lat' dir='ltr'><strong>animus</strong></span> <span class='ocrx_word' id='word_1_102' title='bbox 736 1920 841 2003; x_wconf 84' lang='lat' dir='ltr'><strong>desit,</strong></span> <span class='ocrx_word' id='word_1_103' title='bbox 865 1919 971 2011; x_wconf 89' lang='lat' dir='ltr'><strong>robur</strong></span> <span class='ocrx_word' id='word_1_104' title='bbox 992 1919 1121 2011; x_wconf 88' lang='lat' dir='ltr'><strong>quippe</strong></span> <span class='ocrx_word' id='word_1_105' title='bbox 1141 1937 1210 1988; x_wconf 91' lang='lat' dir='ltr'><strong>non</strong></span> 
     </span>
     <span class='ocr_line' id='line_1_15' title="bbox 134 2024 1210 2124; baseline -0.002 -14"><span class='ocrx_word' id='word_1_106' title='bbox 134 2039 258 2124; x_wconf 86' lang='lat' dir='ltr'><strong>deerit,</strong></span> <span class='ocrx_word' id='word_1_107' title='bbox 290 2065 359 2115; x_wconf 90' lang='lat' dir='ltr'><strong>non</strong></span> <span class='ocrx_word' id='word_1_108' title='bbox 392 2024 495 2114; x_wconf 92' lang='lat' dir='ltr'><strong>modo</strong></span> <span class='ocrx_word' id='word_1_109' title='bbox 520 2043 565 2114; x_wconf 92' lang='lat' dir='ltr'><strong>ad</strong></span> <span class='ocrx_word' id='word_1_110' title='bbox 590 2041 785 2112; x_wconf 88' lang='lat' dir='ltr'><strong>libertatem</strong></span> <span class='ocrx_word' id='word_1_111' title='bbox 815 2041 991 2124; x_wconf 90' lang='lat' dir='ltr'><strong>tuendam,</strong></span> <span class='ocrx_word' id='word_1_112' title='bbox 1018 2041 1080 2111; x_wconf 90' lang='lat' dir='ltr'><strong>sed</strong></span> <span class='ocrx_word' id='word_1_113' title='bbox 1106 2038 1210 2114; x_wconf 82' lang='lat' dir='ltr'><strong>etiam</strong></span> 
     </span>
     <span class='ocr_line' id='line_1_16' title="bbox 136 2161 1213 2257; baseline -0.003 -25"><span class='ocrx_word' id='word_1_114' title='bbox 136 2161 180 2232; x_wconf 85' lang='lat' dir='ltr'><strong>ad</strong></span> <span class='ocrx_word' id='word_1_115' title='bbox 207 2163 392 2255; x_wconf 87' lang='lat' dir='ltr'><strong>imperium</strong></span> <span class='ocrx_word' id='word_1_116' title='bbox 426 2164 665 2257; x_wconf 89' lang='lat' dir='ltr'><strong>repetendum.</strong></span> <span class='ocrx_word' id='word_1_117' title='bbox 699 2164 874 2245; x_wconf 88' lang='lat' dir='ltr'><strong>Quantum</strong></span> <span class='ocrx_word' id='word_1_118' title='bbox 898 2182 984 2236; x_wconf 90' lang='lat' dir='ltr'><strong>vero</strong></span> <span class='ocrx_word' id='word_1_119' title='bbox 1004 2163 1138 2233; x_wconf 79' lang='lat' dir='ltr'><strong>confert</strong></span> <span class='ocrx_word' id='word_1_120' title='bbox 1156 2181 1213 2230; x_wconf 92' lang='lat' dir='ltr'><strong>re-</strong></span> 
     </span>
     <span class='ocr_line' id='line_1_17' title="bbox 135 2282 1213 2373; baseline -0.004 -17"><span class='ocrx_word' id='word_1_121' title='bbox 135 2284 288 2373; x_wconf 91' lang='lat' dir='ltr'><strong>cordatio</strong></span> <span class='ocrx_word' id='word_1_122' title='bbox 310 2286 495 2357; x_wconf 88' lang='lat' dir='ltr'><strong>vetustatis</strong></span> <span class='ocrx_word' id='word_1_123' title='bbox 515 2294 551 2355; x_wconf 93' lang='lat' dir='ltr'><strong>et</strong></span> <span class='ocrx_word' id='word_1_124' title='bbox 571 2282 701 2356; x_wconf 92' lang='lat' dir='ltr'><strong>mundo</strong></span> <span class='ocrx_word' id='word_1_125' title='bbox 721 2284 835 2356; x_wconf 89' lang='lat' dir='ltr'><strong>dilecti</strong></span> <span class='ocrx_word' id='word_1_126' title='bbox 857 2284 1006 2355; x_wconf 88' lang='lat' dir='ltr'><strong>nominis</strong></span> <span class='ocrx_word' id='word_1_127' title='bbox 1026 2284 1213 2354; x_wconf 79' lang='lat' dir='ltr'><strong>maiestas?</strong></span> 
     </span>
     <span class='ocr_line' id='line_1_18' title="bbox 135 2407 1213 2504; baseline -0.003 -25"><span class='ocrx_word' id='word_1_128' title='bbox 135 2407 221 2491; x_wconf 86' lang='lat' dir='ltr'><strong>Quis</strong></span> <span class='ocrx_word' id='word_1_129' title='bbox 241 2430 310 2504; x_wconf 89' lang='lat' dir='ltr'><strong>non</strong></span> <span class='ocrx_word' id='word_1_130' title='bbox 332 2408 525 2479; x_wconf 86' lang='lat' dir='ltr'><strong>Romaeius</strong></span> <span class='ocrx_word' id='word_1_131' title='bbox 548 2429 649 2478; x_wconf 89' lang='lat' dir='ltr'><strong>suum</strong></span> <span class='ocrx_word' id='word_1_132' title='bbox 672 2408 894 2502; x_wconf 86' lang='lat' dir='ltr'><strong>prosequenti</strong></span> <span class='ocrx_word' id='word_1_133' title='bbox 916 2427 1101 2500; x_wconf 88' lang='lat' dir='ltr'><strong>prosperos</strong></span> <span class='ocrx_word' id='word_1_134' title='bbox 1120 2415 1213 2499; x_wconf 86' lang='lat' dir='ltr'><strong>optet</strong></span> 
     </span>
     <span class='ocr_line' id='line_1_19' title="bbox 135 2528 1213 2622; baseline -0.005 -22"><span class='ocrx_word' id='word_1_135' title='bbox 135 2535 308 2602; x_wconf 84' lang='lat' dir='ltr'><strong>eventus‘.l</strong></span> <span class='ocrx_word' id='word_1_136' title='bbox 341 2532 424 2603; x_wconf 90' lang='lat' dir='ltr'><strong>Tam</strong></span> <span class='ocrx_word' id='word_1_137' title='bbox 451 2531 554 2602; x_wconf 89' lang='lat' dir='ltr'><strong>iustae</strong></span> <span class='ocrx_word' id='word_1_138' title='bbox 587 2552 704 2602; x_wconf 86' lang='lat' dir='ltr'><strong>causae</strong></span> <span class='ocrx_word' id='word_1_139' title='bbox 732 2528 955 2622; x_wconf 87' lang='lat' dir='ltr'><strong>patrocinium</strong></span> <span class='ocrx_word' id='word_1_140' title='bbox 983 2530 1075 2598; x_wconf 86' lang='lat' dir='ltr'><strong>Deus</strong></span> <span class='ocrx_word' id='word_1_141' title='bbox 1102 2528 1213 2599; x_wconf 92' lang='lat' dir='ltr'><strong>bomi-</strong></span> 
     </span>
     <span class='ocr_line' id='line_1_20' title="bbox 136 2651 1213 2748; baseline 0 -26"><span class='ocrx_word' id='word_1_142' title='bbox 136 2674 270 2746; x_wconf 90' lang='lat' dir='ltr'><strong>uesque</strong></span> <span class='ocrx_word' id='word_1_143' title='bbox 297 2654 502 2748; x_wconf 88' lang='lat' dir='ltr'><strong>suscipiunt.</strong></span> <span class='ocrx_word' id='word_1_144' title='bbox 530 2655 635 2737; x_wconf 90' lang='lat' dir='ltr'><strong>ltalia,</strong></span> <span class='ocrx_word' id='word_1_145' title='bbox 664 2676 842 2746; x_wconf 88' lang='lat' dir='ltr'><strong>quaecum</strong></span> <span class='ocrx_word' id='word_1_146' title='bbox 876 2651 988 2744; x_wconf 88' lang='lat' dir='ltr'><strong>capite</strong></span> <span class='ocrx_word' id='word_1_147' title='bbox 1020 2661 1213 2741; x_wconf 81' lang='lat' dir='ltr'><strong>aegrotante</strong></span> 
     </span>
     <span class='ocr_line' id='line_1_21' title="bbox 136 2755 1214 2867; baseline 0 -23"><span class='ocrx_word' id='word_1_148' title='bbox 136 2776 342 2867; x_wconf 80' lang='lat' dir='ltr'><strong>languebat,</strong></span> <span class='ocrx_word' id='word_1_149' title='bbox 377 2798 456 2848; x_wconf 90' lang='lat' dir='ltr'><strong>sese</strong></span> <span class='ocrx_word' id='word_1_150' title='bbox 481 2779 550 2848; x_wconf 91' lang='lat' dir='ltr'><strong>iam</strong></span> <span class='ocrx_word' id='word_1_151' title='bbox 577 2800 670 2849; x_wconf 88' lang='lat' dir='ltr'><strong>nunc</strong></span> <span class='ocrx_word' id='word_1_152' title='bbox 695 2776 808 2847; x_wconf 84' lang='lat' dir='ltr'><strong>erexit</strong></span> <span class='ocrx_word' id='word_1_153' title='bbox 833 2776 868 2844; x_wconf 92' lang='lat' dir='ltr'><strong>in</strong></span> <span class='ocrx_word' id='word_1_154' title='bbox 891 2755 1058 2845; x_wconf 86' lang='lat' dir='ltr'><strong>cubitum.</strong></span> <span class='ocrx_word' id='word_1_155' title='bbox 1079 2773 1114 2844; x_wconf 88' lang='lat' dir='ltr'><strong>Si</strong></span> <span class='ocrx_word' id='word_1_156' title='bbox 1136 2796 1214 2865; x_wconf 92' lang='lat' dir='ltr'><strong>per-</strong></span> 
     </span>
     <span class='ocr_line' id='line_1_22' title="bbox 139 2894 1214 2989; baseline -0.002 -25"><span class='ocrx_word' id='word_1_157' title='bbox 139 2896 294 2965; x_wconf 90' lang='lat' dir='ltr'><strong>stiteritis</strong></span> <span class='ocrx_word' id='word_1_158' title='bbox 320 2898 466 2989; x_wconf 84' lang='lat' dir='ltr'><strong>incepto,</strong></span> <span class='ocrx_word' id='word_1_159' title='bbox 496 2906 533 2968; x_wconf 89' lang='lat' dir='ltr'><strong>et</strong></span> <span class='ocrx_word' id='word_1_160' title='bbox 561 2900 663 2968; x_wconf 89' lang='lat' dir='ltr'><strong>laetus</strong></span> <span class='ocrx_word' id='word_1_161' title='bbox 681 2917 801 2967; x_wconf 94' lang='lat' dir='ltr'><strong>rumor</strong></span> <span class='ocrx_word' id='word_1_162' title='bbox 821 2895 1017 2974; x_wconf 86' lang='lat' dir='ltr'><strong>invaluerit,</strong></span> <span class='ocrx_word' id='word_1_163' title='bbox 1053 2916 1137 2963; x_wconf 83' lang='lat' dir='ltr'><strong>mox</strong></span> <span class='ocrx_word' id='word_1_164' title='bbox 1164 2894 1214 2963; x_wconf 86' lang='lat' dir='ltr'><strong>sic</strong></span> 
     </span>
     <span class='ocr_line' id='line_1_23' title="bbox 139 3015 1214 3107; baseline -0.001 -22"><span class='ocrx_word' id='word_1_165' title='bbox 139 3037 219 3107; x_wconf 88' lang='lat' dir='ltr'><strong>spes</strong></span> <span class='ocrx_word' id='word_1_166' title='bbox 252 3017 356 3091; x_wconf 87' lang='lat' dir='ltr'><strong>etiam</strong></span> <span class='ocrx_word' id='word_1_167' title='bbox 384 3017 533 3088; x_wconf 90' lang='lat' dir='ltr'><strong>iucunda</strong></span> <span class='ocrx_word' id='word_1_168' title='bbox 557 3028 766 3107; x_wconf 81' lang='lat' dir='ltr'><strong>consurget3</strong></span> <span class='ocrx_word' id='word_1_169' title='bbox 794 3015 873 3085; x_wconf 91' lang='lat' dir='ltr'><strong>boni</strong></span> <span class='ocrx_word' id='word_1_170' title='bbox 894 3036 1015 3086; x_wconf 90' lang='lat' dir='ltr'><strong>omnes</strong></span> <span class='ocrx_word' id='word_1_171' title='bbox 1036 3015 1095 3106; x_wconf 93' lang='lat' dir='ltr'><strong>qui</strong></span> <span class='ocrx_word' id='word_1_172' title='bbox 1117 3025 1214 3107; x_wconf 88' lang='lat' dir='ltr'><strong>pote-</strong></span> 
     </span>
     <span class='ocr_line' id='line_1_24' title="bbox 140 3128 1213 3232; baseline 0.001 -25"><span class='ocrx_word' id='word_1_173' title='bbox 140 3150 232 3221; x_wconf 84' lang='lat' dir='ltr'><strong>runt,</strong></span> <span class='ocrx_word' id='word_1_174' title='bbox 265 3138 431 3210; x_wconf 80' lang='lat' dir='ltr'><strong>auxilium</strong></span> <span class='ocrx_word' id='word_1_175' title='bbox 453 3140 583 3210; x_wconf 85' lang='lat' dir='ltr'><strong>serent:</strong></span> <span class='ocrx_word' id='word_1_176' title='bbox 606 3137 735 3232; x_wconf 90' lang='lat' dir='ltr'><strong>quibus</strong></span> <span class='ocrx_word' id='word_1_177' title='bbox 761 3128 880 3229; x_wconf 82' lang='lat' dir='ltr'><strong>posse</strong></span> <span class='ocrx_word' id='word_1_178' title='bbox 897 3136 1094 3229; x_wconf 77' lang='lat' dir='ltr'><strong>negabitur,</strong></span> <span class='ocrx_word' id='word_1_179' title='bbox 1121 3138 1213 3210; x_wconf 88' lang='lat' dir='ltr'><strong>votis</strong></span> 
     </span>
     <span class='ocr_line' id='line_1_25' title="bbox 139 3259 1213 3355; baseline 0 -25"><span class='ocrx_word' id='word_1_180' title='bbox 139 3263 260 3330; x_wconf 88' lang='lat' dir='ltr'><strong>saltem</strong></span> <span class='ocrx_word' id='word_1_181' title='bbox 285 3273 320 3332; x_wconf 90' lang='lat' dir='ltr'><strong>et</strong></span> <span class='ocrx_word' id='word_1_182' title='bbox 342 3260 503 3353; x_wconf 88' lang='lat' dir='ltr'><strong>precibus</strong></span> <span class='ocrx_word' id='word_1_183' title='bbox 528 3259 765 3332; x_wconf 85' lang='lat' dir='ltr'><strong>adiuvabant:</strong></span> <span class='ocrx_word' id='word_1_184' title='bbox 796 3269 916 3331; x_wconf 90' lang='lat' dir='ltr'><strong>contra</strong></span> <span class='ocrx_word' id='word_1_185' title='bbox 948 3271 1061 3339; x_wconf 87' lang='lat' dir='ltr'><strong>autem</strong></span> <span class='ocrx_word' id='word_1_186' title='bbox 1096 3261 1213 3355; x_wconf 90' lang='lat' dir='ltr'><strong>prodi-</strong></span> 
     </span>
     <span class='ocr_line' id='line_1_26' title="bbox 139 3382 1211 3475; baseline 0 -21"><span class='ocrx_word' id='word_1_187' title='bbox 139 3394 233 3454; x_wconf 87' lang='lat' dir='ltr'><strong>tores</strong></span> <span class='ocrx_word' id='word_1_188' title='bbox 261 3383 381 3475; x_wconf 88' lang='lat' dir='ltr'><strong>patriae</strong></span> <span class='ocrx_word' id='word_1_189' title='bbox 413 3392 450 3457; x_wconf 88' lang='lat' dir='ltr'><strong>et</strong></span> <span class='ocrx_word' id='word_1_190' title='bbox 481 3384 538 3454; x_wconf 92' lang='lat' dir='ltr'><strong>bic</strong></span> <span class='ocrx_word' id='word_1_191' title='bbox 563 3383 678 3475; x_wconf 81' lang='lat' dir='ltr'><strong>gladio</strong></span> <span class='ocrx_word' id='word_1_192' title='bbox 708 3386 818 3455; x_wconf 90' lang='lat' dir='ltr'><strong>ultore</strong></span> <span class='ocrx_word' id='word_1_193' title='bbox 848 3384 1031 3470; x_wconf 81' lang='lat' dir='ltr'><strong>ferientur,</strong></span> <span class='ocrx_word' id='word_1_194' title='bbox 1058 3393 1094 3453; x_wconf 89' lang='lat' dir='ltr'><strong>et</strong></span> <span class='ocrx_word' id='word_1_195' title='bbox 1119 3382 1211 3475; x_wconf 92' lang='lat' dir='ltr'><strong>apud</strong></span> 
     </span>
     <span class='ocr_line' id='line_1_27' title="bbox 138 3505 1212 3599; baseline -0.004 -22"><span class='ocrx_word' id='word_1_196' title='bbox 138 3508 266 3578; x_wconf 88' lang='lat' dir='ltr'><strong>inferos</strong></span> <span class='ocrx_word' id='word_1_197' title='bbox 300 3505 441 3578; x_wconf 88' lang='lat' dir='ltr'><strong>meritas</strong></span> <span class='ocrx_word' id='word_1_198' title='bbox 468 3527 589 3598; x_wconf 88' lang='lat' dir='ltr'><strong>poenas</strong></span> <span class='ocrx_word' id='word_1_199' title='bbox 615 3508 721 3589; x_wconf 84' lang='lat' dir='ltr'><strong>luent¹</strong></span> <span class='ocrx_word' id='word_1_200' title='bbox 749 3529 843 3599; x_wconf 81' lang='lat' dir='ltr'><strong>quas·</strong></span> <span class='ocrx_word' id='word_1_201' title='bbox 864 3507 915 3577; x_wconf 88' lang='lat' dir='ltr'><strong>eis</strong></span> <span class='ocrx_word' id='word_1_202' title='bbox 943 3528 1010 3577; x_wconf 91' lang='lat' dir='ltr'><strong>non</strong></span> <span class='ocrx_word' id='word_1_203' title='bbox 1032 3506 1114 3576; x_wconf 89' lang='lat' dir='ltr'><strong>novi</strong></span> <span class='ocrx_word' id='word_1_204' title='bbox 1136 3515 1212 3575; x_wconf 89' lang='lat' dir='ltr'><strong>lan-</strong></span> 
     </span>
     <span class='ocr_line' id='line_1_28' title="bbox 138 3627 1213 3712; baseline 0.003 -16"><span class='ocrx_word' id='word_1_205' title='bbox 138 3637 210 3701; x_wconf 92' lang='lat' dir='ltr'><strong>tum</strong></span> <span class='ocrx_word' id='word_1_206' title='bbox 232 3628 405 3712; x_wconf 83' lang='lat' dir='ltr'><strong>doctores‚</strong></span> <span class='ocrx_word' id='word_1_207' title='bbox 430 3627 492 3698; x_wconf 90' lang='lat' dir='ltr'><strong>sed</strong></span> <span class='ocrx_word' id='word_1_208' title='bbox 512 3628 615 3699; x_wconf 90' lang='lat' dir='ltr'><strong>etiam</strong></span> <span class='ocrx_word' id='word_1_209' title='bbox 635 3639 775 3699; x_wconf 88' lang='lat' dir='ltr'><strong>veteres</strong></span> <span class='ocrx_word' id='word_1_210' title='bbox 795 3629 1058 3700; x_wconf 89' lang='lat' dir='ltr'><strong>comminantur.</strong></span> <span class='ocrx_word' id='word_1_211' title='bbox 1076 3629 1213 3699; x_wconf 90' lang='lat' dir='ltr'><strong>Hisunt</strong></span> 
     </span>
     <span class='ocr_line' id='line_1_29' title="bbox 136 3728 1212 3845; baseline -0.002 -24"><span class='ocrx_word' id='word_1_212' title='bbox 136 3750 227 3821; x_wconf 91' lang='lat' dir='ltr'><strong>enim</strong></span> <span class='ocrx_word' id='word_1_213' title='bbox 249 3770 338 3842; x_wconf 92' lang='lat' dir='ltr'><strong>quos</strong></span> <span class='ocrx_word' id='word_1_214' title='bbox 357 3751 393 3819; x_wconf 90' lang='lat' dir='ltr'><strong>in</strong></span> <span class='ocrx_word' id='word_1_215' title='bbox 413 3749 582 3823; x_wconf 89' lang='lat' dir='ltr'><strong>acerrimo</strong></span> <span class='ocrx_word' id='word_1_216' title='bbox 603 3728 847 3845; x_wconf 86' lang='lat' dir='ltr'><strong>suppliciorum</strong></span> <span class='ocrx_word' id='word_1_217' title='bbox 870 3751 997 3823; x_wconf 83' lang='lat' dir='ltr'><strong>m&#39;rculo</strong></span> <span class='ocrx_word' id='word_1_218' title='bbox 1018 3752 1114 3822; x_wconf 87' lang='lat' dir='ltr'><strong>lllaro</strong></span> <span class='ocrx_word' id='word_1_219' title='bbox 1131 3771 1212 3822; x_wconf 88' lang='lat' dir='ltr'><strong>coo-</strong></span> 
     </span>
     <span class='ocr_line' id='line_1_30' title="bbox 135 3871 299 3944; baseline -0.018 0"><span class='ocrx_word' id='word_1_220' title='bbox 135 3871 239 3944; x_wconf 90' lang='lat' dir='ltr'><strong>clusit</strong></span> <span class='ocrx_word' id='word_1_221' title='bbox 253 3898 299 3941; x_wconf 53' lang='lat' dir='ltr'><strong>:w</strong></span> 
     </span>
    </p>
   </div>
   <div class='ocr_carea' id='block_1_5' title="bbox 253 4035 1121 4217">
    <p class='ocr_par' dir='ltr' id='par_1_5' title="bbox 253 4035 1121 4217">
     <span class='ocr_line' id='line_1_31' title="bbox 254 4035 1121 4118; baseline 0.001 -19"><span class='ocrx_word' id='word_1_222' title='bbox 254 4035 392 4099; x_wconf 85' lang='lat' dir='ltr'><strong>Vendidit</strong></span> <span class='ocrx_word' id='word_1_223' title='bbox 408 4036 456 4098; x_wconf 88' lang='lat' dir='ltr'><strong>lric</strong></span> <span class='ocrx_word' id='word_1_224' title='bbox 473 4052 549 4100; x_wconf 89' lang='lat' dir='ltr'><strong>auro</strong></span> <span class='ocrx_word' id='word_1_225' title='bbox 569 4037 711 4116; x_wconf 85' lang='lat' dir='ltr'><strong>patriam,</strong></span> <span class='ocrx_word' id='word_1_226' title='bbox 729 4038 951 4117; x_wconf 84' lang='lat' dir='ltr'><strong>dominumque</strong></span> <span class='ocrx_word' id='word_1_227' title='bbox 968 4043 1121 4118; x_wconf 84' lang='lat' dir='ltr'><strong>potentem</strong></span> 
     </span>
     <span class='ocr_line' id='line_1_32' title="bbox 253 4134 952 4217; baseline 0.003 -20"><span class='ocrx_word' id='word_1_228' title='bbox 253 4134 415 4215; x_wconf 72' lang='lat' dir='ltr'><strong>Imposuit,</strong></span> <span class='ocrx_word' id='word_1_229' title='bbox 434 4137 499 4200; x_wconf 82' lang='lat' dir='ltr'><strong>fixit</strong></span> <span class='ocrx_word' id='word_1_230' title='bbox 518 4138 597 4216; x_wconf 74' lang='lat' dir='ltr'><strong>leges</strong></span> <span class='ocrx_word' id='word_1_231' title='bbox 614 4137 713 4217; x_wconf 87' lang='lat' dir='ltr'><strong>pretio</strong></span> <span class='ocrx_word' id='word_1_232' title='bbox 732 4144 822 4215; x_wconf 87' lang='lat' dir='ltr'><strong>atque</strong></span> <span class='ocrx_word' id='word_1_233' title='bbox 840 4136 952 4200; x_wconf 80' lang='lat' dir='ltr'><strong>refixit.</strong></span> 
     </span>
    </p>
   </div>
   <div class='ocr_carea' id='block_1_6' title="bbox 0 0 1476 4650">
    <p class='ocr_par' dir='ltr' id='par_1_6' title="bbox 0 0 1476 4650">
     <span class='ocr_line' id='line_1_33' title="bbox 0 0 1476 4650; baseline 0 0"><span class='ocrx_word' id='word_1_234' title='bbox 0 0 1476 4650; x_wconf 95' lang='lat' dir='ltr'><strong> </strong></span> 
     </span>
    </p>
   </div>
  </div>
 </body>
</html>
