2992 4664
353 318 446 368 trouu
468 317 1005 376 vrcusmusounnrus.—amsrona
1027 319 1079 366 vn.
1181 303 1239 364 atr

159 467 298 547 borum3
321 465 449 556 quibus
469 465 658 560 exemplis
674 469 834 559 quamvis
854 489 955 538 nemo
970 465 1029 536 tibi
1049 488 1110 560 par
1130 466 1245 546 fuerit,

161 601 279 662 tamen
298 599 486 680 utcumque
507 597 637 659 sortem
655 598 750 659 tuam
769 590 1003 682 aequanimius
1018 591 1108 660 ferre
1121 586 1246 669 debes

160 735 210 783 ex
230 732 299 804 qua
320 732 414 781 nuno
432 709 566 802 aliquos
592 732 777 782 numerare
803 709 968 792 delectat,
996 692 1159 802 quoniam
1180 713 1248 782 ola·

162 855 281 906 rorum
298 834 480 903 nominum
497 834 553 904 vel
571 834 646 904 sola
658 835 941 905 commemoratio
955 832 1068 904 duleis
1082 844 1146 904 est.
1163 835 1251 904 Sunt

165 958 274 1048 igitur
288 956 337 1025 bi:
351 956 489 1025 lllarous
511 954 595 1026 Cato
616 955 819 1041 Censorius,
838 955 981 1026 Publius
1002 955 1162 1047 Nigidius
1179 954 1250 1025 An-

164 1081 281 1153 tonlns
314 1078 467 1173 Gnipho,
496 1078 603 1149 lulius
630 1079 805 1173 Hyginus,
832 1078 955 1149 Ateius
980 1077 1116 1172 Capito,
1144 1077 1251 1150 Caius

95 1252 101 1263 -
163 1204 310 1285 Bassus
343 1201 506 1274 Veratius
538 1199 762 1282 Pontifioalis,
798 1201 1010 1273 Octavianus
1045 1202 1247 1282 Herennius

165 1323 346 1396 Cornelius
364 1320 510 1403 BalbuS,
530 1320 702 1391 Masurius
724 1320 892 1406 Sabinus,
912 1322 1056 1393 Servius
1073 1323 1249 1415 Sulpitius,

166 1446 322 1517 Cloaoius
344 1447 470 1530 VeruS,
490 1446 594 1517 Caius
616 1445 773 1529 FlaoouS,
796 1445 982 1537 Pompeius
1008 1446 1145 1529 Festus,
1168 1446 1253 1516 Cas·

167 1568 244 1639 sius
259 1568 418 1650 Hemina,
434 1568 561 1642 Fabius
583 1570 709 1653 Pictor,
730 1568 861 1638 Statius
875 1567 1068 1651 Tullianus
1084 1568 1252 1660 multique

166 1690 225 1759 alii
244 1711 334 1781 quos
357 1710 562 1760 enumerare
587 1690 729 1780 longum
755 1699 822 1770 est,
850 1688 932 1759 olim
957 1690 1040 1760 olari
1067 1688 1134 1758 viri
1161 1711 1253 1760 nuno

167 1813 255 1884 cinis
275 1811 475 1902 ambiguum
494 1822 530 1883 et
550 1821 677 1905 praeter
697 1811 828 1904 primos
849 1808 937 1880 duos
958 1812 1019 1879 vix
1040 1811 1180 1901 cognita
1193 1832 1254 1881 no·

170 1935 280 2019 mina,
299 1955 388 2026 quos
406 1956 528 2004 omnes
546 1936 634 2004 meis
651 1931 770 2003 verbis
791 1943 849 2002 tuo
866 1954 927 2002 ore
947 1934 1116 2004 salutatos
1136 1932 1252 2002 velim.

170 2057 294 2128 lulium
319 2067 354 2128 et
379 2055 577 2148 Augustum
605 2058 768 2128 Caesares
794 2066 829 2124 et
855 2054 986 2145 aliquot
1011 2056 1097 2125 alios
1124 2077 1171 2126 ex
1197 2055 1254 2126 illo

167 2180 291 2250 ordine
323 2201 537 2271 quamquam
571 2177 850 2249 studiosissimos
880 2186 985 2267 atque
1015 2176 1281 2259 doctissimos,

172 2309 275 2394 teque
301 2301 478 2372 nonnullis
501 2302 623 2372 horum
645 2297 953 2370 familiarissimum
976 2300 1095 2384 sciam,
1118 2299 1254 2391 aequius

170 2438 286 2494 tamen
298 2424 417 2508 luerit,
436 2424 566 2495 nostris
585 2422 853 2523 imperatoribus
871 2422 1074 2493 salutandos
1089 2423 1253 2514 linquere,

172 2544 204 2613 si
225 2556 338 2616 tamen
359 2546 422 2618 bos
442 2568 508 2616 non
527 2546 664 2617 illorum
684 2546 802 2637 pudet,
825 2566 973 2638 quorum
994 2544 1110 2615 studio
1128 2567 1169 2615 ao
1187 2545 1256 2615 vir-

174 2677 246 2737 tute
259 2669 443 2739 fundatum
457 2668 640 2760 imperium
661 2678 874 2740 everterunt.
893 2668 1075 2744 AEternum
1093 2669 1181 2751 vale,
1204 2667 1256 2738 vir

170 2790 376 2861 clarissime.
403 2789 508 2882 Apud
535 2812 682 2882 superos
709 2791 741 2858 in
766 2789 882 2881 capite
907 2788 1002 2859 orbis
1028 2789 1152 2876 Roma,
1176 2806 1257 2882 quae

174 2925 232 2982 tua
266 2910 342 2993 luit,
379 2933 456 2982 mea
485 2911 596 3001 patria
628 2913 719 2981 faeta
751 2920 814 2981 est.
849 2908 1014 2980 Kalendis
1047 2909 1257 2982 Novembris

173 3052 266 3101 anno
286 3029 332 3101 ab
352 3041 430 3100 ortu
451 3031 539 3112 eius,
560 3053 667 3122 quem
690 3031 820 3101 utinam
842 3030 1015 3113 novisses
1039 3031 1192 3110 MCCCL.

596 3341 772 3406 nrrsrom
795 3342 850 3405 vu.
925 3318 928 3326 '

298 3483 301 3488 ’
339 3506 532 3554 rannorsous
554 3506 723 3557 rnrnnnca
745 3506 948 3566 oururnuuo
970 3508 996 3554 s,
1020 3507 1047 3554 r.
1071 3508 1100 3554 n.

119 3716 120 3719 Ἴ
178 3637 305 3694 Deillius
320 3638 540 3695 institutionibus
554 3639 681 3694 oratoriis
696 3653 766 3710 quas
779 3637 858 3712 libris
873 3638 1018 3695 rhetoricis
1028 3638 1064 3691 Μ.
1076 3638 1108 3692 Τ.
1120 3638 1260 3696 Ciceronis

265 3733 296 3782 ut
311 3729 447 3784 sermonis
462 3729 599 3799 elegantia
613 3728 764 3801 sequioreS,
781 3728 820 3782 sic
836 3726 968 3782 doetrinae
983 3726 1123 3798 diligentia
1138 3728 1260 3799 potiores

266 3818 408 3874 habendos
424 3819 553 3873 affirmat.
775 3821 777 3824 ’

276 4012 365 4082 Olim
389 4022 484 4082 tuum
503 4032 628 4082 nornen
647 4013 843 4096 audieram,
863 4022 898 4082 et
917 4010 961 4081 de
985 4020 1043 4081 tuo
1064 4011 1194 4103 aliquid
1213 4014 1261 4081 le-

182 4157 311 4225 geram,
334 4148 369 4208 et
389 4134 540 4207 mirabar
563 4135 654 4209 unde
676 4135 737 4207 tibi
756 4158 881 4209 nomen
902 4134 1080 4207 acuminis.
1105 4135 1190 4206 Sero
1211 4135 1262 4205 in·
1330 4120 1334 4127 ’
