2730 4680
224 321 264 382 60
558 335 599 381 nn
620 333 720 381 annus
741 331 964 380 rnurnmnmus

222 471 344 544 crebra
369 471 472 542 laude
502 467 666 563 superbio
697 479 733 540 et
764 469 849 540 mibi
883 469 981 563 (quid
1013 469 1141 564 rides‘l)
1178 471 1297 544 nescio

222 595 411 689 quomodo,
427 595 493 666 iam
509 597 637 680 sentio,
653 598 754 667 solito
767 597 881 667 carior
893 599 1005 667 factus
1020 617 1108 668 sum.
1135 597 1235 668 locor
1247 607 1297 668 te-

222 741 310 800 cum,
325 739 442 787 meum
452 716 577 803 decuS,
590 740 654 790 nec
668 741 744 791 sum
760 717 890 790 dubius
904 729 1014 791 totum
1028 720 1094 791 boc
1106 721 1157 791 tui
1170 721 1298 791 amoris

221 863 391 913 essenon
417 842 531 913 meriti
550 843 629 912 mei.
657 842 731 914 Non
754 844 783 912 si
804 864 859 914 me
886 851 979 914 totus
998 842 1095 914 orbis
1114 865 1185 914 una
1209 865 1298 914 voce

221 965 406 1049 collaudet,
428 966 514 1035 mibi
534 965 716 1058 parvitatis
737 985 826 1036 meae
842 966 1090 1037 conscientiam
1110 977 1300 1057 extorque-

220 1085 281 1159 bit.
303 1087 395 1171 Quid
415 1111 509 1160 nuno
529 1088 574 1159 de
594 1089 800 1160 certioribus
820 1090 926 1172 animi
947 1088 1104 1172 testibus,
1128 1088 1193 1182 piis
1212 1109 1299 1178 erga

221 1235 277 1283 me
295 1232 434 1308 semper
451 1212 588 1283 actibus
604 1213 675 1282 tuis
693 1212 836 1304 loquar?
853 1213 990 1296 Quanto
1007 1234 1062 1283 me
1077 1233 1198 1304 nuper,
1217 1231 1298 1281 nam

221 1334 362 1428 antiqua
376 1343 544 1427 praetereo
559 1334 623 1406 sed
637 1356 705 1404 non
719 1334 918 1422 obliviscor,
932 1346 1062 1430 quanto
1074 1357 1130 1406 me
1141 1345 1177 1404 et
1192 1356 1298 1427 quam

221 1480 301 1531 raro
321 1457 504 1552 privilegio
524 1458 741 1529 honestasti?
760 1460 862 1543 Quod
881 1461 949 1531 etsi
968 1460 1050 1531 olim
1070 1462 1219 1542 feceras,
1243 1479 1299 1529 sc-

220 1591 353 1653 cretum
375 1590 502 1665 tamen,
521 1582 660 1675 lmperii
678 1582 818 1674 signum
838 1596 873 1656 et
889 1583 1065 1675 ingentem
1085 1580 1215 1653 bullam
1237 1603 1299 1652 au-

222 1726 318 1776 ream
336 1702 524 1775 liberaliter
544 1703 718 1774 adiecisti:
736 1705 836 1776 cuius
858 1709 915 1777 vel
935 1716 1100 1802 aspectus
1121 1707 1217 1776 solus
1235 1703 1299 1773 im-

221 1847 381 1898 mensum
404 1824 569 1918 quiddam
587 1827 781 1897 maiestatis
799 1839 835 1898 et
851 1828 971 1919 gloriae
988 1824 1298 1919 contemplantibus

222 1950 364 2041 ingerit,
386 1959 422 2020 et
439 1947 707 2022 venerabundos
729 1952 822 2043 cogit
842 1952 970 2022 summi
989 1951 1128 2043 lmperii
1148 1959 1183 2020 et
1201 1959 1300 2020 vete

222 2074 271 2144 ris
289 2075 409 2145 Rornae
422 2084 526 2166 atque
541 2073 636 2145 aurei
651 2076 772 2146 saeouli
788 2075 1003 2145 meminisse:
1020 2072 1066 2145 ab
1082 2076 1190 2145 altera
1205 2074 1298 2144 enim

221 2207 321 2291 parte
342 2197 460 2268 Caesar
478 2206 598 2268 noster
615 2196 809 2269 diademate
829 2198 977 2290 insignis
994 2220 1035 2268 ac
1053 2207 1199 2291 sceptro,
1218 2195 1300 2266 hinc

222 2339 366 2389 romana
399 2317 529 2410 aquila,
558 2317 637 2389 binc
663 2320 762 2390 leone
793 2322 905 2414 patrio
929 2321 1167 2392 circumfultus
1203 2319 1299 2390 celso

222 2439 321 2510 sedet
342 2441 376 2508 in
395 2439 499 2509 solio:
525 2438 569 2509 ab
589 2441 698 2512 altera
717 2443 827 2513 Roma
846 2452 901 2513 est
921 2440 1071 2535 superba
1096 2442 1233 2536 templis
1259 2461 1299 2511 ac

222 2560 412 2643 moenibus,
441 2562 546 2653 inque
566 2558 643 2656 ipso
668 2565 745 2636 auri
763 2566 907 2660 pallore,
936 2575 973 2635 ut
997 2565 1165 2636 Dauidico
1191 2560 1298 2633 verbo

225 2696 310 2768 utar,
332 2682 510 2755 blanditur
530 2687 640 2757 oculis
660 2688 949 2781 praedulcitarque
971 2686 1126 2780 subrepit
1146 2691 1246 2758 sacra
1264 2694 1298 2755 et

138 2863 141 2866 s
222 2807 432 2878 venerabilis
455 2808 555 2876 almae
573 2806 674 2880 Urbis
692 2809 837 2902 effigies.
854 2811 922 2882 Pro
939 2810 998 2882 tali
1014 2831 1159 2880 munere
1177 2830 1299 2901 precor

221 2931 353 3002 nudam‘
371 2929 620 3021 gratitudinem
641 2954 753 3004 meam
775 2933 913 3027 accipe:
941 2955 1023 3004 nam
1042 2930 1128 3024 quid
1148 2933 1297 3002 referam

222 3075 292 3124 non
313 3054 437 3125 babeo.
460 3055 596 3126 Gratias
618 3055 762 3140 Caesari,
790 3059 919 3148 gratias
939 3055 1011 3127 tibi.
1032 3055 1124 3125 Nihil
1144 3075 1297 3146 unquam

222 3197 243 3246 a
264 3172 365 3246 vobis
387 3177 515 3246 frustra
535 3177 641 3248 volui.
663 3179 724 3248 llle
744 3201 801 3249 me
821 3200 966 3251 numero
991 3177 1221 3250 Palatinarum
1240 3196 1298 3246 co-

224 3300 344 3371 mitum
366 3298 525 3384 inseruit,
548 3309 583 3370 et
602 3293 711 3371 m'ulta
732 3301 978 3395 superaddidit,
999 3299 1220 3393 quaepauois
1241 3319 1299 3368 so-

222 3427 280 3496 let.
302 3424 352 3494 Tu
373 3443 503 3492 munus
520 3422 720 3494 Caesareum
742 3435 929 3515 augustum
950 3422 1044 3495 omni
1061 3421 1176 3494 studio
1196 3421 1299 3493 ador-

222 3549 322 3632 nasti,
342 3554 446 3638 atque
466 3545 754 3638 augustissimum
775 3546 929 3619 effecisti.
949 3547 1126 3618 Caeterum
1147 3552 1186 3616 ut
1205 3544 1297 3615 illius

223 3672 344 3761 gratiae
365 3671 485 3762 tuique
501 3670 633 3741 favoris
651 3691 787 3762 semper
803 3681 962 3763 egentem
981 3691 1037 3741 me
1054 3666 1228 3765 profiteor,
1247 3668 1298 3740 sic

223 3793 299 3863 auri
316 3793 456 3885 indigus
474 3814 544 3864 non
562 3814 652 3864 snm.
670 3793 903 3877 Quamobrem
922 3803 960 3866 ut
972 3803 1101 3866 coetera
1118 3793 1153 3862 in
1166 3793 1298 3864 donum

223 3936 292 3986 non
325 3917 497 3989 mediocre
532 3917 697 4012 suscipio,
727 3928 761 3988 et
793 3919 988 4011 praesertim
1015 3917 1168 3990 studium
1199 3927 1311 3988 tuum*

223 4037 318 4127 quod
337 4040 432 4123 milri,
456 4041 545 4111 siout
565 4039 640 4132 ipse
661 4040 761 4111 stilus
779 4039 915 4125 indicat,
938 4041 1052 4112 inillis
1065 4039 1188 4111 litteris
1205 4040 1297 4131 vigi-

224 4159 416 4233 lantissime
433 4164 611 4248 dedicasti,
634 4164 684 4235 sic
702 4174 747 4249 tu,
770 4185 840 4249 oro,
859 4163 964 4236 bullae
980 4187 1104 4236 aurum
1126 4186 1146 4234 a
1163 4185 1219 4235 me
1239 4184 1297 4233 ac-
