2934 4650
233 284 292 346 tlt
689 293 852 343 vtnrtnutr

130 460 133 467 ’
235 449 344 510 matre
370 437 485 508 studet
511 433 665 531 Apicius,
701 446 805 506 terrae
829 437 1012 507 eteorum
1044 436 1192 506 vassalli
1234 442 1324 506 sunt.
1416 445 1417 448 ’

235 559 342 627 Antra
369 565 484 626 autem
507 575 587 648 quae
612 555 849 649 nominantur,
878 574 978 626 arces
1004 566 1088 626 sunt
1106 554 1322 649 potentium,

234 701 381 772 quarum
401 675 528 748 fiducia
546 676 802 747 calamitatibus
820 676 968 769 publicis
990 676 1223 748 insultabant.
1242 675 1323 746 Vult

235 812 348 876 autern
378 797 521 892 Apicius
549 820 617 867 non
646 798 741 869 refici
764 797 985 890 Capitolium,
1009 797 1072 870 sed
1094 800 1247 869 Romam
1274 801 1322 869 la-

235 923 362 1008 cerari,
396 931 431 992 et
464 922 498 990 in
532 919 621 990 duas
654 932 772 1012 partes
803 920 1042 1015 discerpitur
1066 923 1202 992 alterne
1230 943 1322 993 nunc
1419 926 1425 1014 ῥ’

236 1045 328 1138 apud
350 1046 428 1128 bos,
448 1064 540 1115 nunc
560 1041 651 1135 apud
672 1045 749 1114 illos
771 1065 907 1114 summa
929 1065 1044 1114 rerum
1068 1043 1123 1113 sit.
1151 1041 1254 1114 Alter
1278 1043 1321 1116 ad

239 1167 402 1237 unitatem
426 1164 561 1246 nititur,
585 1165 675 1235 etin
698 1185 740 1235 eo
765 1164 859 1257 quod
892 1162 938 1234 ad
970 1165 1192 1235 relectionem
1221 1164 1323 1259 Capi·

244 1287 313 1360 tolii
335 1299 510 1367 maternas
532 1285 636 1355 etiam
657 1285 798 1355 divitias
817 1297 1079 1370 commemorat,
1098 1289 1175 1357 vult
1196 1286 1322 1358 intelli-

237 1430 321 1501 gere
342 1409 484 1477 Romam
507 1406 623 1477 adbuc
643 1417 836 1498 potentem,
869 1409 899 1478 si
932 1407 1022 1481 lilios
1048 1408 1178 1481 babeat
1200 1410 1322 1481 unani-

240 1552 332 1612 mes,
356 1543 435 1621 quae
459 1529 591 1599 scilicet
614 1538 650 1599 et
679 1551 766 1600 oves
786 1541 822 1601 et
841 1531 1010 1603 iuvencos
1030 1530 1157 1625 pascit,
1183 1532 1322 1625 plebem

239 1654 369 1724 scilicet
394 1650 558 1722 humilem
582 1661 616 1721 et
637 1656 803 1747 populum
829 1648 1016 1725 fortiorem.
1048 1656 1141 1725 luter
1173 1664 1323 1727 caeteras

238 1784 355 1849 autem
376 1778 524 1846 fortunae
547 1775 672 1866 prioris
694 1776 860 1868 reliquias
886 1785 923 1846 et
947 1776 1031 1846 salis
1051 1776 1174 1847 occulti
1200 1778 1324 1847 memi-

237 1899 302 1983 nit,
326 1920 513 1992 perquem
537 1897 616 1969 licet
642 1899 845 1990 simpliciter
870 1899 1029 1990 publicos
1061 1921 1107 1969 ex
1142 1902 1216 1971 sale
1243 1898 1325 1971 red-

238 2023 346 2105 ditus,
373 2024 434 2115 qui
461 2032 499 2093 ut
528 2022 782 2114 audiomagni
815 2030 910 2105 sunt,
938 2022 1115 2114 possimus
1145 2022 1324 2117 accipere;

239 2148 363 2219 melius
400 2155 513 2217 tamen
540 2144 658 2237 accipe
692 2144 895 2236 sapientiam
928 2145 1161 2216 Romanorum
1190 2143 1325 2214 diutius

240 2281 334 2342 metu
368 2266 562 2364 tyrannidis
596 2269 814 2371 occultatam.
843 2267 919 2350 Qua
943 2264 987 2337 dc
1014 2289 1052 2338 re
1078 2267 1128 2337 sic
1153 2268 1325 2338 altercan-

240 2390 346 2474 tibus,
382 2392 524 2461 volucer
550 2389 765 2480 supervenit,
800 2387 866 2459 boc
889 2400 945 2460 est
968 2389 1072 2459 Fama
1106 2390 1234 2457 rublum
1261 2411 1327 2477 qno

240 2535 309 2583 non
329 2509 424 2581 aliud
442 2511 584 2579 uelocius
604 2512 724 2593 ullum,
743 2521 784 2582 ut
803 2513 851 2583 ait
867 2512 973 2583 Maro.
996 2512 1029 2583 ls
1059 2513 1201 2593 volucer
1219 2533 1326 2582 curas
1377 2488 1381 2494 ’

242 2655 362 2706 eorum
398 2653 509 2702 vanas
548 2631 665 2724 arguit
701 2643 736 2703 et
769 2634 880 2725 iurgia
918 2635 1114 2729 superflua,
1150 2635 1327 2705 nuncians

240 2756 374 2850 ipsosa
397 2767 508 2826 matre
528 2753 723 2838 abdicatos,
744 2755 913 2827 iuniorem
935 2760 1075 2829 fratrem
1097 2758 1219 2828 matris
1242 2779 1328 2828 con-

241 2901 347 2951 sensu
369 2876 491 2950 domos
517 2879 668 2971 erigere,
701 2880 810 2950 silvas
836 2903 971 2973 regere,
994 2869 1120 2972 “eisque
1147 2879 1326 2950 silentium

241 3002 406 3086 indicere,
430 3000 598 3093 gregibus
624 3002 824 3091 animalium
852 3015 1033 3076 canentem
1064 3002 1229 3084 dulciter,
1252 3003 1328 3073 boc

169 3136 191 3172 v
240 3132 295 3194 est
323 3125 419 3214 leges
446 3123 658 3196 iustissimas
684 3129 852 3198 ferentem
876 3137 912 3197 et
935 3128 1059 3199 nociva
1085 3128 1325 3219 repellentem.

241 3247 278 3317 ln
312 3242 442 3337 quibus
470 3245 537 3315 sub
560 3249 714 3318 ferarum
742 3248 914 3320 vocabulo
947 3249 1179 3342 quorumdam
1199 3271 1248 3320 ex
1272 3262 1327 3346 ty·

241 3367 361 3439 rannis
386 3368 444 3438 vel
470 3369 627 3452 nomina,
651 3373 708 3439 vel
729 3382 896 3452 naturas,
928 3373 985 3442 vel
1016 3392 1194 3443 armorum
1222 3373 1328 3463 signa

242 3488 431 3562 recondidi.
454 3490 576 3560 Frater
608 3489 676 3561 iste
708 3485 822 3562 iunior
856 3492 1024 3564 hactenns
1047 3515 1087 3564 es
1114 3502 1162 3565 tu.
1187 3494 1327 3567 Caetera

241 3614 334 3684 clara
359 3621 450 3684 sunt.
473 3611 557 3683 Vale
578 3613 645 3683 mei
667 3635 814 3700 memor,
835 3615 890 3685 vir
910 3614 1065 3687 illustris.
