2992 4664
381 312 473 360 einen
496 310 1033 370 ucasmusounnrus.-nrrsronn
1054 315 1094 362 iv.
1216 301 1273 363 llll

197 477 280 548 gere
316 476 359 526 ne
395 454 480 547 quid
518 454 597 528 inde
633 458 849 528 fructuosum
889 457 1083 552 perciperet
1120 481 1273 552 sequens

195 589 299 661 cetae,
323 578 390 647 nisi
412 575 540 647 laboris
560 578 665 648 etiam
686 578 794 648 vestri
812 580 961 650 fructum
979 560 1110 651 crudeli
1129 602 1273 672 prorsus

193 709 230 770 et
254 698 471 770 intoleranda
495 698 778 790 corrupissemus
805 699 947 771 incuria.
985 700 1143 794 Namque
1180 701 1276 795 quod

193 817 229 890 in
250 821 318 892 tuis
341 841 536 912 conqueror
555 830 591 891 et
611 817 647 889 in
663 821 781 891 multis
799 822 954 893 virorum
972 822 1156 897 illustrium
1176 825 1273 896 libris
1344 828 1345 832 ’

193 942 339 1015 accidit:
373 953 510 1013 tuorum
541 964 638 1026 sane,
672 943 755 1035 quia
780 942 825 1013 de
850 943 892 1014 iis
926 943 1010 1015 mihi
1036 966 1129 1016 nuno
1158 967 1274 1018 sermo

192 1076 282 1150 erat,
309 1087 457 1159 quorum
481 1064 650 1155 insignior
672 1064 804 1141 iactura
823 1073 893 1149 est,
916 1064 994 1135 haec
1011 1077 1091 1136 sunt
1110 1068 1270 1146 nomina:

192 1186 422 1280 Reipublicae,
451 1188 511 1257 Rei
537 1186 730 1267 familiaria,
758 1187 822 1256 Rei
859 1186 1032 1270 militaris,
1071 1186 1116 1258 de
1153 1189 1273 1260 Laude

191 1310 435 1404 philosophiae,
457 1308 500 1380 de
526 1309 787 1393 Consolatione,
811 1308 855 1379 de
880 1308 1011 1393 Gloria,
1039 1311 1202 1402 quamvis
1228 1311 1271 1383 de

191 1431 257 1502 hoc
283 1431 403 1502 ultimo
429 1429 541 1521 magis
568 1429 651 1499 mihi
677 1449 760 1521 spes
784 1427 907 1514 dubia,
935 1451 1040 1523 quam
1072 1430 1271 1524 desperatio

190 1565 283 1625 certa
305 1553 359 1624 sit.
385 1552 477 1635 Quin
497 1560 532 1621 et
553 1550 780 1642 superstitum
801 1550 968 1622 librorum
987 1574 1134 1644 magnas
1152 1565 1269 1645 partes

190 1675 390 1758 amisimuS,
411 1675 458 1745 ita
484 1687 532 1758 ut,
568 1673 677 1746 veluti
706 1674 836 1766 ingenti
870 1675 990 1769 praelio
1027 1675 1203 1748 oblivione
1235 1688 1271 1748 et

189 1797 332 1888 ignavia
358 1797 549 1889 superatis,
575 1795 685 1866 duces
712 1807 849 1867 nostros
875 1819 944 1868 non
968 1798 1140 1869 extinctos
1166 1801 1270 1872 modo

193 1921 258 1994 sed
276 1931 417 1990 truncos
431 1939 571 2010 quoque
588 1919 642 1988 vel
659 1917 810 2010 perditos
836 1939 981 1989 necesse
994 1919 1039 1988 sit
1051 1921 1182 2010 lugere.
1197 1923 1270 1993 Hoc

190 2043 283 2113 enim
306 2042 396 2112 etin
423 2042 499 2112 aliis
525 2040 658 2122 multis,
678 2040 741 2111 sed
766 2040 802 2109 in
827 2040 896 2111 tuis
922 2041 1076 2111 maxime
1101 2040 1266 2123 Oratoris,

189 2176 294 2258 atque
322 2162 626 2245 Academicorum,
659 2173 694 2234 et
722 2163 855 2254 Legum
887 2161 986 2233 libris
1017 2162 1178 2253 patimur,
1209 2165 1268 2254 qni

188 2288 236 2359 ita
268 2285 416 2358 truncati
449 2283 637 2377 foedatique
657 2295 874 2366 ‘evaserunt
910 2293 949 2353 nt
978 2284 1118 2378 proprie
1143 2284 1268 2357 melius

187 2408 291 2478 fuerit
315 2408 472 2499 periisse.
500 2407 690 2499 Reliquum
708 2416 764 2478 est
792 2411 829 2476 ut
853 2405 951 2478 urbis
976 2407 1097 2476 Romae
1128 2427 1169 2477 ac
1200 2406 1269 2477 Ro-

188 2549 300 2602 manae
333 2528 545 2623 Reipublicae
576 2540 703 2603 statum
736 2527 859 2601 audire
893 2529 998 2613 veliS,
1031 2547 1112 2621 quae
1145 2528 1267 2619 patriae

187 2653 306 2739 iacies,
328 2673 408 2744 quae
428 2653 560 2723 civium
580 2652 785 2734 concordia,
808 2652 854 2724 ad
879 2671 968 2743 quos
994 2672 1110 2722 rerum
1130 2628 1284 2723 summa

186 2773 398 2866 pervenerit,
434 2772 562 2865 quibus
589 2772 749 2844 manibus
770 2784 970 2865 quantoque
991 2774 1134 2844 consilio
1160 2775 1268 2844 fraena

186 2907 378 2968 tractentur
410 2895 567 2986 imperii?
591 2895 680 2965 lster
704 2916 748 2965 ne
774 2904 809 2964 et
826 2894 980 2983 Ganges,
1008 2893 1142 2975 Iberus
1168 2895 1267 2966 Nilus

186 3028 223 3088 et
258 3016 384 3086 Tanais
420 3014 546 3086 limites
584 3014 693 3085 nostri
734 3014 831 3083 sint?
864 3013 1041 3097 An-vero
1079 3015 1265 3107 quisquam

187 3137 385 3211 surrexerit

348 3271 516 3351 Imperium
533 3270 650 3334 Oceano
666 3269 780 3332 lamam
797 3268 851 3347 qui
872 3269 1017 3332 terminet
1033 3269 1138 3343 astris,
1191 3330 1193 3333 ,

187 3401 247 3460 aut

505 3533 597 3597 super
615 3523 645 3580 et
661 3516 854 3580 Garamantas
866 3523 896 3578 et
912 3513 999 3580 ludos

345 3615 483 3679 Proterat
502 3614 687 3695 imperium,
776 3690 782 3696 ,

186 3763 224 3823 ut
244 3751 377 3823 amicus
397 3751 453 3819 ille
480 3759 561 3820 tuus
586 3749 795 3820 Mantuanus
821 3747 878 3826 at.
906 3745 988 3815 Haec
1008 3751 1044 3813 et
1062 3742 1117 3812 his
1140 3738 1261 3810 similia

184 3873 410 3966 cupidissime
432 3871 631 3942 auditurum
655 3880 687 3942 te
707 3876 881 3961 augurem
903 3865 938 3936 id
957 3865 1049 3937 enim
1071 3862 1182 3956 pietas
1205 3872 1262 3933 tua

186 3973 362 4087 suggerit,
379 4005 415 4068 et
434 4015 530 4065 amor
551 4014 635 4084 erga
657 3992 801 4086 patriam
824 4009 939 4082 usque
964 3987 998 4056 in
1026 3997 1121 4057 tuam
1149 3983 1263 4078 perni-

185 4116 271 4188 ciem
306 4119 520 4191 notissimus.
554 4117 682 4188 Verum
717 4115 808 4187 enim
842 4123 958 4184 tacere
993 4109 1115 4180 arelius
1147 4107 1259 4181 suerit.
