2738 4680
251 339 344 387 urnun
364 337 530 388 vrcusmus
551 339 939 389 sequanus-nuscum
961 343 1024 391 xrs.
1119 331 1177 392 tlt)

4 550 9 562 ,
97 484 200 554 milite
230 482 317 552 nibil
341 483 464 575 accepit
490 503 564 552 cam
591 484 793 552 trilunatum
816 495 942 572 aperet,
966 487 1051 556 nillil
1073 489 1180 581 accipi

91 629 211 700 passos
252 617 308 678 cst.
351 605 439 677 Nam
475 619 506 676 et
546 606 727 698 imperator
767 607 913 677 tribanos
953 607 1052 694 daos,
1099 635 1178 702 quos
1267 588 1270 594 ¹
1319 584 1322 593 Ι

97 730 243 800 constitit
270 732 457 802 stellaturas
489 729 661 820 accepisse,
698 727 860 820 lapidibus
885 732 981 800 obrui
1004 732 1045 802 alr
1077 735 1178 804 aomi-

96 853 234 922 liarilras
266 854 370 922 iussit.
397 851 518 944 Neque
542 854 690 922 alterum
717 851 816 922 Marii
847 853 1047 926 miratorem
1080 856 1176 928 obliti

96 974 196 1046 erant
217 975 412 1047 Cassidium
434 974 615 1057 Avidium,
630 975 704 1066 qui,
727 984 765 1045 ut
784 975 964 1047 Vulcatius
979 977 1177 1052 Gallicanus

97 1101 144 1170 ait
165 1099 200 1168 in
222 1099 393 1183 historiis
416 1120 513 1170 arma
535 1099 682 1168 militum
704 1099 851 1190 septima
877 1099 933 1170 die
956 1122 1096 1196 semper
1123 1126 1178 1175 re-

98 1221 228 1315 spexit,
248 1221 457 1292 vestimcnta
478 1221 581 1290 etiam
600 1230 635 1291 et
651 1221 886 1293 calceamenta
904 1232 939 1293 et
956 1244 1095 1310 ocreas,
1113 1225 1178 1297 de-

97 1344 192 1415 licias
206 1365 330 1415 omnes
348 1342 393 1414 de
406 1341 533 1414 eastris
549 1341 744 1428 submovit,
766 1343 938 1437 iussitque
952 1367 1012 1418 eos
1028 1346 1176 1418 hiemem

98 1467 164 1538 sub
180 1467 331 1560 pellibus
349 1488 469 1558 agere,
493 1466 540 1537 nil
563 1468 704 1537 omnino
727 1479 855 1561 praeter
876 1468 1012 1541 lardum
1034 1482 1069 1543 et
1094 1471 1179 1544 buc-

97 1594 258 1663 cellatum
275 1606 310 1662 et
330 1598 467 1661 acetum
490 1589 527 1660 in
552 1590 810 1684 expeditionem
836 1604 997 1684 portare;
1034 1594 1062 1664 si
1093 1596 1176 1688 quid

96 1724 267 1806 praeterea
280 1713 430 1784 luxuriae
443 1713 645 1806 reperiisset
659 1737 727 1786 non
740 1716 809 1786 levi
831 1718 979 1810 puniens
998 1719 1177 1812 supplicio.

78 1898 79 1901 ,
96 1839 209 1931 Atque
232 1837 288 1907 ille
308 1836 450 1929 quidem
472 1836 595 1909 merito
608 1840 809 1928 praelectae,
826 1841 881 1910 cui
895 1841 1058 1934 princeps
1074 1864 1176 1913 suum

96 1963 139 2033 de
161 1961 283 2032 Cassio
303 1960 468 2031 iudicium
486 1958 642 2032 scribens
658 1983 778 2032 curam
790 1974 1046 2035 commeatuum
1066 1966 1178 2037 iniun-

24 2158 25 2161 ,
96 2096 210 2169 xerat,
234 2084 268 2152 in
289 2083 366 2154 haec
391 2083 500 2155 verba
522 2084 758 2176 rescripserit:
783 2114 798 2150 «
824 2086 927 2156 Recte
954 2086 1176 2172 consuluisti,

100 2238 115 2271 n
146 2208 193 2278 mi
213 2206 364 2293 domine,
387 2206 480 2300 qood
503 2206 661 2278 Cassium
689 2207 874 2300 praefecisti
897 2207 1049 2301 Syriacis
1071 2210 1179 2300 legio-

100 2360 116 2396 »
143 2330 264 2402 nibus:
286 2330 371 2400 nihil
392 2336 484 2403 enim
506 2341 575 2403 tam
596 2330 739 2424 expedit
760 2354 865 2423 quam
893 2331 996 2403 homo
1023 2335 1178 2404 severior

102 2483 117 2519 s
144 2453 354 2526 Graecanicis
378 2453 555 2525 militibus.
578 2454 637 2525 Ille
660 2475 745 2525 sane
762 2476 884 2526 omnes
905 2456 1176 2539 excaldationes

103 2605 117 2640 s
145 2597 270 2647 omnes
291 2575 396 2646 flores
417 2575 461 2647 de
482 2576 607 2668 capite,
630 2578 717 2646 collo
737 2585 773 2646 et
793 2576 873 2648 sinu
893 2576 990 2648 militi
1012 2579 1175 2650 excutiet.

102 2727 117 2761 a
145 2699 294 2770 Annona
315 2699 472 2771 militaris
493 2700 607 2770 omnis
628 2710 746 2792 parata
764 2708 835 2784 est,
854 2722 969 2792 neque
986 2703 1177 2795 quidquam

101 2850 116 2886 u
144 2821 245 2895 deest
266 2821 332 2892 sub
353 2824 444 2893 bono
462 2822 561 2894 duce.
583 2821 658 2892 Non
679 2821 773 2892 enim
796 2825 943 2893 multum
964 2833 1025 2895 aut
1051 2826 1179 2917 quaeri-

102 2974 117 3008 »
145 2955 203 3017 tur
226 2957 287 3016 aut
313 2945 534 3038 impenditur.
571 2972 585 3008 u
620 2947 703 3015 Haec
737 2947 922 3038 praelectus
956 2947 1101 3042 principi
1133 2950 1178 3020 de

98 3067 234 3152 Cassio,
267 3067 335 3138 sub
365 3090 434 3160 quo
470 3067 559 3139 duco
592 3067 797 3138 exercitium
833 3067 972 3161 septimi
1008 3068 1078 3140 diei
1115 3073 1179 3143 luit

97 3191 252 3262 omnium
278 3191 439 3276 militum,
466 3192 512 3261 ita
544 3200 581 3261 ut
614 3191 761 3283 sagittas
795 3192 972 3263 mitterent
1003 3204 1039 3265 et
1071 3196 1178 3266 armis

97 3313 436 3398 luderentrdicebat
456 3315 562 3385 enim:
588 3342 602 3380 a
631 3315 797 3387 Miserum
825 3336 906 3386 esse
929 3338 1009 3386 cum
1030 3339 1177 3388 exerce-

101 3465 115 3501 ι)
144 3449 267 3509 rentur
280 3438 430 3523 athleta,
446 3448 632 3518 venatores
646 3447 681 3508 et
694 3438 919 3530 gladiatores
937 3460 1005 3509 non
1017 3441 1178 3510 exerceri

101 3589 115 3624 n
143 3561 282 3646 milites,
301 3562 430 3654 quibus
444 3561 662 3633 minorasset
675 3564 814 3633 tuturus
831 3560 928 3632 tabor
942 3560 971 3630 si
984 3571 1176 3633 consuetus

99 3711 114 3747 r
143 3693 250 3756 esset.
277 3712 292 3749 »
322 3684 388 3769 Qui
413 3685 578 3779 denique,
607 3693 645 3757 ut
670 3685 857 3757 historicus
886 3685 980 3757 idem
1006 3686 1067 3769 ait,
1097 3707 1175 3756 cum

94 3808 291 3879 exercitum
311 3809 462 3892 duceret,
481 3831 588 3902 seque
599 3810 719 3895 inscio,
735 3831 861 3881 manus
877 3809 1073 3893 auxiliaria,
1092 3831 1176 3880 cen-

97 3930 291 4003 turionibus
312 3933 386 4003 suis
408 3932 618 4015 auctoribus,
640 3932 705 4003 tria
728 3931 835 4002 millia
853 3931 1092 4001 Sarmatarum
1112 3951 1175 4023 ne-

96 4053 284 4145 gligentius
302 4055 480 4146 agentium
498 4055 533 4125 in
546 4055 694 4127 Danubii
708 4054 791 4146 ripis
804 4051 1032 4136 occidissent,
1046 4065 1081 4125 et
1094 4075 1173 4125 cum

97 4179 214 4270 praeda
231 4177 364 4272 ingenti
381 4180 424 4251 ad
443 4201 523 4253 eum
542 4177 745 4262 rediissent,
767 4173 988 4270 sperantibus
1002 4177 1175 4252 centurio-
