2992 4664
226 302 296 392 [34⁹2
692 313 851 362 rnnrnuunr

238 462 359 542 dicam,
374 461 533 531 manibus
554 461 730 551 ingenium
753 460 997 547 retraxissem,
1013 464 1206 554 gloriosum
1229 463 1318 534 mihi

238 585 417 655 aestimans
432 589 468 654 et
480 583 606 653 talibus
626 592 800 675 tamquam
817 584 1046 655 familiaribus
1063 585 1213 657 dominis
1230 587 1322 657 meis

237 708 392 800 obsequi,
411 717 447 778 et
464 716 570 781 tantan
591 706 710 777 virtuti
733 707 968 778 testimonium
982 706 1176 799 perhibere.
1193 708 1262 779 Sed
1283 709 1319 779 in

238 850 397 922 praesens
417 827 510 900 aliud
531 850 615 900 vere
643 827 755 898 maius
780 827 897 898 obstat
923 828 1207 920 impedimentum
1241 853 1322 901 cor-

238 952 332 1044 poris
350 973 459 1042 grave
479 962 515 1022 et
531 952 728 1022 molestum.
754 952 830 1033 Quo
845 962 986 1022 coactus
1007 960 1043 1021 et
1062 949 1213 1023 Paduam
1235 955 1321 1024 veni

237 1094 345 1165 prope
367 1072 508 1156 balnea3
527 1085 562 1144 et
577 1072 732 1166 quotidie
750 1074 840 1144 inter
859 1095 984 1143 manus
1003 1073 1215 1144 medicorum
1238 1095 1319 1145 sum

239 1197 290 1266 sic
310 1198 467 1279 affectus,
503 1206 542 1266 ut
566 1195 642 1286 ipse
675 1196 759 1265 mibi
792 1195 992 1288 displiceam
1023 1206 1127 1287 atque
1159 1195 1235 1287 ipse
1261 1219 1320 1267 me

237 1320 388 1401 oderim,
418 1340 483 1388 nec
505 1318 564 1387 utli
591 1319 642 1388 rei
660 1319 768 1388 alteri¹
784 1340 889 1410 quam
917 1318 1060 1388 moerori
1086 1317 1216 1410 possim
1243 1320 1321 1389 aui*

237 1463 331 1510 mum
351 1441 540 1533 applicare3
567 1440 662 1533 quod
695 1440 779 1510 mihi
812 1463 881 1511 nou
914 1440 1099 1525 accideret,
1123 1442 1152 1512 si
1173 1441 1319 1514 morbus

236 1560 356 1632 brevis
376 1574 473 1633 essct
494 1563 539 1634 ad
565 1574 730 1646 mortem3
753 1563 818 1634 sed
837 1585 962 1634 vereor
978 1585 1022 1633 ne
1052 1563 1096 1634 sit
1118 1567 1246 1655 longus
1272 1565 1319 1637 ad

238 1682 391 1752 taedium.
414 1683 464 1754 Sit
482 1691 596 1754 tamen
617 1682 789 1775 quidquid
807 1684 880 1753 Deo
905 1685 1077 1778 placitum.
1101 1685 1224 1756 Omnia
1248 1688 1321 1756 fcr-

237 1825 310 1892 rem
325 1825 429 1897 aequo
449 1807 572 1889 animo,
596 1807 624 1875 si
647 1806 783 1877 interim
806 1827 874 1877 non
895 1829 915 1878 a
942 1808 1043 1877 solito
1065 1807 1182 1878 studio
1198 1808 1320 1900 prohi-

238 1924 359 2025 berer:
383 1928 445 2000 sed
468 1927 665 2020 prohibeor.
689 1929 733 1998 Et
754 1928 819 1999 huc
842 1929 945 2000 etiam
966 1929 1147 2000 ferendum
1168 1929 1320 2000 fortiter:

237 2053 326 2122 laete
347 2050 508 2133 dicerem,
545 2050 607 2138 sed
639 2050 827 2121 mentirer:
860 2061 896 2122 et
927 2051 972 2122 de
1003 2051 1070 2121 hoc
1097 2051 1186 2121 iuter
1211 2053 1322 2126 mrdta

236 2173 352 2257 dole0,
374 2172 470 2264 quod
492 2183 620 2245 vestrae
640 2194 733 2244 nuuc
750 2195 872 2264 parere
898 2195 965 2244 non
993 2175 1128 2245 valeam
1156 2173 1304 2244 iussioni
1312 2198 1321 2258 ;

238 2296 289 2367 sic
313 2297 405 2372 enim
432 2317 563 2387 ¹vocare
595 2295 709 2366 debeo
742 2317 864 2387 preces
896 2307 1046 2368 vestras.
1081 2297 1203 2366 Pareat
1234 2297 1321 2367 mihi

236 2438 360 2509 quaeso
372 2427 493 2489 vestra
506 2428 588 2488 nota
603 2416 811 2507 benignitas
826 2417 983 2508 cogitans
997 2441 1120 2490 verum
1133 2418 1322 2510 essequod

240 2540 288 2610 ait
306 2541 372 2610 ille:

355 2741 357 2747 .
409 2708 549 2771 Carmina
567 2708 871 2805 proveniuntanimo
888 2711 1016 2774 deducta
1033 2725 1152 2773 sereno.

237 2912 321 2981 Mihi
346 2923 382 2987 et
403 2911 577 3010 turbidum
604 2933 683 2983 esse
709 2912 863 2983 animum
889 2922 924 2984 et
957 2933 1083 3004 corpus
1111 2911 1316 2998 invalidum,

236 3045 340 3125 atque
362 3033 439 3105 ideo
461 3044 570 3105 totum
589 3036 655 3106 hoc
677 3034 799 3106 morbo
820 3036 978 3126 imputet,
1008 3042 1044 3105 et
1062 3056 1135 3104 uon
1154 3034 1256 3114 mihi,
1284 3045 1320 3106 et

237 3165 353 3226 utatur
374 3154 439 3244 hac
460 3156 493 3226 in
517 3180 552 3228 re
577 3158 726 3248 ingeniis
754 3156 923 3239 aliorum,
954 3177 1037 3248 quae
1062 3159 1169 3227 multo
1195 3158 1319 3230 altiora

236 3278 471 3364 aevjraciora
505 3292 586 3350 sunt
616 3301 694 3352 meo
724 3281 863 3370 ingenio
893 3288 1061 3372 occupato
1094 3277 1257 3349 nimium‘
1277 3303 1318 3351 ao

235 3399 397 3492 defesso:
430 3413 468 3472 et
502 3400 675 3495 praecipue
702 3422 753 3467 ser
789 3397 909 3470 Cbecbi
934 3399 1052 3469 Mutati,
1071 3396 1116 3471 de
1143 3400 1318 3472 Forulivio

131 3565 136 3572 «
234 3522 300 3591 viri
327 3521 514 3593 admodum
542 3522 729 3611 singularis
753 3528 790 3592 et
818 3522 919 3594 amici
952 3522 1031 3591 mei.
1070 3521 1185 3592 Cuius
1204 3521 1319 3612 epita-

234 3644 352 3734 phium
389 3645 417 3714 si
451 3644 605 3724 habetis,
629 3643 811 3716 consilium
833 3666 948 3715 meum
975 3654 1030 3714 est
1058 3652 1095 3713 ut
1120 3641 1214 3713 aliud
1248 3665 1317 3714 non

234 3767 410 3856 quaeratis.
447 3765 621 3857 Quidquid
662 3766 719 3837 ilie
752 3764 872 3836 scribit
891 3780 958 3858 ego
978 3764 1144 3859 approbo.
1171 3764 1318 3857 Siquid

233 3889 350 3957 forsan
371 3889 586 3960 auctoritatis
599 3888 632 3957 in
647 3907 725 3956 meo
743 3888 871 3959 iudicio
884 3889 1063 3982 reponitis,
1079 3909 1169 3971 ecce,
1185 3884 1317 3958 domini
1355 3908 1357 3913 ’

234 4009 300 4101 mei
322 4010 509 4095 carissimi,
525 4009 641 4104 petitis
668 4009 1062 4094 auxiliumconsilium
1082 4009 1138 4080 do.
1159 4006 1229 4079 Sed
1249 4029 1318 4079 nou

234 4147 374 4219 possum
397 4131 556 4224 amptius.
575 4131 709 4202 Valete:
737 4130 896 4202 Christus
920 4153 983 4204 vos
1011 4131 1191 4205 unanimes
1212 4140 1318 4221 atque
