2738 4680
215 320 273 381 llll
549 329 590 378 nu
611 329 712 378 uncus
734 327 956 377 rturnruruuvs

216 466 333 539 medio
352 467 417 538 iter
437 465 658 538 festinantius
679 472 861 556 agentem,
884 466 953 536 iam
975 465 1142 535 saeviente
1159 462 1294 546 bruma,

216 610 285 659 non
307 584 489 660 affectibus
512 588 611 671 solia,
634 587 695 679 qui
721 586 822 678 quasi
851 586 994 678 quidam
1025 585 1131 655 animi
1164 606 1296 678 passus

218 723 314 797 sunt,
330 706 393 784 sed
406 732 573 804 corporeo
589 710 695 782 etiam
714 694 814 780 motu
829 712 933 795 celer,
947 709 1037 779 miro
1054 706 1210 779 nondum
1229 710 1298 781 visi

218 836 368 907 hominis
387 835 570 919 desiderio,
586 833 806 932 praevenisti,
828 834 1016 927 praemissa
1036 830 1131 904 haud
1152 830 1296 923 ignobili

217 961 381 1047 carmine.
403 957 516 1051 Atque
543 960 590 1029 ita
615 958 713 1053 prius
740 958 870 1049 ingenii
895 967 930 1027 et
957 975 1040 1025 mox
1065 955 1223 1047 corporis
1248 954 1300 1026 tui

218 1084 352 1152 vultum
374 1079 589 1175 mihiquem
615 1102 732 1151 amare
760 1079 970 1151 decreveras
991 1076 1186 1148 ostendisti.
1213 1076 1299 1146 Sera

218 1216 335 1277 tamen
355 1204 423 1276 diei
444 1205 536 1276 illius
556 1213 593 1276 et
619 1202 785 1295 ambigua
811 1204 879 1274 iam
907 1205 969 1273 lux
999 1210 1090 1287 erat,
1126 1199 1212 1272 dum
1244 1222 1300 1270 rue

218 1329 323 1419 longo
350 1327 559 1420 postliminio
588 1329 808 1411 redeuntem,
835 1338 871 1398 et
895 1326 985 1396 intra
1011 1345 1131 1395 muros
1157 1323 1299 1395 tandem

219 1450 351 1543 patrios
371 1448 645 1542 deprehensum,
669 1449 823 1521 officiosa
843 1457 879 1520 et
900 1469 1006 1542 supra
1023 1446 1184 1518 meritum
1198 1467 1302 1517 reve-

221 1571 312 1642 renti
335 1573 543 1674 salutatioue
562 1576 785 1667 complexus,
807 1571 986 1643 renovasti
1007 1570 1102 1641 illum
1127 1571 1302 1664 poeticum

221 1716 299 1766 oum
316 1695 470 1766 Anchise
490 1717 719 1788 congressum
741 1695 845 1786 Regis
867 1693 1019 1766 Arcadii:

383 1935 604 1951 ........
627 1888 677 1949 cui
694 1903 781 1950 mens
799 1884 925 1949 iuvenili
942 1886 1063 1949 ardebat
1079 1899 1186 1948 amore

381 1984 568 2065 Compellare
586 1986 691 2048 virum
706 1992 735 2048 et
752 1986 867 2049 dextrae
883 1986 1068 2064 coniungere
1084 1985 1234 2048 dextram.

223 2188 393 2271 Quamvis
412 2188 504 2260 enim
524 2210 591 2281 ego
617 2209 686 2260 non
707 2198 746 2261 ut
763 2190 819 2263 ille
840 2193 965 2261 canatis
987 2192 1086 2262 altior
1106 2191 1203 2276 itera,
1239 2191 1301 2262 sed

223 2309 401 2395 humilior,
424 2308 485 2381 tibi
512 2321 627 2383 tamen
653 2334 722 2383 non
748 2315 864 2385 minus
898 2313 1026 2385 ardeus
1057 2312 1196 2384 animus
1227 2311 1303 2383 luit.

223 2433 300 2502 Non
321 2444 359 2505 tu
380 2453 435 2504 me
455 2431 577 2503 Phinei
599 2433 665 2505 sub
686 2436 823 2521 maenia,
847 2436 911 2508 sed
930 2437 1092 2508 amicitiae
1107 2447 1178 2506 tuae
1192 2432 1302 2505 sacris

224 2553 460 2647 penetralibus
478 2554 656 2626 induxisti.
675 2557 746 2628 Neo
763 2580 829 2649 ego
851 2557 911 2629 tibi
932 2561 1095 2650 iasipaam
1110 2558 1305 2649 pharetram

224 2675 408 2768 Lyciasque
426 2676 576 2766 sapidas,
591 2669 657 2750 sed
675 2690 878 2773 perpetuam
899 2691 935 2753 et
956 2682 1129 2752 sinceram
1150 2677 1305 2749 benevo-

225 2799 367 2870 lentiam
385 2821 500 2871 meam
520 2800 611 2872 dedi.
633 2802 750 2874 Multis
772 2800 877 2874 rebus
897 2803 1042 2874 inferior
1059 2802 1124 2874 hac
1145 2823 1216 2872 una
1242 2821 1307 2869 nec

227 2920 311 2991 Niso
331 2936 500 3017 unquam·
516 2946 582 2997 nec
600 2924 738 3022 Pythiae
758 2923 880 3000 voleus
901 2927 1079 3012 cesserim,
1102 2949 1167 2998 nec
1188 2924 1305 2996 Laelio.

225 3043 323 3115 Vale.
