2804 4656
288 326 379 375 LIBER
402 326 927 377 vtctsslttusrsttrtus.-ttrtsrott
953 331 1014 378 xvt.
1122 318 1178 379 ⁹231

102 485 201 565 pater
221 473 367 563 optime,
391 494 597 566 semperque
623 475 707 544 mihi
735 477 783 569 (si
809 478 913 548 latine
938 477 1077 571 dieitur]
1100 480 1181 572 piis-

103 598 201 682 sime,
225 618 268 666 ne
288 596 414 667 affectu
434 596 538 667 nimio
560 608 617 669 tua
638 597 749 691 pietas
763 599 946 670 exorbitet.
962 599 1111 670 Volebas
1127 623 1182 671 me

102 741 269 811 magnum
288 718 418 810 aliquid
438 722 573 792 lacere:
597 742 666 791 non
688 724 880 792 suecessit:
908 733 942 794 at
965 722 1062 815 quod
1083 746 1182 795 nemo

102 844 265 923 vetuerit,
302 864 448 935 parvum
482 864 571 912 arna.
605 844 658 913 Nil
695 843 779 914 novi
805 847 966 937 postulo:
1000 848 1054 916 fao
1090 847 1184 937 quod

105 969 212 1049 soles,
236 988 360 1058 meque
383 975 479 1037 tuum
500 967 535 1035 in
555 967 620 1038 bao
641 983 786 1057 magna,
807 968 900 1060 quod
922 977 1079 1060 stupeas,
1098 968 1184 1040 urbe

105 1089 314 1180 solivagum,
336 1064 412 1160 etsi
424 1089 488 1158 rite
508 1089 589 1160 olim
609 1111 629 1160 a
650 1110 706 1160 me
724 1090 804 1182 ‘ipso
829 1091 980 1162 mundus
1006 1092 1093 1162 alter
1118 1091 1186 1161 Ve-

105 1211 199 1283 netia
224 1211 317 1282 dicta
341 1221 407 1294 est,
441 1222 513 1282 toto
545 1222 716 1282 semotum
743 1211 828 1283 orbe
856 1235 896 1284 ne
929 1213 1090 1298 deseras,
1123 1212 1186 1284 sed

105 1335 233 1427 optatis
255 1334 392 1426 scriptis
413 1335 531 1405 refove
554 1333 739 1406 sitientiem
761 1336 926 1419 animam,
954 1347 990 1405 et
1016 1337 1124 1407 sacris
1145 1359 1185 1407 ao

105 1456 266 1528 dulcibus
301 1460 415 1529 solare
448 1442 650 1550 colloquiis:
683 1457 834 1551 deniqne
868 1482 975 1530 unum
1011 1460 1078 1531 boo
1110 1462 1186 1530 iure

108 1601 185 1650 meo
206 1583 358 1673 postulo,
384 1590 421 1650 ut
446 1579 474 1651 si
502 1583 594 1651 nulla
628 1582 697 1651 mei
729 1604 813 1673 erga
848 1592 881 1654 te
911 1582 1015 1654 animi
1042 1583 1186 1653 mutatio

105 1704 194 1772 facta
215 1710 281 1786 est,
303 1701 395 1795 apud
418 1711 451 1773 te
471 1723 538 1795 ego
561 1701 636 1772 talis
659 1702 817 1774 inveniar
838 1706 952 1796 qualis
970 1725 1082 1786 eram,
1102 1703 1185 1773 dum

106 1846 163 1894 me
180 1824 285 1896 alium
303 1827 418 1896 facere
435 1824 587 1895 voluisti.
606 1826 650 1895 Et
667 1837 760 1896 oerte
777 1826 858 1896 novi
877 1826 1028 1895 animum
1046 1847 1186 1917 qnoque

108 1955 206 2017 tuum
227 1946 345 2017 adme
368 1946 514 2017 similem
537 1948 591 2018 sui
615 1970 767 2040 semper3
787 1948 849 2019 sed
867 1950 898 2019 si
915 1949 1059 2018 affectus
1077 1946 1184 2029 idem,

107 2090 169 2140 cur
189 2068 353 2139 diversus
374 2068 542 2139 effeetus?
562 2072 664 2139 Deles
691 2080 774 2163 puto
800 2069 894 2162 quod
922 2092 1012 2139 nuno
1034 2068 1187 2161 primum

108 2211 176 2261 non
197 2193 371 2263 valuerint
397 2213 459 2285 pro
488 2214 543 2262 me
569 2190 662 2284 apud
688 2193 862 2263 Caesarem
885 2213 1006 2286 preces
1029 2202 1109 2262 tuae.
1138 2191 1187 2260 Ne

108 2314 227 2385 doleas
248 2336 380 2407 precor.
405 2315 479 2405 Ego
500 2336 652 2407 namque
674 2336 741 2385 non
762 2316 885 2385 dolen:
909 2316 1050 2385 doleant
1071 2314 1185 2396 amici,

109 2435 237 2528 quibus
270 2435 440 2528 quidquid
471 2437 507 2508 id
537 2447 611 2509 erat
637 2435 785 2509 subsidii
824 2436 1068 2530 quaerehatur;
1105 2435 1188 2505 mihi

109 2559 177 2629 iam
203 2581 314 2651 pauca
339 2561 524 2634 sufficiunt.
559 2561 594 2633 Si
626 2572 785 2634 naturam
813 2583 939 2652 meque
966 2581 1094 2650 sequor
1120 2580 1188 2628 non

108 2680 164 2751 sat
184 2681 286 2753 modo
308 2683 372 2754 sed
392 2682 546 2764 abunde,
573 2708 685 2777 usque
712 2706 851 2778 quoqne
876 2684 922 2754 ad
947 2683 1113 2754 invidiam
1140 2685 1189 2754 ln-

109 2805 228 2896 ouples
250 2826 339 2875 sum.
359 2804 394 2874 Si
414 2805 499 2897 qnid
519 2818 555 2877 et
577 2808 661 2877 forte
682 2828 775 2876 nuno
792 2805 937 2886 deforet,
960 2826 1003 2874 en
1027 2816 1189 2876 senectus

109 2927 142 2995 in
176 2925 293 2995 limine
319 2929 473 3017 expetita
499 2928 591 2998 votis
618 2927 762 3019 hospes,
797 2947 961 3016 morsque
983 2926 1029 2995 illi
1050 2949 1069 2995 a
1091 2939 1190 3018 tergo

108 3048 329 3139 adaequatrix
350 3049 492 3139 optima,
516 3069 719 3140 secumque,
741 3046 873 3118 divitiae
894 3047 1068 3138 ingentes,
1098 3052 1190 3121 nulla

110 3169 240 3241 scilicet
278 3165 426 3262 amplius
458 3192 495 3241 re
526 3191 643 3260 egere.
677 3168 852 3239 Voluntati
884 3189 952 3259 ego
984 3168 1090 3260 igitur
1121 3181 1190 3240 tuae

109 3291 240 3380 gratias
270 3312 358 3382 ago:
393 3292 617 3363 inefficaciam
651 3293 800 3363 lortunae
829 3312 918 3362 meae
947 3292 1094 3384 imputo,
1122 3313 1189 3362 non

110 3408 183 3494 tibi,
209 3432 277 3482 non
298 3412 444 3498 Caesari,
467 3413 522 3484 cui
545 3435 682 3507 semper
701 3434 806 3507 supra
826 3414 986 3484 meritum
1004 3433 1108 3484 carus
1125 3412 1188 3493 fui,

109 3535 253 3624 quique,
276 3537 332 3607 vel
353 3535 450 3627 quod
470 3557 562 3607 nuno
583 3545 687 3627 negat
711 3558 794 3607 mox
821 3535 1011 3627 praestabit,
1041 3534 1098 3603 vel
1123 3535 1190 3602 lor·

110 3666 204 3731 tasse
230 3657 325 3748 quod
349 3657 393 3728 ab
414 3658 506 3729 illius
532 3660 702 3731 altissima
727 3657 946 3754 providentia
972 3679 1040 3728 non
1066 3655 1191 3726 abbor-

110 3787 176 3862 ret,
203 3779 364 3870 negando
393 3779 475 3851 mihi
505 3782 676 3853 consulit:
711 3784 769 3874 qui
815 3793 990 3876 postremo
1028 3780 1190 3872 quamvis

110 3901 176 3973 boe
210 3924 348 3996 semper
381 3915 496 3995 neget,
533 3917 602 3978 tam
636 3907 743 3976 mulla
769 3917 885 3977 tamen
910 3903 991 3974 olim
1014 3902 1188 3995 praestitit,

109 4033 149 4094 ut
175 4046 222 4095 err
246 4025 368 4098 debito
397 4035 524 4112 tenear,
559 4026 648 4115 dum¹
675 4028 769 4112 vivo,
792 4026 920 4119 pedum
950 4026 1026 4097 eius
1046 4025 1191 4096 adorare

110 4145 272 4238 vestigia.
294 4150 376 4221 Haeo
399 4150 575 4223 hactenus.
603 4150 636 4222 ls
664 4171 747 4222 sane
768 4149 828 4241 qni
850 4149 940 4220 bano
962 4148 1020 4219 tibi
1043 4151 1189 4219 litteram
