2934 4650
552 560 731 626 EPISTULA
752 560 858 625 XXXV.

209 726 401 810 relnclscds
423 725 591 777 Paresaca
612 725 771 775 GULlELMO
793 725 834 775 DE
857 724 1045 776 PASTRENGO
1066 725 1092 774 S.
1115 726 1143 775 P.
1163 727 1193 774 D.

474 887 722 953 Nunciatmortem
736 886 866 942 Iohannis
880 887 933 941 sui.

260 1157 393 1230 Nomen
425 1165 537 1238 tuum,
565 1155 693 1249 optime
726 1161 830 1248 atque
862 1154 1126 1248 exoptatissime
1154 1150 1238 1223 mihi

163 1281 231 1366 vir,
258 1301 328 1372 quo
357 1277 442 1349 nihil
472 1275 609 1347 dulcius
644 1275 760 1361 audio,
795 1275 960 1370 quodque
992 1274 1095 1348 hodie
1129 1274 1234 1347 huius

85 1477 90 1488 ,
163 1400 282 1473 devoti
298 1400 347 1472 tui
368 1421 428 1471 ore
454 1395 598 1469 auribus
626 1397 710 1469 meis
740 1397 909 1481 insonuit,
941 1417 1010 1467 non
1043 1395 1155 1468 dicam
1181 1417 1238 1468 me

162 1525 275 1617 coegit
292 1522 336 1595 ad
353 1525 537 1605 calamum,
553 1521 612 1614 qui
625 1522 743 1594 neseio
762 1544 832 1616 quo
849 1542 913 1592 sen
929 1541 1057 1605 errore,
1077 1541 1140 1591 sen
1157 1522 1235 1604 lato,

162 1669 226 1720 sau
247 1655 386 1717 actuum
406 1645 639 1716 humanorum
660 1643 753 1728 odio,
776 1643 839 1716 vix
861 1643 927 1715 nisi
949 1664 1070 1715 somno
1095 1645 1153 1714 vel
1177 1664 1239 1713 ne·

162 1768 325 1842 cessitate
345 1766 411 1838 alia
430 1786 602 1838 exeussus
623 1789 644 1838 e
665 1767 824 1838 manibus
845 1765 940 1837 meis·
957 1765 1065 1851 cadit,
1089 1766 1150 1838 sed
1171 1766 1238 1837 alio

163 1891 364 1964 tendentem
395 1891 567 1961 calamum
588 1888 658 1961 huo
678 1890 850 1962 convertit
877 1898 914 1960 ut
940 1887 1001 1958 tibi
1032 1887 1235 1972 scriberem,

164 2037 244 2088 esse
266 2035 321 2085 me
341 2013 473 2086 Patavii
497 2033 641 2106 corpore
668 2010 870 2107 viciniorem
897 2009 959 2081 tibi
989 2032 1094 2103 quam
1120 2012 1237 2084 soleo:

109 2172 113 2186 ·
161 2159 258 2222 nam,
292 2136 409 2209 omnia
440 2134 618 2208 videntem
651 2135 761 2206 Deum
795 2124 1092 2228 testor,semper
1123 2134 1238 2205 animo

96 2277 98 2284 ’
161 2279 319 2353 praesens
349 2280 450 2340 sum;
477 2279 601 2330 sanum
634 2268 804 2353 praeterea
830 2267 864 2330 et
890 2256 1170 2341 benevalentem,
1197 2277 1238 2326 ac

162 2381 411 2454 iucundissime
445 2394 697 2465 senescentem,
729 2382 823 2476 quod
849 2380 895 2453 ad
917 2391 1055 2455 aetatem
1092 2379 1237 2463 attinet;

163 2506 325 2577 Fortunae
356 2526 480 2596 nempe
510 2504 716 2578 vulneribus
749 2528 818 2578 non
851 2505 927 2576 aliis
958 2525 1062 2597 quam
1093 2501 1236 2573 nimium

164 2626 295 2700 crebris
329 2648 490 2698 carorum
523 2627 693 2701 mortibus
727 2628 856 2722 impelli
883 2639 918 2700 et
946 2629 1084 2702 concuti
1108 2650 1164 2699 me
1189 2627 1239 2695 f-

165 2762 253 2835 teor,
287 2771 354 2819 non
388 2751 582 2843 prosterni:
615 2751 661 2823 de
694 2752 826 2844 reliquo
854 2751 1033 2823 veteribus
1058 2751 1124 2824 illis
1150 2749 1238 2822 meis

166 2871 321 2942 deditum
338 2872 447 2953 curis,
470 2892 556 2962 quas
587 2872 653 2943 etsi
687 2884 818 2944 taceam
839 2873 949 2956 nosti,
976 2882 1080 2966 etque
1105 2874 1140 2943 in
1169 2872 1239 2966 pri-

168 2991 307 3063 mistui
335 3012 536 3075 memorem,
565 2994 683 3086 tuique
709 2994 864 3078 avidum,
898 2995 994 3088 quod
1025 2995 1237 3068 desiderium

167 3118 273 3190 lenire
293 3115 493 3213 propediem
515 3137 627 3210 spero.
646 3116 813 3212 Apertum
831 3129 886 3191 est
901 3120 994 3193 enim
1024 3122 1105 3207 iter,
1127 3120 1236 3214 quod,

166 3240 233 3310 nisi
259 3242 372 3324 fallor,
400 3239 569 3312 immerito
594 3241 750 3312 clausum
781 3251 876 3327 erat;
903 3246 1060 3339 permisit
1088 3265 1239 3336 namque

167 3363 252 3434 mihi
277 3363 437 3436 dominus
461 3362 668 3436 beneficium
701 3365 785 3437 illud
811 3390 966 3462 proquo
994 3369 1118 3438 totiens
1144 3365 1238 3437 labo·

167 3488 285 3573 rastis,
303 3496 338 3559 et
355 3488 448 3581 quod
466 3491 574 3560 multo
592 3488 698 3583 pluris
716 3491 818 3576 facio,
842 3490 981 3586 arrham
1000 3490 1082 3560 mihi
1100 3508 1238 3578 magnae

166 3610 388 3682 humanitatis
406 3609 573 3683 exhibuit.
588 3611 800 3709 Beneficium
821 3596 960 3706 quidem
984 3613 1099 3707 ipsum
1120 3611 1239 3682 simul-

166 3757 234 3827 que
253 3735 510 3807 adolescentem
523 3736 622 3807 cuius
636 3738 749 3808 luerat
764 3735 821 3830 (oh
836 3756 891 3808 res
912 3733 1122 3827 hominuml)
1143 3753 1238 3804 mors

166 3854 318 3939 abstulit,
347 3854 511 3948 quicum
538 3879 667 3950 paucos
691 3857 768 3930 dies
798 3861 895 3966 laetos
925 3857 1074 3930 vidisset
1093 3857 1129 3927 in
1150 3855 1238 3941 vita,

106 3972 109 3978 ’
166 3999 208 4049 eo
234 3980 308 4074 ipso
336 3977 406 4065 die,
435 3979 560 4051 mirnm
581 3980 691 4066 dictu,
713 4005 783 4075 quo
804 3983 871 4054 iuri
892 4002 956 4054 suo
977 3981 1159 4054 restitutus
1185 3982 1239 4054 vi-

167 4099 325 4189 debatur,
347 4104 442 4176 vitali
462 4103 649 4178 destitutus
670 4115 725 4178 est
748 4104 880 4199 spiritu.
916 4108 987 4178 Deo
1008 4105 1153 4198 gratias
1180 4106 1238 4199 qui
