2730 4680
212 331 249 390 Μ
553 339 593 387 DE
616 337 715 387 flacus
736 336 959 387 enumeramus

210 481 255 553 ad
275 479 421 572 gloriam
443 477 576 569 primus
598 475 742 568 gradus
764 475 841 546 Non
864 487 995 547 temere
1012 477 1134 558 fateor,
1162 476 1227 548 sed
1247 476 1292 549 de

209 602 382 674 industria
407 620 617 692 responsum
635 601 725 671 traxi
746 598 1030 671 dissimulaturus
1055 598 1091 668 in
1113 595 1231 683 finem,
1262 603 1291 670 si
1326 631 1328 633 >

210 734 247 796 tu
273 725 418 797 sineres.
440 713 594 793 Difficilis
620 743 745 814 nempe
766 721 912 793 materia
937 731 1003 806 est,
1026 721 1197 794 difficilior
1221 723 1292 795 161-

211 836 431 939 essequam
453 847 557 930 reris,
585 845 619 914 in
645 867 714 937 qua
735 844 820 914 mihi
844 845 901 914 vel
924 844 1020 936 loqui
1040 843 1289 938 periculosum,
1330 868 1333 872 ·

209 972 265 1041 vel
287 980 403 1040 tacere
421 980 626 1063 suspectum
642 976 705 1037 est.
725 967 776 1039 lta
793 966 886 1037 enim
904 988 983 1038 sum
1000 973 1039 1036 ut
1057 987 1172 1038 sermo
1189 989 1291 1038 meus

208 1094 322 1164 omnis
348 1092 414 1164 hac
439 1093 476 1162 in
501 1114 540 1162 re
567 1089 743 1207 accusatio
768 1089 826 1172 sit,
855 1089 1029 1160 silentium
1056 1098 1290 1183 contemptus,

208 1218 339 1288 veritas
355 1215 489 1300 odium,
505 1217 603 1287 iocus
622 1212 749 1284 irrisio
771 1215 995 1286 Desertorem
1022 1235 1123 1286 suum
1145 1225 1289 1300 vocant,

209 1350 243 1410 et
270 1339 322 1410 sic
347 1337 480 1408 habent
505 1338 607 1429 quasi
637 1337 697 1429 qui
725 1337 834 1408 sacris
861 1336 1016 1409 initiatus
1048 1338 1133 1421 aris,
1169 1349 1293 1431 postea

209 1461 349 1535 violatis
375 1473 436 1533 aut
460 1461 628 1553 neglectis
654 1460 831 1532 Eleusinae
851 1460 989 1532 Cereris
1015 1483 1141 1532 arcana
1165 1463 1292 1552 vulga-

208 1585 331 1655 verim.
346 1585 423 1676 Ego
436 1584 587 1677 quidem,
608 1585 728 1668 amice,
748 1583 796 1654 illi
818 1583 934 1654 studio
952 1605 1039 1678 puer
1059 1583 1289 1656 destinatusa

207 1717 304 1799 patre
325 1706 387 1777 vix
413 1705 657 1778 duodecimum
679 1705 793 1777 aetatis
807 1727 938 1776 annum
957 1727 1225 1798 supergressus
1255 1716 1291 1777 61

207 1827 251 1900 611
271 1829 421 1926 Mentem
447 1831 679 1901 Pessulanum
700 1829 826 1922 primo,
855 1827 937 1899 inde
963 1830 1154 1903 Bononiam
1174 1840 1290 1902 trans-

208 1953 355 2037 missus,
380 1954 600 2046 septennium
614 1953 649 2022 in
663 1975 704 2024 eo
725 1955 900 2045 integrum
921 1953 1120 2046 absumpsi,
1143 1953 1291 2047 eiusque

207 2077 325 2169 quoad
345 2099 408 2171 per
424 2087 566 2149 aetatem
587 2086 622 2147 et
639 2075 814 2167 ingenium
829 2075 936 2160 licuit,
953 2077 1149 2148 rudimenta
1166 2099 1290 2172 perce-

205 2202 251 2292 pi.
274 2201 381 2272 Cuius
405 2201 570 2292 temporis
585 2223 630 2270 an
641 2221 698 2269 me
713 2198 816 2271 hodie
829 2199 1008 2292 poeniteat,
1032 2199 1061 2269 si
1075 2220 1194 2291 roger,
1213 2201 1288 2271 hae-

205 2343 300 2393 ream
318 2343 428 2395 :nam
449 2333 484 2393 et
500 2321 634 2392 vidisse
654 2322 771 2392 omnia
792 2321 821 2390 si
838 2321 944 2399 liceat
964 2322 1079 2405 velim,
1099 2331 1135 2392 et
1156 2331 1286 2395 tantam

207 2442 413 2534 perexiguae
435 2444 516 2514 vitae
536 2454 673 2537 partem
692 2442 873 2513 effluxisse
895 2443 978 2513 mihi
992 2445 1108 2534 doleo,
1131 2443 1288 2536 dumque

206 2563 338 2655 aliquid
356 2564 440 2634 vitae
458 2564 631 2656 supererit
651 2562 787 2635 dolebo.
809 2560 913 2635 Aliud
932 2586 1039 2656 agere
1060 2587 1122 2657 per
1142 2587 1203 2637 eos
1225 2588 1287 2638 an-

205 2708 269 2758 nos
288 2686 384 2781 potui
400 2686 476 2759 sive
493 2665 644 2758 nobilius
662 2686 738 2757 sive
754 2698 890 2759 naturae
911 2709 1000 2760 meae
1018 2691 1144 2783 aptius.
1165 2689 1287 2782 Neque

204 2811 296 2880 enim
318 2833 459 2904 semper
478 2810 512 2880 in
534 2811 696 2902 eligendo
717 2813 800 2883 vitae
822 2833 950 2903 genere
976 2814 1211 2906 pulcherrima
1232 2834 1287 2883 re-

165 2915 168 2963 '3
204 2957 295 3017 rum,
324 2935 387 3006 sed
412 2934 621 3026 eligentibus
648 2936 828 3030 aptissima
854 2939 1097 3030 praeferuntur.
1125 2934 1288 3027 Alioquin

163 3052 166 3102 Ῑ
203 3079 324 3128 omnes
351 3057 510 3129 homines
531 3081 640 3129 unum
668 3059 822 3130 studium
849 3058 1029 3142 haberent,
1057 3059 1221 3151 quoniam
1251 3060 1287 3129 in
1343 3064 1346 3068 ’

203 3179 308 3252 rebus
329 3180 490 3251 omnibus
512 3205 621 3252 unum
639 3184 813 3253 excellere
830 3191 886 3252 est
902 3201 1061 3262 necesse,
1077 3202 1147 3273 quo
1165 3183 1194 3250 si
1212 3203 1288 3251 om-

202 3304 298 3374 nium
320 3303 513 3374 mortalium
536 3313 660 3397 pergat
681 3303 839 3387 intentio,
870 3301 1022 3395 quidde
1048 3301 1124 3373 aliis
1150 3299 1230 3373 fiet‘?
1251 3304 1287 3373 Si

160 3451 161 3454 ¹
202 3427 344 3520 quidem
363 3426 407 3497 ad
427 3426 684 3521 philosophiam
704 3446 825 3497 omnes
852 3426 977 3497 autad
1001 3422 1171 3519 poeticam
1192 3425 1286 3519 aspi-

203 3559 293 3634 rent,
317 3548 401 3642 quid
421 3561 503 3641 aget
521 3549 712 3641 navigatio,
740 3548 825 3641 quid
851 3550 1066 3641 agricultura
1091 3559 1126 3620 61
1152 3549 1286 3643 reliqua

203 3675 331 3766 quibus
358 3673 441 3745 vitae
467 3675 622 3745 mortalis
647 3672 816 3745 auxilium
847 3675 1047 3764 quaeritur‘.l
1081 3675 1131 3745 Da
1162 3693 1285 3744 omnes

86 3807 89 3812 ’
202 3797 365 3868 Platones
394 3804 455 3868 aut
484 3797 674 3878 HomeroS,
710 3795 755 3866 da
787 3795 973 3868 Cicerones
1007 3808 1067 3868 aut
1096 3795 1284 3886 VirgilioS,

151 3906 155 3915 '
206 3911 284 4003 quis
318 3911 384 3982 erit
409 3923 544 3995 arator,
572 3913 650 4004 quis
685 3923 870 3998 mercator,
904 3913 1129 3994 architectus,
1162 3911 1283 3996 faber,

208 4041 318 4116 sutor,
352 4039 486 4130 caupo‘?
520 4036 593 4107 sine
625 4035 753 4128 quibus
785 4058 912 4129 magna
942 4037 1081 4128 ingenia
1115 4037 1283 4118 esurient,

208 4162 367 4245 tectoque
389 4155 538 4248 ciboque
559 4165 715 4252 carentes
737 4157 877 4250 abipsa
901 4157 1066 4235 nobilium
1090 4159 1283 4231 studiorum
