2940 4650
587 298 741 379 artsroua
764 329 783 375 t.
1166 318 1219 379 501

145 480 238 543 ctare
260 472 375 541 visum
396 479 451 542 est
470 468 692 541 dissimulare
714 491 781 542 non
802 471 911 564 potui,
934 479 1079 561 cogente
1100 491 1155 541 me
1177 472 1222 544 ad

145 595 315 665 calamum
340 589 409 663 fide
437 591 494 661 illa
526 612 595 683 qua
627 611 693 662 vos
726 590 920 683 urbemque
953 603 1106 662 vestram
1134 594 1223 665 inter

145 733 267 812 omnes
302 714 468 805 singulari
498 713 651 806 quodam
677 734 795 784 amore
816 737 857 785 ao
877 715 1103 786 veneratione
1128 737 1224 787 com-

145 835 285 929 plector.
307 834 502 906 Claritatem
524 835 629 927 igitur
649 847 802 907 vestram
823 837 942 913 hortor
955 848 1059 927 atque
1078 835 1223 909 obsecro

116 1016 118 1021 ,
146 979 190 1028 ne
210 957 322 1029 civem
345 965 500 1026 vestrum
521 955 557 1026 in
577 956 746 1029 extremis
773 957 924 1049 positum
949 955 1134 1039 deseratis,
1163 956 1225 1028 sed

146 1088 303 1151 vestrum
324 1098 405 1150 esse
425 1078 625 1150 monstretis
651 1077 864 1150 solemnibus
894 1100 973 1149 eum
1005 1077 1143 1149 nunciis
1170 1101 1225 1150 re·

147 1210 341 1295 poscentes.
367 1199 441 1271 Etsi
470 1201 562 1271 enim
594 1198 694 1271 vobis
729 1200 862 1294 imperii
897 1201 1033 1273 titulum
1071 1201 1225 1272 nitantur

146 1325 295 1418 eripere,
316 1322 471 1394 nondum
491 1333 606 1393 tamen
627 1344 669 1395 eo
689 1322 844 1394 vesaniae
865 1335 948 1394 suut
972 1324 1084 1394 evecti
1104 1332 1144 1394 ut
1164 1344 1226 1395 ne·

146 1470 231 1540 gare
249 1445 401 1518 audeant
419 1465 485 1516 vos
505 1443 541 1515 in
561 1453 700 1515 vestros
722 1443 818 1517 cives
837 1444 892 1517 ius
913 1443 1052 1516 babere.
1073 1446 1173 1516 Certe
1195 1446 1225 1516 si

144 1567 285 1660 quando
306 1567 410 1638 homo
425 1567 492 1639 iste
505 1565 675 1660 peccarit,
697 1568 817 1637 Romae
839 1567 1008 1661 peccavit.
1031 1567 1103 1639 Nec
1123 1567 1225 1639 dubi-

145 1689 211 1759 tari
226 1697 343 1780 potest
361 1688 406 1761 de
425 1688 622 1760 commissis
643 1690 764 1760 Romae
785 1691 938 1780 peccatis
958 1699 1116 1761 vestrum
1142 1709 1225 1761 esse

144 1808 322 1892 iudicium,
346 1809 412 1879 nisi
434 1808 536 1881 votis
567 1807 810 1879 fundatoribus
840 1811 955 1899 legum
982 1817 1088 1902 atque
1115 1812 1226 1881 culto-

146 1928 243 2002 ribus
257 1930 364 2022 etqui
383 1931 462 2002 iura
482 1928 645 2021 gentibus
668 1929 870 2015 tradidistis,
893 1929 1039 2022 eripitur
1054 1931 1111 2001 ius
1131 1952 1227 2003 com-

143 2074 259 2125 muue.
281 2051 345 2123 Ubi
357 2052 448 2124 enim
463 2051 590 2123 iustius
609 2052 735 2125 delicta
753 2053 906 2144 castiges
922 2075 1029 2145 quam
1049 2053 1109 2125 ubi
1126 2074 1221 2138 com·

144 2175 252 2246 missa
273 2185 367 2259 sunt,
391 2174 450 2245 ubi
472 2174 604 2247 scilicet
629 2184 665 2246 et
690 2178 788 2245 locus
823 2174 897 2267 ipse
930 2175 1133 2247 memoriam
1159 2176 1226 2247 cri-

144 2299 248 2370 minis
270 2319 443 2371 revocans
468 2299 665 2383 sceleratis
693 2317 776 2390 pars
802 2317 871 2368 non
904 2318 1015 2390 parva
1049 2296 1223 2389 supplicii,

144 2430 180 2493 et
206 2422 378 2492 scelerum
412 2430 629 2513 spectatores
662 2439 778 2511 poenae
811 2422 1049 2512 spectaculum
1080 2429 1140 2491 aut
1169 2438 1225 2490 so-

145 2546 234 2617 letur
259 2554 320 2617 aut
347 2546 498 2617 terreat?
522 2541 623 2628 Quod
645 2542 676 2613 si
695 2542 784 2614 forte
806 2540 967 2614 tribunus
990 2552 1108 2614 vester
1128 2540 1225 2636 (quo-

143 2666 235 2738 niam
262 2666 375 2752 multi,
403 2666 486 2757 quin
507 2665 624 2758 potius
643 2661 727 2734 boni
748 2683 870 2735 omnes
892 2663 939 2732 ita
961 2661 1128 2755 sentiunt)
1155 2684 1224 2732 non

145 2788 313 2883 supplicio
347 2787 410 2860 sed
445 2789 589 2880 praemio
622 2785 751 2876 dignus
784 2795 856 2869 est,
892 2784 948 2856 ubi
984 2807 1063 2856 nam
1098 2784 1224 2855 melius

145 2909 240 3000 quod
259 2918 413 2979 meretur
433 2892 594 2999 accipiet,
614 2926 720 2997 quam
740 2903 799 2975 ubi
817 2906 853 2977 id
870 2905 950 2976 fecit
970 2906 1224 2999 propterquod

145 3028 227 3099 talia
247 3029 422 3099 meretur?
450 3027 629 3118 Nusquam
656 3026 798 3116 dignius
823 3024 1006 3117 praemium
1032 3025 1099 3095 viri
1124 3027 1223 3097 fortis

145 3149 322 3221 exolvitur
354 3169 459 3241 quam
494 3146 553 3219 ubi
586 3146 719 3218 fortiter
745 3144 866 3236 gessit,
891 3157 928 3217 ut
949 3148 1008 3238 qui
1029 3158 1143 3219 actum
1170 3148 1223 3219 vi-

145 3271 267 3354 derint
291 3272 336 3343 ad
355 3269 559 3342 imitandum
574 3269 718 3364 praemio
736 3269 911 3341 accedant.
925 3269 1088 3341 Fidenter
1105 3270 1222 3361 itaque

146 3395 316 3489 reposcite
335 3393 447 3466 civem
470 3406 650 3464 vestrum:
673 3391 755 3462 nibil
777 3412 919 3474 novum,
942 3389 1028 3461 nibil
1053 3391 1220 3461 iniustum

145 3517 303 3611 poscitis,
323 3516 508 3611 potiusque
525 3515 726 3608 delinquitis
749 3516 779 3585 si
800 3516 932 3586 tacetis.
955 3512 1056 3597 Quod
1077 3513 1107 3583 si
1128 3533 1222 3584 corn-

145 3641 261 3711 munis
283 3639 359 3713 iure
376 3637 513 3732 patriae,
537 3637 596 3709 ubi
616 3659 708 3709 nunc
728 3647 850 3731 captus
870 3646 925 3708 est
945 3634 1148 3728 puniendus
1164 3656 1222 3707 as·

146 3762 288 3844 seritur,
322 3769 454 3853 quanto
488 3760 605 3831 verius
639 3754 833 3831 communis
866 3758 976 3851 patria
1010 3758 1120 3827 Roma
1146 3766 1218 3840 est,

146 3881 204 3956 ubi
235 3881 293 3954 ille
326 3892 430 3954 natus
450 3883 689 3976 educatusque
718 3891 781 3966 est,
813 3880 874 3953 ubi
907 3876 1077 3973 quidquid
1104 3878 1221 3950 idest

145 4004 237 4077 unde
258 4014 443 4078 accusatur
463 4003 614 4087 admisit,
637 4007 696 4097 qui
717 4014 837 4096 contra
857 4001 943 4073 nihil
963 3999 1019 4073 hic
1041 4003 1099 4072 vel
1119 3997 1221 4070 laude

145 4129 202 4198 vel
235 4126 582 4220 vituperiodignum
616 4128 720 4200 lecit?
749 4127 785 4195 Si
818 4146 912 4197 vero·
937 4132 1057 4195 contra
1089 4123 1226 4194 morem
