2738 4680
202 313 260 376 llll
521 328 562 376 on
585 327 686 378 nunus
708 327 931 379 recurramus

198 463 313 536 aliam.
338 461 430 545 Quid
448 463 625 536 intendam
646 463 772 534 vides?
791 464 879 535 Nam
911 474 948 536 et
980 484 1048 556 ego
1074 461 1172 558 (quid
1192 465 1286 537 enim

200 586 262 658 tibi
282 607 340 657 res
360 608 458 658 meas
474 588 585 658 celem
604 587 699 680 quod
719 609 788 659 non
810 586 936 681 soleo‘l)
959 609 1067 681 prope
1087 586 1178 659 alius
1205 610 1287 660 rure

198 709 285 780 mihi
305 708 442 794 videor,
464 708 555 781 alius
575 710 610 780 in
632 708 790 781 urbibus.
818 711 952 804 Nempe
972 709 1020 781 ibi
1040 720 1201 782 naturam
1229 732 1287 784 se-

198 855 303 927 quor,
341 833 395 904 hic
420 834 593 927 exempla.
631 833 740 926 Inque
765 831 833 904 hoc
860 834 1016 905 maxime
1042 833 1154 905 sentio
1179 856 1288 927 quam

199 957 316 1030 adhuc
342 968 496 1030 remotus
529 955 611 1029 inde
645 944 710 1028 sim
741 979 813 1048 quo
845 939 1052 1050 pervenisse
1072 958 1142 1029 iam
1162 957 1285 1039 debui,

200 1081 469 1153 uniformitatem
479 1080 799 1172 dioovotorumque
811 1081 1056 1164 constantiam,
1067 1103 1174 1174 quam
1186 1080 1288 1174 quis-

199 1205 279 1298 quis
299 1205 454 1298 attigerit
469 1212 597 1276 metam
615 1212 722 1288 tenet,
742 1212 778 1274 et
794 1202 830 1272 in
849 1226 955 1297 quem
978 1207 1163 1277 stultorum
1185 1203 1288 1276 navi-

200 1329 295 1421 gatio
309 1351 377 1401 non
392 1337 552 1421 penetrat
569 1336 684 1398 tutum
700 1349 741 1398 ac
759 1325 933 1420 placidum
953 1320 1036 1398 vitae
1053 1336 1204 1421 portum.
1223 1329 1288 1398 Vel

198 1454 312 1524 victor
331 1451 448 1543 itaque
468 1452 525 1522 vel
545 1448 697 1521 invictus
713 1449 758 1522 ad
780 1450 913 1544 reliqua
933 1450 970 1522 in
991 1450 1057 1522 hac
1078 1461 1176 1544 parte
1201 1450 1286 1522 belli

199 1575 329 1658 haereo
352 1584 387 1645 et
407 1573 467 1666 qni
484 1575 579 1665 gulae
592 1593 788 1665 somnoque
813 1575 946 1644 fraenos
969 1572 1068 1659 dedi,
1089 1575 1150 1666 qui
1171 1571 1287 1646 libidi-
1335 1612 1340 1618 -

200 1718 280 1767 nem
298 1717 369 1766 non
389 1695 551 1780 fraenari,
570 1696 634 1768 sed
651 1718 717 1790 ope
734 1695 845 1767 divini
865 1697 958 1768 roris
973 1698 1129 1781 extinxi,
1152 1697 1287 1771 leviora

157 1885 159 1892 ,
199 1819 331 1912 aegrius
353 1820 468 1906 domo,
490 1831 525 1892 et
541 1821 578 1890 in
594 1842 637 1892 eo
662 1822 743 1913 plus
771 1819 856 1891 mihi
883 1820 1015 1910 negotii
1040 1829 1096 1891 est
1120 1820 1216 1914 quod
1240 1821 1287 1894 ad

199 1965 431 2036 communem,
467 1965 512 2015 ne
544 1943 656 2015 dicam
683 1943 964 2038 philosophicum
997 1945 1109 2016 vestis
1130 1943 1285 2030 modum,

199 2066 367 2159 vixdum
388 2065 555 2138 inclinare
574 2065 730 2137 animum
751 2065 888 2158 incipio.
909 2064 1060 2137 invaluit
1085 2065 1120 2136 in
1141 2088 1198 2137 me
1223 2089 1287 2139 ve-

200 2199 306 2261 tustae
325 2189 592 2274 consuetudinis
612 2188 740 2260 durum
761 2187 895 2280 iugum.
918 2189 957 2257 ln
976 2209 1047 2281 quo
1064 2188 1286 2261 discutiendo

199 2314 326 2405 utique
334 2315 465 2383 multus
479 2332 568 2396 sum,
584 2313 802 2401 multumque
814 2309 917 2381 brevi
931 2312 1286 2404 temporeprolecisse

199 2435 338 2531 videas:
360 2434 408 2505 ita
427 2443 543 2505 tamon
564 2443 658 2504 utet
678 2433 824 2503 multum
847 2442 966 2505 restet.
989 2436 1059 2507 Sed
1079 2436 1148 2506 iam
1170 2435 1284 2528 magis

199 2557 373 2628 adversus
393 2555 562 2627 obsoletae
588 2555 759 2648 pudorem
784 2578 892 2649 quam
918 2560 1093 2632 adversus
1115 2559 1282 2653 pretiosae

199 2681 310 2751 vestis
331 2665 468 2751 inan'em
489 2681 635 2771 gloriam
652 2682 748 2752 frons
765 2689 871 2774 atque
889 2684 1027 2755 animus
1047 2691 1129 2755 sunt
1145 2705 1286 2754 arman-

199 2803 247 2887 di,
269 2811 305 2874 et
324 2801 485 2875 fortassis
505 2803 651 2876 efficiam
673 2805 800 2877 necubi
820 2829 1032 2900 magnopere
1057 2808 1165 2880 armis
1191 2806 1284 2878 indi-

200 2933 315 3015 geant.
338 2925 389 2994 Tu
409 2928 488 2996 vale
506 2925 616 2998 nostri
630 2947 777 3014 memor,
794 2939 829 2999 et
849 2949 911 3000 ora
926 2929 1083 3015 obsecro,
1105 2939 1142 3000 ut
1161 2929 1213 3003 sic
1231 2929 1282 3000 vi-

198 3069 280 3119 vam
301 3048 452 3141 qualiter
470 3052 598 3120 vellem
618 3051 756 3123 vixisse
773 3052 856 3123 dum
878 3051 1018 3124 moriar.

340 3193 488 3250 Mediolani
501 3200 580 3250 extra
594 3213 701 3268 muros,
716 3197 777 3253 Vll.
794 3197 862 3255 Idus
875 3199 1050 3298 Novempris.
