2730 4680
204 323 223 383 8
550 332 593 382 nn
612 333 715 383 amns
735 333 960 383 rnnnnnmts

203 491 309 564 snpra
330 490 369 542 se
388 469 522 554 vident,
536 471 642 563 inque
654 471 751 563 ipsos
763 471 900 542 animos
910 469 1048 542 ooelitus
1062 467 1164 539 nobis
1174 469 1289 553 datos,

202 593 312 687 pudet
329 596 445 677 lateri,
463 593 568 663 etiam
594 593 748 664 rutilanti
769 595 955 688 imperium
974 605 1030 665 est
1053 595 1205 664 metallo.
1219 595 1292 666 lloc

203 737 307 809 reges
326 715 411 808 ligat
428 726 535 809 atque
555 712 753 809 pontilioes,
774 715 842 787 hoc
861 715 1036 800 homines,
1053 727 1104 800 et,
1122 727 1162 786 nt
1182 718 1291 798 aiunt

201 841 308 912 etiam
328 839 424 932 ipsos
440 840 533 910 Deos
552 841 675 934 placat.
701 840 774 910 Nec
798 839 991 932 quidquam
1017 839 1293 933 inexpugnabile

203 962 494 1054 inaccessumque
511 982 600 1033 auro
619 972 686 1032 est.
704 960 808 1045 Quod
825 964 941 1034 sciens
959 963 1099 1055 Iupiter,
1117 971 1158 1031 nt
1172 974 1295 1035 custo-

202 1083 286 1155 ditae
305 1084 462 1156 mulieris
479 1078 865 1178 pudicitiam'rapturns
882 1087 1015 1157 ferreas
1035 1097 1155 1176 portas
1174 1084 1295 1154 effrin-

202 1216 315 1300 geret,
337 1207 373 1276 in
390 1205 537 1277 imbrem
557 1227 706 1276 aureum
727 1228 806 1277 sese
826 1208 940 1278 vertit.
960 1207 1033 1279 Tali
1051 1209 1125 1278 Deo
1144 1207 1294 1300 dignum

112 1375 119 1387 ·
201 1351 303 1424 opus.
316 1330 414 1400 Deus
426 1339 542 1400 autem
562 1339 703 1414 noster,
724 1329 898 1423 quidquid
918 1330 973 1401 sui
986 1339 1094 1421 agant
1107 1352 1295 1402 successo

203 1473 271 1536 res,
283 1450 484 1546 pudicitiam
492 1450 1292 1545 amat,aurnmspernit,avaritiamdetestatur.

203 1575 293 1668 Opto
313 1574 376 1647 tibi
397 1574 635 1648 valetudinem
656 1576 902 1648 inconcussam
919 1576 1047 1649 mentis
1066 1587 1103 1648 et
1122 1579 1293 1671 corporis.

712 1843 791 1852 -..

633 2068 811 2166 urnro'm
832 2103 864 2165 n.

223 2266 419 2317 snlnclscus
436 2265 605 2315 PETRARCA
623 2267 720 2314 NERIO
736 2265 893 2315 nonnullo
910 2265 1134 2317 ronotmlsnsl
1150 2268 1176 2316 S.
1194 2270 1223 2318 P.
1241 2269 1272 2318 ll.

205 2417 245 2471 De
265 2416 356 2472 Caroli
374 2416 412 2471 lv
430 2415 609 2486 Imperatoris
627 2415 704 2470 abitu
720 2423 749 2470 et
770 2416 913 2471 nonnullis
936 2435 999 2489 qua
1022 2419 1103 2473 illum
1127 2419 1291 2490 respiciunt.

277 2506 339 2571 Qua
361 2505 535 2560 humanitate
558 2502 594 2558 ab
616 2503 664 2558 illo
689 2510 717 2560 et
740 2520 756 2559 a
782 2504 922 2562 Cardinali
947 2507 1050 2579 Legato
1077 2507 1162 2562 fucrit
1188 2507 1292 2562 laelius

278 2599 419 2666 exceptus.

304 2814 464 2887 Nondum
488 2814 659 2907 superiori
678 2815 836 2907 epistolae
862 2816 1000 2906 signum
1027 2814 1288 2907 impresseram,

204 2942 288 3014 dum
308 2959 390 3011 ecce
409 2938 476 3011 alia
497 2938 750 3031 superveniens
770 2939 893 3029 coegit,
911 2946 951 3008 ut
965 2938 1081 3031 posito
1093 2940 1212 3023 anulo,
1227 2913 1308 3011 del

203 3063 359 3160 positum
384 3063 559 3133 calamum
580 3083 705 3132 rursus
730 3062 938 3156 arriperem,
973 3068 1009 3131 et
1033 3061 1197 3152 quamvis
1227 3071 1288 3133 tua

203 3186 282 3256 haec
317 3182 497 3275 superiore
532 3180 577 3252 sit
601 3183 756 3273 longior,
791 3202 960 3278 responso
988 3193 1105 3253 tamen
1134 3181 1290 3253 breviori

206 3316 369 3381 contenta
390 3305 466 3377 erit.
489 3303 575 3375 Nam
597 3306 738 3375 neceni
759 3307 869 3378 nostri
889 3306 1065 3398 querelam
1084 3305 1213 3376 iterare
1232 3314 1288 3375 est

204 3450 361 3515 necesse,
383 3448 489 3520 quam
506 3438 542 3498 et
559 3427 684 3498 tacitus
701 3429 823 3520 loquor
843 3441 879 3502 et
899 3431 975 3522 ipsa
992 3443 1049 3499 res
1070 3431 1203 3514 clamat,
1223 3451 1289 3503 nec

204 3555 396 3648 quidquam
431 3548 605 3644 prohibet,
634 3548 729 3644 quod
755 3550 789 3621 in
815 3553 872 3624 illa
906 3553 1082 3638 dixeram,
1119 3551 1165 3624 ad
1197 3538 1288 3624 lianc

206 3675 399 3748 transferri.
421 3671 542 3766 Neque
558 3674 649 3743 enim
668 3683 728 3745 aut
745 3673 856 3746 minor
873 3684 927 3745 cst
947 3674 1050 3748 hodie
1070 3676 1168 3748 dolor
1188 3697 1289 3747 meus

202 3820 307 3890 quam
330 3796 406 3868 heri
426 3804 462 3870 et
481 3795 610 3866 nudius
633 3796 758 3867 tertius
782 3797 863 3881 fuit,
889 3820 1002 3891 neque
1025 3800 1141 3870 minus
1161 3796 1288 3868 efficax

203 3918 361 4010 epistolae
373 3929 443 3992 ture
456 3917 636 3991 hodiernae
651 3920 812 3991 solatium
826 3942 932 4013 quam
946 3923 1131 3992 hesternae.
1142 3919 1287 3991 Accedit

203 4041 298 4134 qnod
308 4063 421 4136 neque
433 4042 478 4114 de
491 4043 546 4114 his
559 4061 639 4134 quae
652 4041 844 4115 novissime
859 4044 1028 4138 scripsisti
1043 4043 1158 4113 ausim
1166 4052 1286 4137 aperte

203 4164 428 4257 pronuntiare
462 4165 557 4259 qnod
584 4166 710 4249 sentio,
738 4187 853 4258 neque
880 4177 916 4239 tu
948 4164 1026 4237 ideo
1060 4167 1175 4236 minus
1200 4164 1285 4258 quid
