2992 4664
333 320 424 367 urunn
448 319 983 378 ucnsluusouuurus——nrrsronn
1007 324 1058 370 nu.
1179 310 1238 371 tlte

158 455 274 534 rerum
297 463 396 545 ratio,
420 474 469 546 et,
493 461 662 554 quidquid
680 483 776 553 agas,
802 463 834 532 in
849 465 1031 536 consilium
1046 464 1235 547 evocanda,

157 585 423 678 praesertimque
446 586 475 655 si
497 584 641 655 iudices.
664 585 796 679 Nempe
813 587 870 656 ille
885 587 1105 658 Theocritum
1121 588 1155 658 in
1168 590 1235 658 Bu-

155 708 274 779 colicis
294 706 420 778 ducem
442 718 578 790 nactus,
603 707 637 776 in
658 707 836 798 Georgicis
854 707 1043 779 Hesiodum
1061 731 1236 802 quemque

156 829 232 900 suis
250 829 333 900 locis
351 829 506 899 inseruit.
528 829 572 898 Et
593 851 668 913 cur,
688 830 841 921 inquies,
869 830 1020 901 tertium
1036 831 1069 901 io
1096 830 1238 904 heroico

156 950 309 1022 carmine
329 949 452 1024 ducem
473 949 622 1035 babens,
650 952 744 1022 nullo
764 953 840 1022 eius
862 952 978 1045 operis
1001 954 1036 1022 in
1056 961 1154 1046 parte
1181 975 1235 1024 me

155 1074 293 1166 posuit?
311 1073 611 1157 Posuisset,.mihi
633 1073 748 1157 crede,
778 1073 983 1145 mitissimus
1009 1075 1234 1147 verecundis·

155 1196 337 1288 simusque
358 1184 565 1279 mortalium,
588 1197 753 1288 quodque
772 1194 816 1267 de
834 1195 892 1266 illo
914 1197 1081 1288 scriptum
1105 1197 1235 1268 scimus

154 1316 247 1388 omni
270 1314 435 1407 probatus
454 1317 539 1400 vita,
568 1316 633 1385 nisi
669 1337 762 1386 mors
790 1316 894 1409 impia
929 1318 1111 1388 vetuisset.
1139 1318 1236 1388 Licet

153 1450 269 1510 autem
291 1437 390 1523 alios,
409 1437 467 1508 ubi
489 1439 640 1511 occurrit
653 1449 759 1530 atque
774 1438 833 1509 ubi
850 1439 1069 1510 commodum
1085 1442 1159 1525 luit,
1173 1440 1235 1512 ad-

153 1571 325 1646 notasset,
347 1561 407 1631 tibi
427 1562 486 1632 uni
506 1561 560 1632 oui
583 1564 691 1633 multo
712 1562 861 1652 amplius
882 1560 1046 1645 debebat,
1071 1584 1139 1635 non
1165 1565 1235 1635 lor-

154 1687 277 1758 tuitum
300 1686 364 1757 sed
381 1695 513 1756 certum
536 1693 702 1775 certoque
724 1682 869 1754 oonsilio
887 1681 1097 1754 destinatum
1120 1706 1235 1758 reser-

153 1806 260 1879 vabat
278 1809 401 1878 locum.
420 1808 464 1881 El
478 1829 583 1898 quem
606 1806 702 1887 reris
726 1804 794 1875 nisi
813 1804 1074 1876 eminentiorem
1095 1811 1233 1880 cunctis

153 1941 259 2022 atque
280 1930 575 2021 conspectiorem?
595 1928 714 1998 Finem
736 1947 822 2017 ergo
843 1927 1099 2018 praeclarissimi
1117 1931 1233 2021 operis

151 2053 370 2145 expectabat,
394 2051 441 2121 ibi
463 2064 494 2122 te
513 2071 614 2121 suum
636 2049 760 2121 ducem
781 2059 948 2141 tuumque
969 2071 1095 2120 nomen
1117 2052 1234 2123 altiso-

151 2177 206 2246 nis
223 2175 384 2246 versibus
399 2177 533 2247 laturus
548 2173 592 2244 ad
607 2172 731 2243 sidera.
748 2170 814 2242 Ubi
826 2172 928 2255 enim,
944 2192 1075 2263 quaeso,
1091 2171 1233 2265 dignius

151 2319 257 2388 quam
279 2298 313 2367 in
331 2294 399 2367 fine
417 2297 486 2367 viae
507 2296 583 2367 dux
604 2295 822 2366 laudandust
842 2295 988 2381 lllulturn
1004 2294 1233 2387 habes-igitur

150 2419 246 2510 quod
266 2419 311 2490 de
331 2428 441 2491 morte
457 2419 581 2492 festina
599 2416 701 2488 nimis
722 2418 846 2488 merito
864 2418 963 2508 queri
985 2416 1111 2509 possis,
1128 2417 1234 2489 habet

150 2551 186 2613 et
206 2544 312 2614 ltalus
330 2540 424 2613 orbis
448 2553 559 2613 tecum
577 2571 583 2613 :
603 2543 647 2612 de
673 2542 785 2612 amico
810 2539 905 2611 nihil.
934 2540 1036 2624 Quod
1063 2540 1113 2611 sic
1138 2561 1231 2624 esse,

150 2665 267 2735 vicino
285 2676 321 2736 et
342 2664 445 2736 simili
465 2666 627 2740 coniioies
646 2661 691 2733 ab
716 2665 888 2756 exemplo.
915 2663 1000 2733 Nam
1035 2674 1074 2736 ut
1105 2675 1137 2734 te
1163 2664 1230 2748 ille,

150 2787 202 2856 sic
222 2788 317 2856 illum
344 2787 499 2856 imitatus
529 2796 584 2857 est
614 2784 743 2856 Statius
778 2786 957 2875 Papinius
992 2785 1092 2855 cuius
1126 2807 1232 2878 supra

149 2909 280 2978 mentio
293 2908 424 2990 incidit,
440 2909 495 2978 vir
508 2918 636 2999 praeter
648 2906 779 2995 ingenii
796 2903 933 2975 landem
953 2905 1080 2994 insigni
1095 2927 1230 2977 morum

150 3027 346 3099 urbanitate
371 3030 591 3121 conspicuus
619 3030 689 3099 Nec
710 3036 842 3097 lantum
872 3024 1001 3116 ingenii
1027 3025 1148 3099 ducem
1177 3032 1231 3101 sui

149 3151 218 3221 nisi
241 3150 273 3219 in
298 3147 366 3222 fine
385 3149 511 3243 poetici
533 3151 667 3222 itineris
691 3149 902 3242 recognovit.
925 3150 1020 3222 Licet
1044 3152 1136 3222 enim
1162 3153 1231 3224 alio

151 3272 301 3363 quodam
322 3274 400 3343 loco
419 3293 458 3343 se
478 3273 556 3344 stilo
575 3274 772 3344 inferiorern
800 3268 968 3344 seoretius
994 3274 1228 3366 designasset,

151 3396 218 3468 illic
240 3406 353 3468 tamen
376 3396 466 3468 bona
488 3396 555 3466 fide
577 3406 687 3470 totum
708 3397 796 3488 grati
817 3395 922 3467 animi
947 3396 1104 3467 debitum
1124 3395 1229 3466 bene-

150 3519 285 3589 meritae
306 3519 475 3610 persolvit
495 3519 642 3590 AEneidi.
669 3519 703 3588 Si
724 3530 759 3590 et
776 3519 868 3590 hunc
889 3539 983 3590 mors
1005 3517 1111 3607 igitur
1137 3538 1227 3609 prae-

151 3641 322 3725 venissel,
347 3651 384 3711 ut
402 3652 435 3711 te
455 3640 634 3732 Virgilius,
663 3642 713 3711 sic
746 3641 813 3711 iste
844 3638 1029 3729 Virgilium
1064 3638 1226 3707 siluisset.

72 3857 75 3860 Δ
150 3763 232 3833 Haec
251 3765 298 3834 ita
315 3784 396 3835 esse
418 3772 455 3832 ut
475 3760 553 3833 dico
572 3763 632 3833 tibi
647 3762 862 3857 persuadeas
880 3760 996 3831 velim.
1011 3759 1112 3830 Certe
1126 3757 1227 3841 enim,

150 3886 184 3955 ni
201 3888 299 3957 lallor
316 3885 476 3976 auguri0,
501 3887 548 3957 ita
569 3895 636 3971 est,
658 3885 744 3957 etsi
765 3887 853 3956 forle
874 3882 972 3955 aliter
986 3881 1047 3966 sit,
1064 3880 1098 3952 in
1112 3879 1229 3950 dubiis

150 4020 264 4079 tameo
278 4008 393 4101 opinio
406 4016 462 4077 est
474 4009 715 4102 anteponenda
728 4004 921 4096 benignior.
937 4005 982 4073 Et
999 4005 1073 4074 hacc
1087 4002 1228 4093 quidem

150 4153 212 4222 pro
231 4132 457 4207 excusatione
486 4132 659 4203 maiorum
693 4128 825 4221 Virgilii
861 4149 1002 4220 operum
1023 4126 1115 4199 dicta
1148 4125 1227 4198 sint
