2940 4650
604 318 757 366 nersrom
779 319 798 364 1.
1182 304 1241 364 495

169 464 319 537 mundus
338 463 513 554 integrior.
533 463 571 534 ld
588 460 617 532 si
638 459 722 530 mihi
741 481 807 530 non
829 458 992 544 creditur,
1014 460 1241 552 experientiae

165 589 337 661 credatur.
360 585 506 671 Quando
528 607 678 678 unquam
706 592 800 654 tanta
826 605 911 676 pas,
935 594 1031 653 tanta
1049 584 1240 677 tranquilli-

166 724 233 794 tas²
269 720 362 783 tanta
394 710 536 793 iustitia,
571 719 688 780 tantus
716 707 835 778 uirtuti
863 705 992 792 honoS,
1020 717 1114 778 tanta
1139 706 1240 779 bonis

165 836 324 926 praemia,
345 843 438 905 tanta
456 834 555 903 malis
570 830 751 927 supplicia,
774 840 843 902 tam
862 828 951 901 bene
967 834 1162 902 consultum
1186 852 1241 902 rc-

165 950 230 1023 bus
245 974 348 1044 quam
363 961 545 1044 postquam
561 971 667 1020 unum
681 957 783 1042 caput
797 946 892 1019 orbis
912 946 1044 1031 babuit,
1067 955 1240 1040 caputque

164 1076 278 1170 ipsum
297 1076 404 1145 Roma
422 1073 507 1143 luit?
526 1074 602 1156 Quo
623 1071 838 1166 potissimum
859 1080 1014 1163 tempore
1036 1080 1168 1142 amator
1181 1092 1241 1164 pa·
1271 1070 1272 1075 ’

164 1200 213 1269 cis
235 1221 276 1270 ac
296 1166 437 1269 iustitiae
458 1203 553 1269 nasci
572 1199 665 1267 Deus
678 1219 725 1267 ex
742 1193 878 1287 virgine
900 1204 1081 1288 terrasque
1098 1196 1241 1267 visitare

131 1296 132 1299 Ἴ
164 1322 326 1414 dignatus
347 1325 424 1392 est‘l
444 1319 585 1411 Singula
605 1319 744 1412 quidem
766 1318 915 1410 siugulis
934 1317 1137 1411 corporibus
1159 1320 1241 1390 data

164 1456 245 1516 sunt
260 1444 385 1537 capita,
408 1455 443 1515 et
463 1441 557 1515 orbis
572 1443 772 1526 universus,
795 1442 852 1514 cui
873 1465 893 1514 a
916 1454 1015 1534 poeta
1035 1442 1150 1534 magni
1164 1463 1240 1513 cor-

78 1640 81 1642 ,
162 1549 1244 1661 porisnomenadscribitur,''unotemporalicapitedebetesse
1354 1644 1355 1647 Ἴ

160 1683 355 1762 contentus.
375 1691 637 1760 Monstruosum
658 1696 713 1760 est
731 1688 822 1759 enim
844 1709 945 1759 omne
962 1689 1089 1759 animal
1105 1686 1238 1781 biceps:
1259 1701 1261 1722 ³

161 1820 291 1903 quanto
309 1809 419 1901 magis
435 1810 644 1881 horrendum
658 1818 693 1879 el
706 1809 855 1888 immane
878 1809 1072 1902 prodigium
1091 1819 1146 1880 est
1165 1811 1239 1881 ani-

161 1935 229 2004 mal
247 1934 339 2004 mille
366 1934 514 2027 capitum
540 1934 775 2017 diversorum,
803 1953 910 2024 seque
940 1924 987 2003 se'
1007 1933 1238 2004 mordentium
1263 1868 1270 2029 d

160 2057 378 2149 invicemque
407 2058 659 2148 pugnantium?
689 2057 789 2140 Quod
822 2055 851 2127 si
884 2055 994 2149 capita
1020 2058 1119 2148 plura
1147 2067 1236 2141 sunt,
1259 2039 1270 2128 s*

164 2203 271 2253 unum
295 2189 409 2251 tamen
430 2181 525 2272 quod
557 2190 679 2252 concta
707 2193 906 2274 compescat
938 2191 1042 2272 atque
1075 2179 1263 2284 omnibus}

161 2304 283 2398 praesit
315 2325 395 2375 esse
424 2303 552 2375 debere
578 2324 647 2373 non
670 2302 870 2393 ambigitur,
894 2312 931 2372 ut
953 2304 1056 2375 totius
1084 2293 1261 2396 corporis‘

115 2518 116 2521 Ἴ
162 2451 232 2522 pax
258 2429 466 2499 inconcussa
491 2437 702 2522 permaneat.
731 2428 837 2498 Certe
862 2428 957 2519 quod
988 2427 1236 2519 experimentis

160 2550 351 2623 innumeris
365 2559 399 2623 et
413 2551 691 2623 doctissimorum
704 2549 881 2620 bominum
896 2539 1100 2622 auctorita'te
1117 2548 1237 2622 deleu-

163 2694 238 2747 sum
260 2686 327 2757 est,
347 2685 383 2746 et
403 2676 436 2745 in
451 2677 539 2747 coelo
556 2685 591 2745 et
610 2675 643 2744 in
662 2685 753 2745 terra
776 2675 906 2767 optima
918 2696 1054 2767 semper
1075 2674 1139 2745 luit
1160 2675 1235 2746 uni-

161 2805 212 2866 tas
234 2798 456 2888 principatus.
478 2796 515 2866 ld
537 2818 621 2866 sanc
636 2819 835 2888 supremum
856 2808 960 2890 caput
977 2799 1068 2868 velle
1086 2819 1124 2867 se
1142 2798 1235 2867 Deus
1289 2890 1293 2895 ν

161 2915 377 3007 omnipotens
398 2936 467 2985 non
482 2916 576 2986 aliud
595 2931 674 2986 esse
695 2939 799 3006 quam
821 2919 964 2987 Romam
987 2917 1234 3012 multiplicibus
1254 2899 1276 2910 ν’

161 3034 349 3107 declaravit
374 3036 525 3118 indiciis,
553 3060 655 3128 quam
678 3037 757 3107 belli
779 3038 945 3131 pacisque
966 3041 1088 3132 gloria,
1112 3062 1235 3134 quam·

160 3180 228 3251 que
245 3157 437 3230 mirabilem
452 3161 526 3230 sine
547 3164 708 3253 exemplo
728 3162 866 3233 virtutis
886 3172 979 3236 tanta
994 3166 1235 3259 praeminentia

161 3282 304 3379 dignam
321 3284 411 3353 lecit.
434 3283 520 3367 Quae
540 3307 737 3378 quanquam
760 3287 806 3357 ita
828 3289 910 3372 sint,
933 3289 1046 3361 adbuc
1070 3303 1181 3362 tamen
1204 3291 1233 3362 si

161 3407 300 3478 humani
333 3430 428 3481 more
457 3410 560 3479 animi
583 3413 672 3483 malo
694 3433 757 3483 suo
777 3414 930 3505 quotidie
952 3415 1149 3506 gaudentis,
1172 3414 1233 3485 ali·
1260 3484 1262 3488 .

160 3553 229 3622 qua
247 3549 348 3621 gens,
373 3531 513 3614 uldini,
536 3532 741 3605 damnosam
761 3547 796 3606 et
815 3534 1014 3627 ambiguam
1041 3539 1230 3613 libertatem
1259 3598 1297 3613 ν
1386 3567 1388 3577 ’

160 3675 263 3746 quam
287 3664 396 3726 tutum
417 3666 451 3727 et
473 3658 624 3727 salutare
645 3655 791 3749 publicae
806 3661 927 3730 matris
946 3660 1129 3754 imperium
1148 3667 1233 3736 mal-

63 3815 65 3821 ,
159 3780 206 3849 let
218 3779 386 3870 amplecti,
407 3789 526 3870 posset
545 3778 737 3850 insolentiae
750 3783 807 3850 vel
821 3781 966 3853 inscitiae
980 3786 1083 3857 venia
1100 3786 1230 3857 deberi.

160 3902 244 3974 Illud
260 3925 343 3978 vero
364 3904 441 3995 quis
463 3905 643 3974 inoffensis
657 3904 799 3976 auribus
814 3906 958 3998 accipiat
973 3909 1059 3979 inter
1072 3910 1231 3982 homines

159 4025 278 4098 doctos
297 4028 422 4120 quaeri,
450 4050 494 4097 an
511 4049 689 4099 romanum
705 4030 888 4122 imperium
912 4033 1030 4102 Romae
1050 4033 1119 4105 sit?
1139 4033 1232 4126 Ergo

161 4149 251 4238 apud
269 4150 412 4221 Parthos
425 4151 619 4241 Persasque
637 4161 671 4221 ct
684 4152 1016 4226 lllledosParlborum
1030 4157 1231 4228 Persarum-
