2738 4680
226 345 319 393 LIBER
340 344 505 394 vlcusluus
527 346 916 424 saturatus-Eptabolo
937 348 999 396 xlv.
1095 331 1150 395 ffl

71 497 206 574 natum,
230 488 289 581 qui
310 487 460 560 dictator
480 487 641 572 Minutio,
660 489 754 582 quod
777 512 816 562 se
834 502 938 585 alque
958 490 1152 562 exercitum

70 617 264 685 Romanum
286 612 439 685 obsideri
457 613 502 684 ab
522 611 684 684 hostibus
713 614 807 707 apud
833 615 997 707 Algidum
1025 635 1153 707 passus

70 749 157 823 erat,
198 740 418 808 consulatum
456 736 615 817 abstulit3
652 744 689 807 ut
730 737 953 831 Calpurnium
991 738 1153 808 Pisonem

72 861 212 945 sileam,
243 861 303 953 qui
338 861 460 930 consul
487 861 692 952 praelectum
725 860 898 952 equitum,
934 860 1027 952 quod
1060 883 1156 933 arma

72 984 231 1055 hostibus
249 984 459 1067 tradidisset,
476 983 574 1054 vario
587 982 874 1055 contumeliarum
894 1006 1022 1075 genere
1040 985 1156 1056 delor-

71 1118 217 1192 matum,
242 1107 388 1179 succisis
411 1117 503 1199 togae
524 1107 676 1193 laciniis,
699 1107 908 1179 discinctum
929 1109 1031 1181 nudis
1057 1111 1155 1202 pedi·

70 1230 136 1303 bus
159 1255 180 1305 a
200 1253 302 1303 mane
322 1231 367 1304 ad
389 1251 575 1325 vesperam
596 1232 723 1303 adesse
744 1233 788 1303 ad
807 1233 955 1324 primam
970 1234 1079 1306 aciem
1095 1257 1155 1327 per

72 1375 174 1426 omne
189 1355 321 1425 militiae
337 1367 474 1446 tempus
496 1355 614 1440 iussit,
633 1357 745 1448 utqui
758 1356 852 1427 omni
866 1357 941 1428 iure
956 1356 1153 1449 sanguinis,

72 1500 140 1570 quo
162 1480 348 1569 praelectus
370 1478 418 1549 illi
440 1478 580 1549 vinctus
601 1490 686 1557 erat,
710 1480 880 1572 potiorem
902 1480 1047 1552 duceret
1073 1501 1154 1551 esse

72 1601 319 1694 rempublicam
345 1611 451 1694 atque
483 1600 747 1674 observantiam
780 1605 985 1676 militarem:
1021 1603 1155 1708 utqhos

73 1747 158 1815 ergo
185 1736 408 1820 praeteream,
430 1727 645 1798 omittendus
671 1750 740 1799 non
766 1739 821 1798 est
850 1730 945 1820 rigor
965 1729 1156 1800 acerrimus

73 1847 388 1940 ManliiTorquati,
409 1848 468 1940 qui
491 1846 600 1918 filium
621 1869 709 1918 rarae
729 1848 869 1931 indolis,
888 1848 981 1941 quod
1000 1848 1157 1920 iniussus

74 1973 104 2041 in
131 1971 271 2041 hostem
303 1980 539 2063 pugnaverat,
574 1971 736 2062 quamvis
768 1971 910 2062 egregie
943 1970 1157 2062 feliciterque

73 2105 281 2186 pugnasset,
305 2094 448 2166 occidit:
476 2116 607 2186 parque
628 2092 796 2165 Postumii
815 2092 974 2176 Tiburtii,
996 2092 1041 2164 ob
1061 2114 1157 2163 eam-

73 2216 150 2289 dem
173 2239 316 2288 causam
339 2219 374 2287 iu
396 2216 503 2286 filium
526 2239 667 2309 quoque
689 2215 821 2309 imperii
849 2216 1037 2287 severioris
1064 2224 1156 2287 atro-

75 2342 172 2426 citas,
196 2361 409 2432 quamquam
433 2339 728 2410 huius-incertior
754 2342 843 2409 lama
871 2339 925 2410 sit.
952 2340 1022 2409 Nec
1047 2340 1156 2411 multo

62 2463 214 2535 'inlerior
232 2462 365 2559 ,Papirii
394 2463 555 2533 Cursoris
583 2463 788 2544 acrimonia,
817 2460 882 2532 nisi
908 2461 1004 2555 quod
1026 2483 1094 2533 uon
1120 2460 1154 2530 in

74 2585 182 2658 filium
196 2587 331 2657 exarsit
349 2585 412 2657 sed
430 2588 463 2656 in
483 2586 649 2669 Quintum
668 2583 813 2656 Fabium
832 2572 1037 2676 magistrum
1057 2584 1157 2677 equi-

76 2720 160 2795 tum,
184 2733 289 2805 quem
319 2711 483 2792 dictator,
511 2708 603 2801 quod
627 2710 764 2778 iniussu
792 2709 869 2779 eius
896 2709 1050 2802 alioquin
1077 2732 1157 2803 pro-

76 2856 177 2927 spere
209 2855 250 2904 ac
283 2846 424 2904 strenue
445 2831 678 2917 decertasset,
699 2833 814 2903 securi
843 2834 946 2903 lerire
975 2834 1102 2920 voluit,
1121 2847 1155 2905 et

74 2959 226 3040 lecisset,
246 2957 282 3026 ni
304 2965 505 3050 conceptam
534 2957 755 3027 severitatem
776 2955 886 3048 pietas
904 2955 1043 3050 publica
1071 2967 1156 3027 tem-

74 3091 252 3173 perasset,
274 3090 310 3151 et
330 3101 399 3150 non
420 3078 567 3171 insignis
591 3079 639 3150 rei
665 3080 778 3148 virtus
804 3089 864 3149 aut
889 3079 1059 3171 dignitas,
1088 3103 1154 3151 non

76 3201 319 3274 tumultuantis
338 3213 451 3273 metus
469 3202 660 3282 exercitus,
682 3222 748 3271 uon
764 3200 916 3291 longaevi
930 3203 1038 3293 patris
1056 3203 1158 3272 lacri-

75 3348 157 3411 mae,
180 3347 251 3396 uon
274 3338 417 3397 senatus
439 3325 638 3410 auctoritas,
662 3325 725 3394 sed
747 3325 831 3396 solae
850 3325 894 3396 ad
909 3303 1065 3396 ultimum
1089 3327 1157 3418 piae

75 3470 197 3544 preces
231 3449 349 3542 populi
382 3447 525 3518 Romani
563 3446 818 3518 nobilissimum
854 3470 894 3518 ac
930 3448 1155 3518 fortissimum

75 3576 334 3646 adolescentem
366 3571 411 3642 ab
438 3571 578 3642 interitu
612 3571 827 3642 liberassent.
862 3571 1039 3642 Noverunt
1073 3591 1158 3641 sane

77 3708 144 3768 tam
170 3696 345 3767 difficilem
373 3706 442 3767 tam
469 3692 685 3767 tremendam
715 3694 780 3764 boc
805 3694 893 3764 duee
920 3693 1090 3775 militiam,
1118 3703 1158 3764 ut

76 3808 244 3915 perpetuo
262 3818 382 3890 labore
400 3840 441 3890 ac
458 3828 553 3889 metu
571 3837 718 3910 corpora
740 3817 884 3885 militum
903 3824 1007 3908 atque
1021 3814 1157 3886 animos

77 3953 256 4028 attereret,
273 3953 391 4035 atque,
412 3943 505 4034 quod
523 3951 576 4012 est
589 3941 681 4036 apud
696 3939 844 4022 Livium,
861 3938 1047 4031 aliquando
1060 3939 1157 4010 ausis

77 4069 253 4162 equitibus
274 4067 375 4137 abeo
390 4074 556 4159 peterent
574 4065 640 4134 sibi
659 4086 771 4158 prore
789 4063 879 4134 bene
897 4072 997 4154 gesta
1020 4066 1157 4135 laxaret

79 4191 205 4285 aliquid
233 4190 379 4276 laboris,
404 4190 453 4263 sio
473 4189 648 4262 illuderet:
674 4210 715 4257 ue
741 4189 825 4258 nibil
849 4183 1019 4259 dt’rur'ssrtm
1043 4179 1157 4259 dr'cotis
