2804 4656
305 328 397 378 tiene
418 328 944 386 vrousmusrcnrrus.—nrrsronl
968 340 1030 387 xlv.
1137 324 1193 384 2⁶27

510 605 688 670 IIPISI'OLA
711 607 780 671 XIV.

113 765 307 815 nunnolscus
328 766 497 815 PETRARGA
519 768 652 817 IOHANNI
674 770 828 820 EPISCOPO
852 772 1045 822 OLIIU'I'IENSI
1066 776 1091 823 S.
1114 776 1142 822 P·
1165 779 1196 826 D.

113 901 259 972 Vituperat
273 917 334 954 eam
350 900 488 955 scribendi
506 901 644 956 rationem
665 920 720 974 qua
739 920 827 958 unum
841 906 881 959 uti
896 907 991 977 plures
1011 908 1196 980 alloquimur3

205 995 232 1043 et
251 995 346 1043 narrat
360 1005 389 1043 se
405 989 582 1045 Germaniam
595 1008 691 1047 versus
705 993 871 1064 profectum,
887 995 1032 1051 itineribus
1042 997 1197 1068 praeclusis,
1228 1023 1233 1035 ·

204 1080 334 1135 venetias
348 1080 501 1135 divertisse.

216 1321 291 1392 Non
311 1322 479 1411 exiguum
501 1320 535 1389 in
557 1329 734 1415 stuporem
758 1335 815 1394 tua
836 1346 891 1394 me
914 1325 1020 1395 traxit
1040 1326 1197 1417 epistola.

116 1444 237 1513 Novus
261 1442 354 1511 enim
381 1442 415 1510 in
442 1442 562 1534 primis
588 1464 629 1513 ac
654 1442 754 1513 nobis
788 1446 948 1516 insolitus
983 1447 1085 1517 stilus
1111 1459 1197 1519 erat.

119 1565 299 1636 Pluraliter
332 1587 388 1635 me
420 1568 606 1658 compellas
641 1588 720 1636 cum
755 1566 819 1636 sim
853 1590 960 1652 imus,
994 1570 1200 1662 integerque

118 1690 262 1773 utinam,
285 1710 349 1759 nec
370 1688 404 1757 in
425 1690 533 1758 multa
557 1688 804 1760 dissidentium
832 1693 1082 1762 sententiarum
1109 1692 1200 1762 bella

117 1810 314 1883 dIstractus.
341 1811 417 1900 Ego
444 1809 559 1878 stilum
588 1829 656 1878 non
679 1811 835 1893 mutabo,
863 1833 934 1903 quo
953 1820 987 1881 et
1007 1810 1098 1882 docti
1120 1813 1201 1881 olim

119 1954 248 2015 omues
271 1944 307 2003 et
327 1953 390 2003 nos
413 1929 473 2002 diu
493 1930 640 2002 invicem
662 1935 715 2002 usi
730 1954 868 2016 sumus;
883 1933 1202 2025 modernorumque

118 2055 301 2127 blanditias
322 2077 363 2125 ac
384 2075 499 2124 meras
520 2053 667 2146 ineptias
687 2054 893 2135 execrabor,
917 2054 1022 2146 inque
1042 2055 1108 2125 hoc
1126 2057 1202 2149 ipso

119 2177 315 2252 verecunde
333 2186 448 2248 tecum
470 2199 511 2247 ac
531 2176 748 2247 familiariter
764 2175 950 2266 gloriabor,
970 2177 1065 2268 quod
1084 2177 1201 2247 stilum

120 2305 215 2374 illum
238 2309 383 2395 patrum,
407 2298 472 2372 hac
494 2300 528 2369 in
550 2309 648 2393 parte
669 2299 854 2369 femineum
869 2307 905 2369 et
917 2320 1094 2382 enervem,
1110 2320 1201 2370 unus

119 2447 195 2517 ege,
219 2447 281 2496 seu
300 2424 433 2518 primus
455 2426 580 2494 saltem
601 2444 665 2514 per
686 2421 828 2506 Italiam,
851 2421 974 2492 videor
994 2423 1201 2492 immutasse

119 2548 218 2618 etad
239 2547 373 2619 virilem
395 2569 436 2618 ac
458 2546 608 2619 solidum
626 2546 826 2638 redegisse.
855 2547 905 2617 Ita
926 2555 1041 2617 tamen
1067 2545 1133 2616 hoc
1152 2549 1203 2617 Ia-

119 2669 225 2753 ciem,
248 2668 315 2739 nisi
341 2677 375 2738 te
400 2670 539 2762 penitus
566 2667 660 2740 aliud
691 2669 783 2738 velle
815 2687 1025 2757 cognovero.
1045 2665 1203 2738 Accessit

119 2792 212 2883 quod
233 2795 363 2863 nullam
385 2813 541 2862 mearum
556 2791 756 2861 litterarum
778 2788 884 2858 huius
905 2790 1072 2881 temporis
1097 2789 1143 2859 ad
1169 2800 1202 2860 te

119 2915 224 2987 video
244 2916 459 3006 pervenisse.
486 2915 578 2985 Nulli
604 2914 695 2984 enim
724 2910 915 3004 respondes
935 2911 1112 2981 admirans
1139 2935 1203 2984 noc

118 3035 303 3116 immerito,
326 3035 420 3126 quod
440 3037 487 3105 ita
509 3046 541 3104 te
565 3034 685 3114 inscio,
708 3027 810 3123 quern
833 3033 1203 3131 praecipuumsemper

120 3157 237 3240 habui,
262 3166 391 3229 tantam
412 3156 549 3227 feeerIm
574 3155 815 3238 mutationem,
846 3166 883 3225 ut
907 3157 1064 3226 fortunas
1088 3157 1201 3227 domi-

120 3281 305 3371 ciliumque
325 3279 573 3349 transtulerim.
601 3279 675 3369 Ego
698 3299 871 3348 veronen
893 3279 1065 3364 Venetias,
1082 3279 1144 3349 sed
1156 3279 1201 3350 ad

122 3402 295 3473 Caesarem
314 3403 404 3472 etad
427 3413 460 3472 te
481 3410 661 3483 venturus
684 3400 878 3471 Mediolano
895 3401 974 3471 abii.
997 3403 1064 3471 Iter
1084 3411 1200 3472 autem

122 3526 255 3597 fortuna
269 3525 512 3619 praecluserat3
524 3543 590 3593 nec
603 3524 667 3593 iter
682 3523 784 3594 modo
800 3523 864 3593 sed
873 3523 1034 3593 reditum.
1047 3521 1203 3604 Quid-er-

123 3649 190 3738 go?
204 3647 408 3718 Terentiano
420 3649 531 3716 fretus
544 3646 699 3729 oonsilio,
717 3669 824 3738 quum
844 3646 938 3737 quod
953 3643 1112 3715 volebam
1134 3664 1202 3714 non

123 3770 228 3863 potui,
250 3768 338 3862 coepi
362 3769 450 3839 velle
471 3769 566 3860 quod
583 3779 750 3861 poteram.
773 3770 894 3861 Itaque
921 3765 1203 3858 circumspiciens

122 3904 156 3963 et
170 3895 281 3963 multa
300 3889 536 3976 considerans,
558 3892 788 3984 propinquum
802 3889 1046 3971 diversorium,
1061 3899 1098 3959 et
1110 3888 1203 3960 hunc

123 4015 311 4105 publicum,
336 4026 374 4086 ut
394 4017 440 4086 ita
460 4012 623 4106 dixerim,
647 4013 787 4086 humani
803 4013 942 4105 generis
957 3995 1093 4121 ppetum
1109 4013 1200 4107 petii,

125 4137 206 4207 nihil
227 4149 355 4232 praeter
376 4137 508 4211 libellos
530 4148 564 4211 et
585 4139 736 4212 calamos
759 4159 895 4210 mecum
915 4138 1041 4209 terens.
1064 4139 1146 4209 Ilaec
1164 4148 1203 4208 et
