2738 4680
144 316 202 380 ltu
450 384 453 389 ,
478 336 519 381 uu
540 336 641 384 nunus
663 335 885 383 uuurunumus

145 479 261 548 tantur
281 478 424 550 assidue
445 501 502 550 res
525 480 700 564 humanae,
723 490 758 550 et
783 491 821 550 ut
845 480 1056 571 reliquarum
1085 480 1135 548 sic
1162 502 1225 547 mr-

145 601 227 670 litiae
248 602 356 692 gloria
377 602 594 694 praeterfluit,
618 627 658 674 ac
679 605 723 675 de
749 612 852 695 gente
879 602 912 670 in
940 613 1077 695 gentem
1105 601 1223 673 sedern

147 729 320 796 transfert.
340 726 494 819 Denique
513 749 579 797 una
597 739 651 798 est
665 711 788 798 borum
801 722 881 818 quae
895 725 1056 796 videmus
1070 727 1224 797 omnium

147 847 336 931 stabilitas
359 871 428 919 uon
450 859 566 921 stare:
590 873 657 920 una
680 848 781 934 fides,
805 852 945 921 fallere:
972 872 1040 919 una
1067 851 1223 941 requies,

145 972 386 1042 circumvolvi.
408 973 483 1044 Non
506 984 539 1044 le
561 976 661 1064 longe
682 975 802 1044 oeulos
823 973 1001 1044 reflectere
1021 971 1140 1054 iube0‚
1165 971 1226 1044 sed

148 1101 240 1163 tuam
255 1095 417 1188 patriam,
431 1107 529 1168 tuum
544 1110 681 1190 tempus
697 1101 864 1190 aspicere.
875 1097 1145 1170 Adolescentnlo
1159 1121 1223 1181 me,

146 1216 316 1301 Britanni,
341 1240 429 1309 quos
453 1217 585 1309 Anglns
618 1220 693 1291 sive
716 1220 880 1311 Anglicos
902 1231 1043 1305 vocant,
1070 1220 1224 1292 omnium
1278 1241 1280 1246 ·

146 1336 373 1410 barbarorum
399 1340 608 1413 timidissimi
640 1341 875 1413 habebantur:
910 1366 1002 1413 nunc
1034 1342 1226 1415 bellicosis-

148 1463 234 1532 sima
256 1485 344 1554 gens
367 1465 483 1535 Gallos
513 1465 573 1536 diu
606 1465 728 1538 bellica
759 1466 867 1557 gloria
903 1467 1067 1538 florentes
1102 1466 1227 1539 stravit

148 1596 215 1656 tam
239 1585 372 1658 crebris
398 1589 656 1682 insperatisque
687 1590 923 1676 successibus
958 1603 997 1662 ut
1028 1591 1087 1682 qui
1122 1591 1227 1662 modu

18 1761 21 1768 ,
127 1800 128 1803 Ἴ
149 1710 275 1781 vilibus
297 1712 409 1782 Scotis
431 1713 581 1805 impares
604 1717 755 1796 fuerant,
779 1723 908 1808 praeter
932 1714 1165 1785 miserabilem
1192 1725 1227 1784 et

146 1834 327 1926 indignum
350 1836 475 1907 summi
498 1837 592 1928 regis
612 1860 747 1923 casum,
770 1859 874 1930 quem
894 1837 968 1907 sine
992 1837 1228 1930 suspiriome-

146 1959 291 2030 minisse
312 1982 383 2030 non
405 1981 560 2054 pessum,
585 1960 636 2031 sie
658 1983 806 2051 regnum
828 1980 932 2031 omne
958 1960 1038 2051 igne
1065 1962 1227 2053 ferreque

147 2083 388 2164 contriverint,
413 2094 450 2155 ut
469 2083 549 2152 mihi
573 2105 685 2175 nuper
704 2084 783 2154 illac
804 2083 869 2154 iter
885 2105 932 2154 ex
952 2083 1092 2172 negotio
1110 2083 1225 2172 agenti

148 2208 209 2276 uix
228 2205 429 2298 persuaderi
448 2218 568 2299 posset
585 2229 729 2298 regnum
748 2206 832 2277 illud
846 2227 927 2275 esse
946 2202 1038 2296 quod
1055 2203 1226 2274 videram.

147 2330 203 2400 Sic
227 2329 357 2421 ubique
383 2329 532 2400 solitudo
558 2329 677 2397 infelix
703 2339 737 2399 et
761 2351 891 2399 moeror
916 2338 951 2396 et
977 2328 1149 2409 vastitas;
1178 2327 1227 2398 sic

148 2451 278 2543 ubique
299 2451 440 2523 lmrrida
460 2460 495 2520 et
515 2451 643 2521 inculta
664 2473 762 2534 arva,
787 2452 837 2522 sic
857 2449 982 2520 dirutae
1004 2449 1227 2542 desertaeque

147 2574 290 2660 domus,
313 2577 381 2645 nisi
400 2597 481 2668 quae
501 2575 625 2646 cinctae
646 2575 777 2646 arcium
800 2575 974 2647 maenibus
999 2583 1060 2645 aut
1086 2572 1225 2643 urbium

147 2697 360 2779 evasissent;
383 2699 433 2769 sic
455 2699 596 2770 demum
621 2700 704 2770 locis
732 2696 895 2768 omuibus
922 2696 1116 2785 anglorum
1140 2716 1227 2765 mce-

46 2803 51 2814 ’
149 2832 201 2890 sta
226 2809 377 2913 vestigia
402 2832 437 2893 et
463 2835 619 2894 recentes
642 2823 815 2914 lmdaeque
835 2820 1014 2892 cicatrices
1031 2818 1226 2910 gladiorum

147 2943 324 3015 extabant.
360 2945 449 3028 Quid
484 2945 544 3018 tibi
581 2947 662 3016 vis?
700 2947 778 3037 lpsa
805 2945 964 3015 Pariseos
996 2942 1093 3032 regni
1126 2950 1228 3033 eaput

147 3088 261 3157 usque
279 3067 346 3138 sub
366 3070 477 3161 ipsum
501 3082 610 3163 portae
635 3072 739 3141 limen
766 3069 958 3158 deformata
985 3066 1095 3137 ruinis
1122 3074 1157 3136 et
1179 3065 1229 3133 in-
1265 3053 1267 3056 ’

148 3189 279 3260 cendiis
304 3199 466 3275 tremere,
489 3203 736 3287 extremosque
761 3213 865 3262 casus
891 3191 1119 3270 horrescere3
1145 3185 1228 3280 quin

149 3327 183 3385 et
197 3316 279 3409 ipse,
296 3317 352 3409 qui
369 3338 487 3388 muros
510 3315 728 3387 interlabitur
745 3317 914 3407 Sequana,
937 3335 1004 3383 non
1026 3313 1101 3382 sine
1123 3330 1229 3380 sensu

148 3440 298 3532 quodam
321 3439 421 3530 quasi
443 3438 595 3510 miseriae
614 3458 688 3510 suae
715 3439 811 3510 urbis
838 3448 1004 3508 eventum
1029 3436 1113 3506 llere
1145 3434 1229 3503 milri

151 3564 324 3655 simulque
342 3573 497 3632 metuere
517 3563 617 3632 visus
635 3570 699 3632 est.
722 3563 812 3632 Eece
835 3562 958 3630 iterum
981 3561 1014 3628 in
1036 3557 1112 3629 dies
1131 3558 1230 3648 igno-

151 3684 229 3757 bilis
256 3685 312 3756 ille
338 3695 469 3756 tractus
498 3686 623 3781 lllpriei
655 3686 783 3756 sensim
817 3695 922 3778 caput
954 3683 1089 3766 extulit,
1111 3692 1145 3751 et
1171 3679 1230 3751 diu

152 3807 271 3880 bellaci
304 3809 498 3880 Germaniae
537 3812 612 3880 vult
650 3810 791 3903 aequari.
832 3811 951 3880 Nonne
993 3806 1095 3877 vides
1137 3802 1231 3895 quud

150 3954 252 4004 nemo
277 3956 430 4025 uuquam
457 3934 664 4018 divinasset,
693 3945 730 4005 ut
756 3936 898 4026 fugaces
925 3930 1033 4002 Histri
1060 3927 1231 4019 sagittarii

152 4062 231 4144 pust
248 4053 402 4125 votivum
424 4032 529 4127 unum
553 4067 657 4148 alque
674 4058 821 4127 alterum
842 4073 1057 4136 successum,
1077 4060 1230 4121 nontam

149 4174 279 4248 virtute
298 4187 435 4271 partum
458 4200 520 4251 sua
541 4202 644 4272 quam
667 4179 857 4254 diffidentia
879 4176 961 4249 lenti
991 4174 1103 4247 bostis
1133 4173 1231 4277 inge-
