2804 4656
147 395 151 402 Ι
211 317 269 379 20⁶2
548 327 588 374 nn
611 326 712 374 imaus
732 318 956 373 uuurnmnmus

210 472 315 545 habet
334 471 472 541 fortuna
493 487 558 542 nco
577 490 684 541 mors.
704 467 824 539 Virtus
846 468 987 560 quidem
1014 466 1091 561 ipsa
1116 469 1174 540 hic
1201 481 1235 542 te
1262 470 1298 541 in

211 596 317 669 linem
332 605 372 665 >ct
392 601 471 687 post
491 591 593 663 finem
611 590 844 675 comitabitur,
867 600 973 683 teque
989 589 1023 660 in
1044 594 1186 675 coelum,
1202 594 1297 666 unde

211 718 388 809 sibiorigo
400 726 466 801 est,
486 717 655 786 virtutum
673 715 737 785 alis
754 715 895 785 attollet.
915 714 991 805 Ego
1004 723 1133 797 autem,
1150 737 1296 807 magna-

210 843 301 914 nime
317 841 384 926 ιιι,
403 851 442 912 ut
454 840 610 910 vicissim
629 837 797 930 gaudeas,
812 859 941 929 magno
956 838 1074 910 studio
1091 841 1193 910 talem
1208 862 1296 932 quo-

208 987 278 1057 que
291 964 444 1034 animum
460 963 551 1033 nitor
563 961 720 1046 induere,
734 969 770 1031 et
780 982 889 1054 prope
903 961 971 1031 iam
985 961 1110 1036 videor
1122 962 1293 1035 induisse.

113 1106 118 1114 ·
207 1087 299 1159 Vivo
316 1086 453 1156 interim
474 1095 510 1156 et
530 1086 646 1167 valeo,
670 1083 699 1154 si
721 1105 791 1176 qua
812 1084 976 1155 valetudo
1001 1084 1152 1176 integra,
1176 1085 1295 1178 siqua

208 1210 281 1281 vita
302 1208 506 1280 mortalibus
532 1229 617 1279 vera
642 1217 707 1278 est.
730 1206 830 1277 Certe
852 1206 881 1275 si
907 1228 986 1278 cum
1012 1207 1157 1298 legifero
1179 1206 1295 1299 graio·

209 1353 286 1402 rum
309 1329 449 1422 gloriari
467 1329 591 1412 ausim,
610 1337 646 1397 et
665 1327 741 1420 ipse
758 1327 914 1420 quotidie
930 1327 1072 1398 discens
1085 1313 1217 1419 aliquid
1237 1349 1295 1399 se·

208 1475 327 1536 nescu,
350 1464 386 1524 et
401 1448 517 1522 minus
530 1451 564 1520 in
577 1450 655 1521 dies
673 1453 804 1521 frustra
821 1449 1038 1523 formidatam
1055 1451 1291 1524 inevitabilem

208 1576 298 1647 illam
322 1576 443 1645 horam
465 1586 594 1656 metuo,
618 1584 760 1666 paratus
778 1583 813 1644 te
827 1573 860 1643 in
880 1575 1015 1644 senium
1034 1585 1071 1646 et
1089 1574 1294 1646 inmortcm

209 1696 318 1790 sequi,
345 1699 415 1781 vel,
443 1697 525 1789 quia
551 1694 720 1767 moriendi
746 1697 862 1765 nullus
887 1706 943 1766 est
963 1696 1066 1778 ordo,
1095 1697 1124 1766 si
1149 1719 1198 1799 ex
1224 1701 1294 1768 alto

208 1824 327 1895 datum
342 1833 405 1903 est,
421 1822 466 1893 ad
479 1833 636 1904 mortem,
652 1820 736 1890 nihil
751 1819 828 1913 ipse
844 1842 995 1912 quoque,
1015 1820 1084 1891 nisi
1102 1822 1201 1892 fallor
1220 1843 1294 1893 me·

160 1989 163 2000 ·
208 1956 310 2018 tuens
337 1954 397 2016 aut
421 1944 603 2030 haesitans,
626 1944 769 2016 anteire.
792 1944 964 2016 Caeterum
985 1943 1070 2015 dum
1084 1945 1141 2014 hic
1159 1964 1291 2029 sumus

208 2080 306 2141 utere
332 2093 405 2154 me,
434 2090 565 2163 precor,
594 2081 696 2140 utre
723 2077 796 2152 tua,
824 2077 859 2139 et
884 2069 915 2138 si
940 2068 1025 2160 quid
1042 2070 1158 2137 forsan
1179 2088 1294 2138 exme

208 2193 318 2284 cupis²
347 2192 487 2264 iubendi
501 2202 582 2263 tuus
608 2191 720 2275 labor,
747 2191 894 2286 parendi
919 2190 1106 2262 delectatio
1131 2211 1209 2261 mea
1235 2190 1291 2261 sit.

207 2316 293 2388 Vale
313 2331 446 2387 memor
467 2315 588 2386 nostri.

350 2448 511 2537 Mediolani,
528 2468 588 2522 VII.
605 2468 744 2525 Kalendas
759 2471 881 2526 Martias.

626 2805 805 2870 EPISTOLA
825 2807 870 2871 Vl.

214 2978 407 3027 Funnclscus
427 2977 595 3047 nuncluce
617 2979 751 3028 IOHANNI
772 2978 924 3028 Errsccro
947 2980 1139 3032 OLMUTIENSI
1160 2984 1186 3033 S.
1208 2985 1236 3032 P·
1258 2984 1288 3033 D.

330 3122 486 3176 Immeritas
501 3121 553 3176 sibi
568 3123 665 3176 laudes
675 3121 795 3193 respuit:
813 3122 893 3192 eique
903 3122 1068 3196 inscriptum
1079 3125 1165 3179 mittit

594 3213 755 3267 Bucolicum
775 3229 899 3268 carmen.

305 3394 404 3466 Unde
425 3394 491 3467 hoc
511 3396 594 3466 mihi
614 3405 651 3468 ut
667 3394 831 3467 dominus
846 3419 886 3467 ac
900 3406 1097 3490 praeceptor
1118 3420 1288 3474 meusmc

208 3521 413 3612 magistrum
435 3529 470 3591 et
491 3519 668 3590 dominum
688 3541 791 3590 suum
810 3531 929 3603 vocet,
948 3521 1015 3590 nisi
1036 3521 1118 3613 quia
1140 3545 1289 3614 magnus

208 3663 307 3713 amor
325 3643 378 3713 sui
399 3643 591 3714 obliviosus
614 3643 695 3711 nihil
719 3641 874 3713 meminit
891 3643 958 3715 uisi
976 3665 1081 3736 quem
1100 3645 1227 3738 diligit,
1249 3646 1291 3717 il·

208 3764 280 3835 lum
306 3763 371 3836 sibi
398 3768 534 3857 qualem
557 3768 632 3835 vult
653 3764 764 3856 lingit,
792 3765 887 3838 illum
912 3770 1070 3840 attollere
1095 3768 1233 3851 nititur;
1254 3768 1290 3840 id

209 3886 244 3956 si
252 3898 412 3979 nequeat,
433 3889 508 3984 ipse
521 3888 710 3971 descendit,
726 3888 874 3982 denique
889 3891 1000 3962 modis
1014 3890 1176 3962 omnibus
1192 3893 1288 3962 illum

196 4009 277 4080 sihi
306 4031 447 4103 aequare
478 4010 678 4084 contendit?
702 4013 776 4083 Tibi
799 4014 871 4096 uni,
894 4014 960 4084 nisi
984 4021 1064 4084 tuos
1093 4035 1114 4084 c
1142 4017 1288 4106 pulvere
1345 4012 1347 4023 '

208 4142 327 4213 erutos
347 4154 455 4227 supra
471 4137 638 4221 verticem
652 4144 750 4208 tuum
769 4140 874 4220 loces
893 4135 978 4207 nihil
994 4147 1051 4208 est
1069 4145 1198 4208 actum.
1213 4137 1290 4228 Ego
