2940 4650
568 329 721 380 unrsronn
742 332 802 379 nvr.
880 296 883 302 ‘

148 477 212 559 luit
232 473 439 547 Asdrubalis
458 473 553 545 senis
570 483 800 565 cognomento
822 472 948 558 Haedii,
972 475 1032 565 qui
1051 476 1180 546 missus
1201 496 1220 545 a

149 596 359 686 Carthagine
379 595 424 666 ad
446 594 716 666 misericordiam
742 593 960 666 excitandam
994 597 1222 687 poscendam-

146 741 217 814 que
237 741 258 790 a
278 719 442 789 Romanis
465 739 597 811 pacem,
620 717 754 788 animos
773 720 847 791 solo
860 718 958 788 llexit
979 732 1138 813 aspectu3
1157 742 1223 793 nec
1244 698 1245 701 Ἴ

148 843 262 914 minus
276 840 575 912 illustrishlricani
589 840 733 911 iunioris
747 821 901 933 quolibet
915 844 948 914 in
959 865 1087 936 genere
1100 865 1222 914 nume-

52 964 54 970 ’
148 963 415 1055 randaLegatio,
430 963 498 1057 qui,
514 972 552 1033 ut
564 963 610 1034 ait
625 962 754 1046 Cicero,
769 961 853 1034 obiit
861 964 1220 1062 LegatusAEgyptum,

149 1088 299 1184 Syriam,
313 1085 623 1168 AsiamGraeciam
634 1141 640 1171 ,
651 1095 755 1178 atque
768 1086 897 1158 absens
911 1088 956 1160 ad
969 1088 1096 1160 bellum
1111 1088 1223 1158 maxi-

149 1235 242 1284 mum
264 1210 515 1283 conficiendum
536 1207 875 1303 conscidendamque
896 1211 1115 1283 Numantiam
1142 1232 1223 1281 con-

150 1338 201 1406 sul
223 1334 347 1405 iterum
369 1344 424 1404 est
444 1333 608 1404 directus.
628 1333 913 1426 Philosophorum
935 1332 1222 1426 quoque'legatio

148 1458 316 1548 praeclara
330 1455 374 1526 ad
389 1453 642 1547 impetrandum
656 1456 794 1524 mulctae
809 1453 1051 1526 remissionem
1065 1452 1223 1525 ahAthe-

147 1578 328 1651 niensibus
353 1581 496 1650 Romam
518 1576 643 1663 missa,
669 1579 704 1648 in
730 1600 799 1671 qua
825 1588 860 1648 et
890 1577 1119 1649 Academicus
1140 1578 1224 1647 Car-

150 1702 292 1783 neades
319 1712 354 1771 et
371 1702 506 1772 Stoicus
533 1701 706 1791 Diogenes
732 1701 885 1784 luerunt,
915 1713 950 1772 et
974 1701 1222 1795 Peripateticus

149 1824 332 1905 Critolaus,
355 1845 503 1916 quorum
523 1843 684 1915 quaenam
706 1823 740 1891 in
762 1823 908 1916 puhlicis
930 1847 969 1894 ac
987 1823 1223 1894 celeberrimis

151 1946 270 2045 Romae
296 1948 380 2018 locis
407 1945 533 2038 ingenii
556 1955 659 2036 atque
679 1947 887 2038 eloquentiae
907 1947 1109 2032 ostentati0,
1129 1965 1225 2038 quae-

149 2092 227 2141 nam
248 2069 387 2140 Catonis
409 2066 555 2140 censorii
577 2075 612 2137 et
632 2089 735 2159 quam
758 2089 880 2139 severa
895 2069 1080 2152 sententia,
1096 2069 1140 2139 de
1158 2067 1224 2138 illis

150 2193 228 2264 dico
247 2191 480 2275 dimittendis,
511 2201 547 2260 et
567 2190 629 2261 tibi
649 2201 768 2261 notum
793 2201 860 2274 est,
883 2201 918 2261 et
938 2193 1034 2262 locus
1066 2193 1132 2262 iste
1155 2214 1222 2262 non

148 2315 268 2408 exigit.
290 2314 464 2397 Quorsum
479 2313 569 2383 enim
585 2313 683 2383 haec‘l
700 2311 830 2407 Nempe
844 2333 912 2383 non
926 2313 993 2384 nisi
1011 2326 1047 2384 ut
1058 2314 1222 2385 advertas

148 2436 213 2509 hoc
228 2438 348 2529 Legati
362 2457 488 2507 nomen
506 2436 598 2529 apud
616 2435 764 2520 maiores
783 2436 899 2507 tritum
914 2427 1017 2529 atque
1032 2439 1224 2527 vulgatum,

150 2583 214 2632 nec
235 2558 397 2631 omnibus
417 2570 572 2652 ereptum
601 2559 715 2653 (longa
741 2558 824 2651 quid
852 2580 922 2630 non
953 2570 1063 2631 mutat
1092 2559 1223 2653 diesi),

150 2687 341 2757 Romanam
362 2682 551 2756 Ecclesiam
579 2683 644 2753 sibi
671 2683 847 2777 proprium
875 2683 1088 2770 vindicasse,
1111 2706 1154 2755 ne
1174 2682 1227 2754 di-

149 2829 224 2879 cam
259 2827 463 2899 usurpasse.
493 2806 612 2896 ltaque
644 2804 712 2875 iam
735 2805 882 2895 Legatos
912 2805 1130 2876 exercituum
1152 2806 1225 2875 suis

149 2950 290 3020 quoque
317 2926 513 2997 nominihus
539 2934 656 2996 vocat:
691 2937 727 2995 at
757 2924 884 3016 quihus
912 2926 1075 2996 mandata
1105 2947 1226 3016 regum

151 3060 211 3120 aut
233 3048 367 3120 urbium
389 3049 649 3118 committuntur
673 3047 826 3118 Nuncios
851 3047 987 3134 dicunt,
1011 3050 1086 3119 sive
1112 3051 1220 3131 aliter,

151 3183 211 3243 aut
231 3174 335 3262 vulgo
355 3170 445 3241 alius
463 3179 567 3262 atque
587 3169 674 3240 alius
701 3189 814 3241 sermo
839 3181 902 3241 est.
926 3172 995 3243 Soli
1016 3162 1121 3263 igitur
1144 3185 1226 3243 sunt

151 3295 283 3386 Legati,
298 3315 397 3388 quos,
413 3304 450 3364 ut
463 3293 567 3375 aiunt,
583 3295 759 3365 Romanus
769 3293 926 3366 Pontifex
940 3295 985 3365 ad
998 3295 1133 3388 aliquas
1147 3316 1227 3386 pro-

149 3419 283 3491 vincias
300 3418 504 3505 destinavit,
523 3441 542 3489 e
559 3418 687 3510 quihus
701 3419 842 3511 quidam
855 3418 976 3510 Legati
992 3427 1133 3499 tantum,
1151 3417 1226 3509 qui·

103 3633 105 3638 Ι
150 3542 231 3615 dam
254 3565 337 3614 vero
358 3543 402 3614 de
421 3545 524 3612 latere
546 3542 665 3633 Legati
686 3552 940 3635 nuncupantur,
961 3563 1049 3633 quos
1067 3541 1227 3611 videlicet

152 3666 279 3736 missos
300 3688 320 3737 e
338 3667 501 3757 Collegio,
524 3665 617 3757 quod
632 3687 768 3763 sacrum
782 3676 919 3750 vocant,
935 3663 1091 3735 Romulei
1107 3663 1226 3734 Cardi-

151 3790 205 3860 nis
226 3792 339 3881 fulgor
359 3789 517 3859 illustrat.
544 3789 592 3859 lta
615 3789 697 3858 mihi
717 3790 820 3860 fando
838 3787 963 3859 videor
979 3785 1150 3870 audiisse,
1165 3807 1228 3856 ne-

151 3935 218 4004 que
243 3912 417 3982 enim‘res
443 3921 496 3981 est
515 3911 569 3980 cui
590 3908 787 3982 ediscendae
804 3912 951 3981 multum
970 3907 1136 4001 temporis
1158 3905 1222 3976 ini-

153 4035 316 4126 pendisse
337 4035 452 4105 velim.
476 4034 526 4105 Sit
546 4044 661 4104 autem
684 4033 746 4104 ita:
767 4033 852 4126 quid
876 4032 968 4102 enim
987 4032 1030 4103 ad
1063 4033 1153 4103 nos?
1182 4031 1227 4100 Et

153 4158 329 4230 serendum
344 4166 399 4230 est
419 4177 520 4249 aequo
541 4156 656 4227 animo
670 4155 780 4246 utqui
799 4177 914 4224 rerum
936 4154 1114 4246 potiuntur
1128 4175 1226 4256 sum-
