2738 4680
265 292 359 342 LIBER
381 291 887 347 ululastllusrlllllus.-urlsrotl
908 296 959 345 XV.
1093 286 1147 348 111

72 430 126 522 qui
147 429 306 501 numeris
326 429 444 502 stilum
471 433 657 525 stringunt,
700 433 830 527 quibus
855 442 984 528 praeter
1008 445 1152 510 senten-

71 554 146 639 tias,
173 562 306 646 praeter
338 552 460 640 verba,
496 555 665 628 iuncturae
683 557 788 630 etiam
807 557 957 643 intentis
979 568 1014 630 et
1034 561 1150 653 quiete
1193 603 1201 617 ι
1252 578 1254 582 ·

69 690 145 752 ante
165 679 255 751 alios
276 687 313 750 et
334 681 469 752 silentio
489 703 579 776 opus
600 691 665 751 est.
687 680 853 753 Odiosum
873 703 959 773 ergo
976 683 1151 777 simulque

69 803 251 875 ridiculum
265 801 430 896 intelligis
444 804 563 876 odium
581 827 697 876 meum
712 826 797 897 erga
815 806 910 876 illum
929 808 1151 899 nescioquas

69 925 230 1012 finxisse,
254 949 334 997 oum
353 936 390 998 ιιι
406 927 524 1012 vides,
553 929 624 1000 odii
646 926 791 1001 materia
811 930 906 999 nulla
933 928 993 1013 sit,
1021 904 1151 1003 amoris

70 1063 184 1122 antem
210 1049 374 1142 plurima,
398 1062 433 1123 et
453 1051 566 1146 patria
588 1052 733 1137 scilieet,
756 1063 791 1123 et
811 1061 956 1146 paterna
977 1053 1150 1142 amicitia,

70 1184 100 1244 et
119 1174 317 1265 ingenium,
351 1184 386 1245 et
407 1176 508 1246 stilus
531 1177 565 1245 in
589 1196 653 1247 suo
679 1197 808 1268 genere
830 1177 998 1271 optimuS,
1025 1177 1085 1269 qui
1111 1178 1152 1247 il-

72 1298 135 1368 lum
155 1319 177 1368 a
198 1305 397 1391 contemptu
418 1299 486 1369 late
507 1309 652 1392 praestat
669 1300 871 1372 immunem.
890 1300 941 1370 Ea
959 1321 1044 1372 vero
1066 1301 1150 1372 mibi

72 1418 214 1490 obieotae
228 1420 413 1492 calumniae
428 1442 510 1514 pars
524 1425 633 1492 altera
647 1425 773 1505 luerat,
793 1423 894 1495 cuius
913 1423 948 1493 in
966 1444 1153 1515 argumen-
1198 1489 1204 1502 ,

75 1554 143 1613 tum
165 1542 332 1629 trahitur,
353 1544 450 1637 quod
470 1567 491 1615 a
511 1545 622 1637 prima
635 1554 746 1630 aetate,
762 1567 843 1638 quae
862 1546 982 1618 talium
999 1547 1152 1641 cupidis-

73 1665 155 1737 sima
182 1688 265 1738 esse
292 1669 392 1747 solet,
415 1689 482 1759 ego
503 1666 669 1739 librorum
691 1669 790 1741 varia
811 1671 1035 1762 inquisitione
1057 1670 1151 1744 dele-

71 1800 194 1874 ctatus,
218 1812 396 1882 nunquam
420 1789 545 1861 librum
565 1790 657 1863 illins
677 1789 874 1878 habuerim,
893 1804 929 1865 et
945 1793 1153 1866 ardentissi-

53 1935 143 2010 mus
184 1935 325 2007 semper
362 1915 397 1986 in
434 1914 589 2006 reliquis,
624 1938 773 2009 quorum
811 1938 900 2009 pene
937 1919 1032 1989 nulla
1070 1938 1151 2012 spes

71 2047 269 2130 supererat,
305 2037 341 2107 in
375 2038 442 2109 boo
475 2058 546 2108 uno
575 2038 651 2111 sine
671 2038 871 2111 difficultate
892 2037 1039 2133 parabili
1059 2062 1152 2112 novo

71 2161 223 2252 quodam
243 2183 307 2232 neo
320 2183 399 2234 meo
413 2182 512 2233 more
533 2161 714 2257 tepuerim.
730 2162 873 2232 Factum
888 2163 1014 2247 fateor,
1033 2162 1096 2233 sed
1110 2183 1152 2234 eo

70 2304 136 2375 quo
157 2284 218 2356 isti
240 2273 377 2366 volunt,
408 2287 524 2357 animo
544 2288 673 2357 laetum
691 2306 793 2376 nego.
816 2284 938 2381 Eidem
970 2294 1057 2356 tuno
1073 2283 1152 2356 stilo

71 2407 208 2481 deditus
230 2406 369 2500 vulgari
389 2408 530 2500 eloquio
550 2408 728 2500 ingenium
746 2406 969 2480 exercebam.
988 2406 1080 2477 Nihil
1097 2428 1153 2478 re·

72 2528 129 2603 bar
148 2532 348 2623 elegantius
370 2552 434 2602 neo
454 2531 538 2602 dum
557 2531 661 2604 altius
682 2529 839 2625 aspirare
858 2531 1066 2618 didiceram,
1090 2532 1153 2602 sed

71 2653 288 2737 verebarne‚
304 2653 451 2726 sibulus
474 2664 535 2725 aut
555 2653 700 2726 alterins
717 2656 820 2727 dietis
836 2652 1023 2738 imbuerer,
1044 2664 1082 2726 nt
1099 2665 1155 2726 est

72 2789 155 2850 aetas
178 2779 237 2850 illa
256 2777 421 2850 flexibilis
446 2789 482 2851 et
508 2777 669 2849 miratrix
692 2778 859 2862 omnium,
881 2777 940 2847 vel
961 2777 1093 2850 invitus
1114 2801 1156 2851 ao

71 2901 233 2974 nesciens
254 2902 406 2973 imitator
425 2899 626 2974 evaderem.
641 2899 753 2985 Quod,
775 2909 814 2970 ut
834 2908 911 2974 erat
930 2900 1068 2971 animus
1089 2922 1153 2972 an-

70 3024 120 3094 nis
146 3023 346 3109 audentior,
371 3024 592 3117 indignabar,
616 3023 822 3117 tantumque
838 3022 977 3095 fiduoiae
998 3044 1061 3096 seu
1082 3027 1153 3097 ela-

73 3148 173 3219 tionis
197 3147 383 3219 indueram
402 3157 440 3218 ιιι
461 3148 536 3220 sine
556 3150 763 3240 cuiusquam
784 3147 940 3218 mortalis
961 3146 1101 3231 auxilio,
1117 3146 1153 3216 in

70 3291 109 3342 eo
128 3293 260 3363 genere
292 3271 337 3343 ad
368 3294 483 3344 meum
513 3284 549 3344 et
581 3271 760 3366 proprium
788 3269 977 3363 quemdam
1009 3269 1151 3341 modum

72 3394 296 3466 suffecturum
333 3393 419 3467 mihi
454 3394 635 3488 ingenium
673 3392 870 3468 arbitrarer.
909 3391 1009 3477 Quod
1047 3413 1151 3485 quam

70 3537 150 3589 vere
171 3517 381 3590 crediderim
404 3519 462 3589 alii
482 3519 646 3592 iudicent.
669 3521 741 3591 Hoc
766 3541 874 3590 unum
895 3538 966 3587 non
985 3514 1152 3587 dissimu-

72 3640 112 3724 lo,
135 3640 233 3734 quod
266 3641 473 3735 siquidm
507 3664 550 3714 eo
572 3663 733 3716 sermone
759 3664 780 3714 a
805 3663 862 3713 me
894 3639 1025 3713 dictum
1060 3638 1153 3708 illius

72 3776 126 3837 aut
157 3764 305 3838 alterius
338 3766 549 3860 cuiusquam
579 3766 672 3840 dioto
705 3767 830 3851 simile,
855 3765 930 3838 sive
952 3764 1043 3836 idem
1064 3766 1153 3835 lorte

72 3910 145 3960 oum
168 3889 289 3983 aliquo
315 3889 359 3963 sit
385 3891 583 3976 intentum,
611 3912 679 3962 non
704 3889 740 3962 id
766 3887 883 3960 furtim
909 3897 970 3958 aut
994 3885 1153 3958 imitandi

73 4013 259 4108 proposito,
282 4034 365 4106 quae
385 4013 457 4087 duo
479 4035 618 4107 semper
638 4015 673 4084 in
695 4012 748 4084 his
770 4010 923 4082 maxime
944 4008 1153 4102 vulgaribus
1203 4029 1211 4041 ·

72 4147 104 4208 ut
121 4139 288 4232 scopulos
310 4137 498 4223 declinavi,
522 4137 660 4211 sedvel
682 4157 767 4208 casu
788 4132 928 4208 fortuito
948 4135 1076 4206 sactum
1097 4154 1154 4204 es-
