2730 4680
398 343 489 392 crnun
511 339 903 391 possmus-sersaoni
925 344 944 390 1.
1188 334 1207 396 3

114 485 210 565 ritia,
232 484 283 554 sic
303 490 423 552 serlum
445 477 651 573 pertinacior
672 476 814 550 ambitio
840 487 909 564 est,
932 493 968 553 et
988 482 1039 554 sic
1065 453 1207 576 reliqniis

114 604 278 702 pestibus
299 623 487 698 processus
500 612 555 675 est
569 622 671 688 suus,
686 623 776 674 neve
791 604 878 675 mori
893 627 1043 698 unquam
1063 605 1207 681 morbus

116 728 233 825 possit
253 748 429 820 aegrorum
457 725 680 818 intemperies
710 725 801 796 facit.
836 727 922 798 Cum
957 727 1013 800 his
1048 730 1208 805 hostibus

117 875 178 926 res
198 858 255 923 est
275 848 393 932 nobis,
412 848 540 942 quibus
559 869 628 920 non
651 846 753 920 modo
770 869 840 920 non
861 849 1060 924 resistimus
1079 853 1142 925 sed
1158 857 1175 927 f
1192 896 1210 907 -

118 995 269 1058 vernus,
292 982 328 1044 et
349 976 439 1044 ultro
456 981 595 1043 nostros
617 971 756 1064 iugulos
770 971 804 1042 in
818 974 946 1043 ferrum
968 973 1107 1061 damus,
1124 979 1210 1069 quin

119 1099 241 1189 etiam,
266 1095 391 1167 mirum
413 1094 522 1180 dictu,
549 1093 578 1165 si
602 1097 795 1166 lentescere
821 1095 1005 1187 coeperint,
1032 1096 1210 1172 irritamus

119 1222 214 1305 illos,
237 1219 339 1312 quasi
365 1220 479 1290 minus
506 1218 673 1289 miserum
707 1215 780 1289 fieri
816 1216 862 1289 sit
893 1220 1035 1291 miseria
1062 1240 1208 1295 summa.

118 1344 224 1428 Quod
244 1343 376 1436 passim
397 1341 432 1412 in
453 1340 572 1414 multis
595 1341 700 1413 modo
721 1341 865 1414 senibus
896 1364 1009 1436 usqne
1039 1342 1084 1415 ad
1113 1346 1211 1416 tasti-

119 1466 220 1538 dium
240 1465 419 1551 videmus,
444 1463 572 1557 quibus
606 1463 692 1534 nihil
717 1464 917 1538 obscoenius
948 1470 999 1539 sol
1029 1464 1136 1540 videt.
1162 1469 1212 1539 De

119 1586 335 1681 quibusdam
356 1587 523 1679 legimuS,
546 1598 651 1679 atque
671 1586 706 1656 in
723 1586 844 1678 primis
861 1586 906 1658 de
923 1588 981 1660 illo
993 1589 1093 1661 cuius
1107 1592 1212 1681 paulo

120 1719 208 1783 ante
235 1709 376 1781 memini
410 1708 561 1794 Tiberio,
592 1730 697 1801 quem
722 1708 815 1802 apud
839 1709 967 1782 inferos
994 1733 1133 1805 quoque
1159 1712 1211 1783 Dii

120 1836 180 1907 sui
197 1835 349 1927 Deaeque
372 1835 463 1904 male
484 1842 684 1925 torqueant,
712 1832 759 1905 ita
784 1833 869 1904 mihi
897 1834 1115 1906 stomachum
1143 1845 1212 1924 lor:

119 1966 208 2050 quet
224 1955 399 2048 bilemque
420 1954 544 2046 agitat,
567 1955 727 2048 quotiens
755 1977 875 2028 senem
896 1957 992 2029 illum
1012 1961 1092 2050 lego
1114 1957 1219 2029 miris-

119 2091 157 2152 et
173 2078 324 2151 infandis
339 2077 465 2161 modiS,
480 2088 585 2171 atque
599 2077 688 2149 inter
701 2091 868 2161 coeteros,
890 2082 1001 2151 relatu
1017 2081 1121 2151 etiam
1136 2090 1209 2151 tur-

120 2204 174 2299 pi,
215 2201 413 2295 spectaculo
445 2199 651 2272 concubitus
686 2201 919 2286 monstruosi,
954 2212 993 2272 ut
1023 2202 1211 2295 Tranquilli

121 2325 234 2398 verbo
254 2334 349 2408 utar,
371 2321 573 2396 deficientes
595 2324 757 2408 libidines
781 2323 1003 2397 excitantem.
1031 2323 1120 2396 Hinc
1144 2323 1213 2396 illae
1265 2332 1271 2341 '

86 2447 281 2541 ¹ridiculae
316 2447 534 2539 infamesque
568 2457 768 2519 nostrorum
803 2468 927 2518 senum
964 2446 1211 2540 querimoniae,

122 2569 220 2663 quod
240 2568 342 2641 solito
366 2569 483 2639 minus
515 2568 754 2661 voluptatibus
787 2580 953 2657 aestuent,
987 2570 1083 2663 quod
1107 2573 1214 2642 male-

124 2692 238 2764 suada
260 2691 406 2763 titillatio
425 2699 462 2761 et
488 2693 643 2784 pruritus
674 2693 836 2764 iuvenilis
863 2692 1091 2780 abscesserit,
1118 2692 1212 2787 quod

123 2819 220 2910 gulae
242 2815 424 2907 somnique
445 2825 480 2886 et
495 2817 629 2887 ventris
650 2815 822 2888 illecebris
843 2817 1001 2889 destituti
1028 2827 1122 2889 sunt:
1151 2837 1212 2909 po·
1328 2838 1332 2846 ’

124 2930 257 3015 stremo
277 2939 371 3035 quod
391 2942 486 3013 vires
507 2962 685 3036 corporeae
697 2941 742 3015 ad
754 2942 887 3014 caedem
905 2940 1213 3034 carnificinamque

124 3067 340 3139 defecerunt.
371 3063 476 3158 Atqui
499 3065 601 3158 peius
631 3076 687 3136 est
721 3065 983 3157 sanguinarium
1018 3086 1099 3137 esse
1124 3067 1215 3138 velle

125 3211 231 3282 quam
250 3209 342 3260 esse.
364 3186 535 3271 Quamvis
556 3189 616 3281 qui
637 3191 751 3260 malus
773 3209 855 3260 esse
876 3188 988 3281 cupit,
1009 3186 1129 3280 utique
1143 3189 1213 3258 iam

124 3314 240 3383 malus
263 3333 303 3382 ac
323 3311 499 3405 pessimus
520 3320 591 3395 est,
613 3331 678 3381 nec
698 3312 885 3403 quisquam
905 3308 1002 3404 peior
1022 3329 1126 3402 qnam
1155 3302 1214 3400 qui

126 3441 270 3528 peccato
292 3431 411 3503 studet
435 3443 471 3504 et
498 3430 627 3524 flagitio
651 3432 828 3522 gloriatur.
856 3429 1027 3502 Delectari
1052 3429 1212 3524 equidem

127 3559 162 3628 in
182 3556 299 3640 malis,
322 3576 429 3650 prope
450 3557 618 3626 malornm
640 3555 795 3626 omnium
808 3564 863 3626 est
876 3561 1009 3626 natura.
1025 3552 1123 3624 Unde
1136 3570 1215 3643 pec-

127 3680 230 3752 candi
252 3680 470 3752 consuetudo
485 3678 741 3770 jucundissima
755 3679 848 3773 apud
861 3679 1060 3750 Ciceronem
1075 3672 1213 3746 dicitur.

127 3805 165 3874 ln
191 3802 317 3876 mediis
352 3822 436 3873 sane
461 3801 749 3874 delectationibus
782 3801 992 3884 inhonestis,
1028 3799 1213 3869 molestum

128 3926 262 4020 aliquid
281 3927 352 4019 pati
372 3934 408 3997 et
428 3927 526 3997 velut
545 3930 681 3998 frenum
703 3925 844 4018 aliquod
866 3925 993 3996 sentire
1014 3920 1213 4004 libidinum,

128 4052 302 4121 malorum
322 4048 437 4121 adhuc
457 4057 527 4134 est,
544 4049 606 4121 sed
619 4048 663 4121 ad
678 4048 819 4121 meliora
832 4046 1063 4130 tendentium,
1079 4055 1114 4117 et
1125 4065 1214 4139 quos

129 4193 227 4266 saepe
248 4171 293 4243 de
315 4173 450 4264 magnis
472 4170 738 4263 tempestatibus
757 4169 923 4241 liberatos
937 4168 971 4241 in
986 4176 1123 4261 portum
1137 4187 1215 4258 per-
