2940 4650
549 313 703 363 nrrsronu
727 316 777 364 vn.
1147 305 1201 369 531

127 473 215 523 mus.
234 453 406 526 Caeterum
425 453 607 547 utriusque
625 452 709 524 mibi
725 454 964 527 admirationis
983 459 1108 528 molem
1132 481 1203 530 me-

125 563 246 646 ditatio
266 574 446 646 confestim
474 576 691 670 subsequuta
716 576 894 649 discussit.
929 579 1081 650 Primum
1109 580 1203 665 enim

125 697 219 789 quod
241 699 362 770 attinet
381 699 427 770 ad
446 698 612 771 orationis
632 700 773 772 eximiae
795 680 1031 784 venustatem,
1051 701 1125 779 scio
1144 722 1204 774 na·

126 819 282 888 turaliter
315 821 432 892 inesse
461 822 622 911 formosis
649 833 687 892 ut
712 823 782 893 sint
807 843 878 915 prae
903 820 1041 894 caeteris
1071 820 1116 893 de
1142 844 1203 893 au-

126 939 241 1029 gendo
277 943 521 1036 servandaque
554 942 680 1016 decore
714 945 869 1017 sollcitae.
910 946 997 1016 Hinc
1036 964 1106 1015 non
1139 965 1203 1016 suo

126 1068 273 1148 tantum,
300 1064 362 1136 sed
382 1065 494 1136 alieno
514 1076 698 1139 comuntur
723 1068 879 1151 arbitrio,
914 1089 977 1143 nec
1006 1066 1202 1140 accuratius

127 1205 166 1256 se
188 1187 256 1257 ulla
276 1187 522 1280 circumspicit,
541 1199 577 1259 et
597 1190 741 1261 mendas
759 1189 995 1282 quantaslibet
1017 1190 1203 1262 meditatur

126 1304 161 1377 in
186 1312 342 1411 speculo
377 1334 481 1404 quam
515 1333 596 1404 quae
628 1334 704 1384 suae
736 1314 858 1383 formae
891 1311 1123 1403 praecellentis
1148 1320 1204 1382 est

126 1429 274 1500 conscia.
300 1431 344 1499 Et
369 1452 452 1503 sanc
481 1433 515 1502 in
547 1434 690 1524 egregia
711 1433 796 1504 facie
820 1433 976 1503 deiectus
1002 1431 1116 1502 omnis
1141 1453 1202 1526 ap·

125 1560 223 1642 paret
243 1552 451 1646 offenditque
472 1557 590 1626 oculos
611 1555 781 1648 quidquid
808 1558 865 1628 vel
891 1555 1072 1627 minimum
1100 1577 1121 1626 a
1146 1579 1202 1628 re·

125 1671 208 1765 liqui
229 1676 300 1744 oris
321 1676 471 1748 candore
491 1676 679 1749 discordat.
710 1677 755 1747 At
789 1686 908 1748 contra
934 1678 988 1749 oui
1023 1679 1109 1748 satis
1136 1699 1201 1750 sua

124 1793 318 1887 displicent,
346 1816 471 1868 secura
503 1797 734 1890 progreditur,
762 1807 797 1868 et
822 1798 926 1869 alium
953 1799 998 1869 dc
1032 1819 1085 1881 se,
1114 1801 1199 1870 satis

124 1919 201 2012 ipsa
218 1918 283 1990 sibi
301 1930 397 2001 nota,
418 1942 485 1992 non
501 1921 663 2002 consulit,
684 1942 748 1992 nec
766 1921 907 2014 speculo
926 1921 994 1990 iam
1014 1920 1198 2006 creditura,

125 2061 189 2112 nec
208 2039 338 2113 amicae.
360 2041 450 2112 Nihil
470 2043 578 2134 igitur
599 2042 676 2114 miri
701 2053 756 2112 est
782 2043 812 2113 si
837 2042 947 2114 oratio
971 2064 1111 2136 quoque
1136 2064 1199 2114 vc-

125 2172 196 2234 stra
212 2163 247 2233 in
264 2163 441 2257 publicum
458 2173 607 2236 ventura
618 2163 785 2236 wsubsistit
803 2185 1006 2257 parumper,
1024 2173 1059 2235 et
1076 2164 1121 2237 de
1141 2186 1199 2236 co-

124 2283 255 2356 loribus
277 2287 351 2356 suis
372 2287 469 2357 alteri
490 2284 634 2359 credere
655 2288 788 2357 mavult
807 2307 911 2378 quam
935 2285 1011 2356 sibi.

221 2406 322 2488 Quod
354 2416 469 2479 autem
490 2407 525 2476 in
546 2408 612 2479 bac
638 2430 688 2490 re,
711 2408 744 2477 in
768 2416 861 2480 tanta
888 2407 992 2478 turba
1017 2406 1196 2480 doctorum

122 2528 273 2601 hominis
293 2529 396 2601 unius
417 2530 546 2602 indocti
566 2529 747 2600 consilium
769 2528 964 2620 delegistis,
983 2539 1089 2623 atque
1108 2528 1198 2601 intra

123 2661 188 2737 tot,
222 2660 259 2723 ut
290 2652 337 2724 ita
368 2653 533 2736 dixerim,
571 2652 679 2724 linces
719 2673 843 2724 carens
881 2655 974 2743 talpa
1010 2651 1198 2725 luminibus

122 2775 262 2866 placuit,
295 2799 364 2847 non
392 2788 525 2860 vester,
553 2775 615 2848 sed
641 2775 771 2846 umoris
799 2781 855 2844 est
879 2795 991 2854 error,
1019 2773 1131 2854 cuius,
1160 2782 1197 2846 ut

122 2895 249 2979 nostiS,
275 2910 369 2976 caeca
404 2898 516 2968 solent
540 2915 622 2965 esse
647 2894 785 2964 iudicia.
806 2893 995 2963 Consilium
1016 2891 1197 2964 occidendi

122 3015 198 3088 Iulii
224 3017 391 3101 CaesariS,
421 3039 492 3109 quo
526 3016 658 3086 nullom
684 3035 838 3105 unquam
866 3012 1056 3085 maiusde
1084 3019 1195 3087 morte

122 3139 198 3232 puri
227 3139 377 3210 bominis
403 3139 571 3230 agitatum
596 3144 667 3223 est,
693 3135 846 3207 nondum
868 3138 925 3208 vel
946 3136 1041 3207 tenui
1062 3134 1194 3231 syllaba
1304 3194 1305 3197 ,

121 3269 222 3334 extra
242 3245 427 3356 principes
442 3259 689 3334 coniurationis
714 3259 909 3332 effluxerat.
935 3258 1089 3353 ldipsurn
1109 3279 1192 3330 con·

121 3382 313 3454 iuratorum
345 3383 508 3476 princeps
539 3382 582 3453 M.
610 3383 739 3452 Brutus
761 3380 824 3451 vir
853 3402 933 3452 acer
964 3389 1000 3452 et
1028 3390 1193 3451 strenuus

120 3504 165 3578 ad
190 3527 268 3577 eam
293 3504 386 3577 diem
418 3504 504 3576 viris
537 3501 758 3575 amicissimis
789 3500 1055 3594 diligentissime
1071 3500 1194 3572 occul-

120 3638 241 3714 tatum,
265 3626 365 3699 uxori
385 3626 536 3721 propriae
556 3625 777 3699 dissimulare
793 3647 863 3697 non
882 3621 1193 3718 potuit,·quodque

118 3753 183 3825 vix
214 3750 306 3845 apud
339 3771 378 3824 se
404 3750 519 3844 ipsum
549 3750 671 3823 tacitus
696 3748 770 3820 sinc
792 3769 920 3841 pavore
941 3744 1130 3838 cogitabat,
1157 3743 1192 3814 id

117 3875 165 3946 illi
182 3863 327 3947 'narrare
346 3884 418 3946 non
436 3873 560 3946 timuit.
581 3871 672 3958 Quid
693 3871 819 3963 igitur?
845 3872 1029 3962 Nunquam
1050 3887 1117 3960 ego
1137 3868 1191 3938 vi-

117 4020 194 4070 rum
212 3972 313 4069 talem
336 4005 406 4068 tam
429 3995 608 4091 pueriliter
627 4016 767 4067 errasse
787 3992 1004 4077 crediderim,
1023 3990 1091 4061 nisi
1110 3989 1190 4083 quia

119 4118 330 4211 suggerebat
348 4142 446 4194 amor
465 4105 618 4192 animum
641 4115 841 4192 foemineum
863 4124 957 4188 tanto
983 4135 1051 4186 non
1079 4111 1189 4207 impa-
