2738 4680
182 313 240 377 106
516 321 558 370 oa
578 290 680 370 aa‘aus
701 319 927 373 heumanmus

180 460 250 530 viae
267 457 378 541 llexu,
398 436 461 527 sed
477 453 605 549 apricis
616 463 652 525 et
666 452 840 526 umbrosis
853 454 938 525 locis
955 475 1032 525 eam
1046 474 1087 525 ac
1101 453 1259 534 redeam,

179 582 227 653 ita
239 590 286 664 ut,
301 578 366 648 nisi
388 599 445 648 me
465 584 672 670 prospectus
692 586 728 646 et
748 576 915 671 strepitus
934 575 1061 646 vicinae
1080 574 1180 646 urbis
1198 570 1263 647 ad·

178 710 333 785 moneat,
366 702 463 772 silvis
483 701 519 771 in
539 698 664 771 mediis
698 721 777 772 esse
810 698 895 770 mihi
926 699 1060 771 videar.
1092 701 1177 770 Haec
1204 722 1261 771 me

178 824 420 918 opportunitas
442 833 478 895 et
500 827 584 915 fuga
610 822 789 894 hominum
816 845 863 893 ex
889 822 976 894 urhe
1003 820 1172 894 detraxit:
1199 846 1263 896 nec

179 971 258 1020 sum
279 949 415 1021 veritus
437 972 481 1020 ne
501 969 597 1039 aegre
614 951 721 1018 ferret
738 946 963 1032 Ambrosius,
981 970 1061 1019 cum
1080 947 1126 1018 ab
1142 971 1185 1020 eo
1202 971 1264 1021 ne-

178 1084 354 1168 quaquam
386 1082 503 1145 mente
534 1070 776 1156 discesserim,
810 1070 906 1163 quod
939 1070 985 1142 ad
1017 1080 1151 1165 patrem
1185 1071 1262 1143 eius

178 1197 409 1269 accesserim:
437 1196 488 1267 sic
512 1194 604 1266 enim
630 1193 852 1286 Augustinus
878 1204 983 1264 vocat
1004 1195 1262 1287 simplicianum

177 1329 313 1413 patrem
332 1320 367 1389 in
385 1317 587 1412 accipienda
609 1320 722 1410 gratia
741 1316 920 1388 Ambrosii
941 1318 1108 1412 episcopi,
1128 1340 1195 1389 nec
1221 1316 1264 1388 ti-

178 1441 252 1512 mui
272 1462 317 1511 ae
337 1439 501 1511 dedecori
522 1438 607 1508 mihi
627 1449 723 1513 esset
743 1438 787 1510 ad
808 1439 901 1523 illius
921 1437 1064 1511 domum
1082 1461 1146 1532 pro
1162 1439 1264 1530 quie-

179 1563 267 1635 tiore
287 1562 360 1634 vita
378 1584 539 1655 pergere,
562 1561 607 1633 ad
626 1583 731 1655 quem
754 1582 792 1633 se
814 1584 877 1657 pro
896 1563 982 1633 vitae
1001 1562 1157 1635 consiliis
1183 1585 1264 1656 per-

179 1686 318 1759 rexisse
354 1684 448 1756 idem
492 1685 567 1778 ipse
607 1699 857 1758 commemorat
895 1684 1126 1777 Augustinus.
1170 1685 1264 1758 illico

178 1818 296 1881 autem
317 1816 356 1880 ut
373 1809 430 1880 hic
449 1807 499 1879 lui
519 1807 604 1878 nihil
624 1808 802 1902 antiquius
823 1808 931 1881 habui
956 1830 1061 1902 quam
1087 1818 1126 1879 ut
1153 1808 1264 1880 sancti

178 1930 284 2003 huius
305 1931 488 2003 historiam
501 1931 709 2023 flagitarem,
729 1952 800 2003 non
817 1933 974 2006 ultimam
992 1932 1264 2004 oblectationum

173 2043 277 2127 'ratus
298 2056 384 2128 tanti
409 2055 558 2150 hospitis
585 2055 692 2127 vitam
718 2076 836 2127 nosse.
862 2055 1026 2130 Oblatum
1051 2065 1108 2127 est
1134 2055 1264 2149 mihia

179 2179 359 2257 monachis
397 2201 527 2252 novum
564 2178 741 2272 quoddam
775 2179 976 2250 scholastici
1008 2178 1127 2252 nescio
1161 2179 1263 2252 cuius

178 2306 403 2398 opusculum,
432 2305 508 2376 sine
541 2305 727 2395 gravitate,
763 2303 839 2376 sine
871 2307 1003 2399 lepore,
1028 2304 1105 2375 sine
1124 2305 1261 2388 ordine,

178 2429 350 2520 quamvis
386 2437 425 2497 ut
456 2424 651 2516 intelligere
684 2436 770 2510 erat,
806 2437 984 2519 sumptum
1004 2450 1051 2499 ex
1070 2427 1262 2521 Augustini

179 2547 473 2630 confessionibus
495 2546 555 2618 uhi
581 2548 629 2618 illi
657 2549 789 2622 scilicet
809 2551 877 2621 viri
902 2549 1009 2628 huius
1030 2550 1159 2622 mentio
1180 2551 1264 2622 inci·

179 2671 289 2744 darat.
312 2671 484 2741 Caeterum
506 2693 575 2742 non
598 2681 635 2743 ut
654 2671 716 2756 ihi,
746 2673 810 2745 sed
831 2672 937 2767 huius
958 2673 1041 2746 novi
1061 2675 1262 2746 litteratoris

178 2795 323 2868 arbitrio
343 2817 413 2868 non
435 2795 538 2868 modo
565 2795 725 2868 inornata
750 2796 813 2869 sed
838 2798 1031 2872 deformata
1056 2810 1092 2870 et
1115 2800 1262 2900 confusa

178 2919 306 2991 omnia.
329 2920 481 3012 Stupens
502 2928 537 2990 et
555 2920 778 2993 stomachans
799 2920 923 2993 librum
946 2942 1049 3017 pono.
1070 2921 1156 2991 Nam
1179 2920 1263 3014 quid

178 3042 274 3113 aliud
307 3047 472 3134 agerem-⁶?
505 3045 694 3116 Transacta
719 3068 777 3116 res
805 3058 872 3119 est:
899 3046 1039 3139 iamque
1065 3044 1143 3116 talis
1170 3046 1262 3139 apud

177 3165 309 3256 vulgus
329 3173 385 3235 est
403 3165 477 3236 vita
502 3144 714 3259 Simpliciani
739 3173 843 3262 quale
869 3170 933 3242 luit
958 3169 1144 3242 scribentis
1165 3170 1276 3263 inge-v

178 3287 290 3358 nium:
314 3287 378 3359 sed
398 3289 492 3381 apud
512 3290 628 3361 omnia
652 3291 830 3363 videntem
859 3296 960 3384 longe
986 3294 1063 3363 alia.
1093 3292 1193 3366 Unde
1213 3294 1261 3364 le·

179 3411 294 3504 gentis
314 3410 582 3484 admemoriam
604 3413 707 3486 rediit
726 3417 865 3489 litterati
887 3416 1083 3502 cuiusdam,
1107 3418 1257 3490 sednon

178 3554 282 3628 aeque
302 3534 385 3605 honi
405 3535 483 3621 viri,
502 3535 632 3609 dictum
655 3560 760 3610 unum
786 3541 849 3634 qui
870 3540 1000 3614 aiebat:
1024 3551 1157 3615 tantam
1179 3564 1260 3617 esse

179 3656 325 3746 gloriam
344 3668 541 3730 sanctorum
560 3669 692 3753 quanta
707 3675 805 3735 esset
821 3666 1021 3758 eloquentia
1039 3665 1260 3758 scriptorum.

178 3776 395 3852 Venenatum
417 3783 520 3877 plane
553 3782 712 3868 verbum,
739 3785 819 3858 licet
850 3809 1042 3861 consonum
1068 3792 1124 3861 vel
1150 3799 1262 3882 poetae

179 3898 273 3975 dicto
294 3907 351 3977 vel
371 3905 536 3977 historici.
559 3906 702 3978 Flaccus
724 3908 899 3981 enimait:

460 4061 589 4125 Paulum
606 4065 730 4142 sepulta
747 4065 836 4133 distat
853 4069 971 4135 inertiae

461 4160 559 4228 delata
577 4162 686 4230 uirtus.
