2992 4664
605 323 758 372 EPISTULA
782 326 810 370 X.
1189 310 1248 369 3⁹22)

164 475 256 545 tione
276 473 449 556 consoler,
484 492 599 562 neque
629 472 727 542 facile
760 471 909 563 quisque
942 493 996 542 me
1022 469 1162 542 liberior
1189 483 1251 543 aut

165 597 277 687 magis
300 616 386 666 suus
415 603 590 689 appareat.
622 592 722 676 Quod
754 592 782 662 si
815 596 900 664 sorte
932 592 1094 663 versiculi
1131 595 1250 686 plnres

166 728 247 789 sunt
266 739 371 811 quam
398 715 492 809 petiti
525 725 638 800 erant,
674 713 865 786 remedium
890 729 1022 808 praesto
1053 723 1130 786 est:
1160 714 1249 785 duos

165 840 304 913 abiicite
324 858 415 932 quos
440 836 633 920 videbitur,
661 849 697 908 et
716 838 853 907 numeri
881 840 968 910 ratio
985 834 1168 910 constabit.
1192 835 1251 906 Sin

168 961 308 1034 omnino
326 981 396 1031 non
416 962 566 1053 placent,
590 980 633 1030 eo
649 981 706 1029 me
719 960 832 1051 magis
852 971 1010 1031 vestrum
1030 960 1169 1044 credite,
1191 958 1251 1053 qni

168 1094 205 1153 ut
226 1080 327 1152 vobis
350 1080 525 1172 obsequar
545 1080 630 1150 mibi
657 1080 841 1163 adversor,
877 1104 966 1153 neve
992 1080 1123 1174 aliquid
1151 1080 1253 1151 vobis

166 1215 226 1275 aut
246 1203 338 1274 natis
359 1202 479 1296 inclyti
493 1203 597 1272 Ducis
611 1224 756 1294 negem,
775 1201 893 1276 sciens
906 1226 946 1275 ac
966 1207 1088 1277 volens
1106 1204 1252 1296 inglorio

166 1325 292 1409 labori,
314 1324 497 1418 idipsum,
519 1324 620 1394 cuius
642 1324 726 1396 mibi
753 1328 899 1418 penuria
925 1327 1050 1418 ingens
1071 1339 1143 1412 est,
1166 1337 1252 1400 tem-

166 1467 234 1543 pus
255 1445 430 1540 impendo.
460 1444 619 1538 Ascripsi
649 1456 765 1518 antem
792 1448 827 1517 in
854 1451 1012 1541 margine
1039 1450 1069 1521 si
1094 1449 1253 1542 quidest

168 1567 225 1639 ubi
242 1570 306 1639 uel
331 1566 503 1651 dubitem,
525 1569 582 1638 vel
605 1589 661 1639 res
688 1569 809 1641 eadem
835 1571 934 1642 varic
965 1570 1034 1643 dici
1068 1593 1173 1664 posse
1199 1570 1253 1640 vi-

167 1691 307 1775 deatur,
330 1700 369 1763 ut
385 1691 436 1762 sic
453 1691 576 1762 electio
595 1699 713 1763 vestra
736 1693 791 1762 sit.
813 1692 897 1762 Mihi
918 1692 1107 1764 enimcum
1130 1713 1251 1764 omnes

170 1816 283 1886 uma
302 1812 417 1896 hodie,
435 1823 506 1883 tum
522 1813 695 1905 praecipue
709 1815 800 1884 illam
815 1813 944 1885 abasse
956 1813 1123 1907 perpendi
1146 1837 1252 1906 quarn

168 1938 305 2008 Graiam
326 1935 420 2006 Graii
439 1945 577 2006 vocant.
604 1935 736 2006 Valete.
760 1935 894 2029 Scripta
924 1935 1027 2007 rurali
1055 1936 1188 2007 calamo
1216 1936 1249 2006 in

167 2059 272 2130 domo
293 2058 489 2129 Carthusiae
509 2056 792 2140 MediolanensiS,
814 2058 871 2128 ubi
892 2066 1051 2128 aestatem
1073 2078 1151 2147 ago.

312 2174 444 2269 ualeam
460 2212 631 2285 septembris
645 2212 680 2268 aa
695 2229 849 2286 vesperam.
865 2211 1043 2268 nuceum.

192 2422 246 2492 En
259 2421 385 2513 domus
398 2420 549 2491 Andreae
562 2421 685 2493 Veneti
702 2424 807 2493 llucis
821 2423 941 2493 ultima
954 2430 1086 2515 quanta
1102 2424 1179 2491 est?

148 2595 152 2603 .
266 2542 359 2613 Alta:
374 2541 438 2612 sed
453 2564 646 2634 assurgens
661 2545 816 2638 spiritus,
831 2552 925 2615 astra
940 2552 1043 2614 tenet.

194 2663 333 2737 Publica
347 2666 410 2734 lux
422 2664 513 2737 iacet
524 2666 591 2751 hic,
606 2676 642 2739 et
653 2677 818 2760 quartum
832 2667 932 2739 sidus
943 2666 1115 2738 bonorum

268 2784 392 2882 Stirpis
407 2787 612 2870 Danduleae,
627 2774 736 2879 gloria
749 2791 861 2882 prima
873 2787 1014 2858 ducum.
1063 2841 1065 2845 -

192 2909 290 2978 Hunc
303 2907 408 2977 animi
420 2909 564 2998 vigilem
580 2912 765 2981 temeraria
781 2908 917 2980 Graecia
931 2909 1051 2991 sensit,

267 3028 311 3099 Et
323 3026 411 3098 levis
425 3028 566 3120 antiquo
582 3029 720 3100 reddita
732 3029 832 3101 Creta
845 3030 941 3120 iugo:

196 3153 308 3235 Hunc,
322 3171 440 3222 comes
457 3150 621 3223 Albertns
636 3152 783 3248 Tyrolis,
798 3163 915 3225 nostra
931 3175 1124 3248 perurgens

265 3274 420 3345 Vastatis
442 3275 600 3369 propriis
620 3275 682 3366 qni
702 3275 829 3348 meruit
850 3277 1012 3374 veniam,

192 3399 297 3481 Hunc,
321 3397 542 3490 Iustinopolis
564 3400 701 3469 fervens
722 3407 758 3468 et
778 3399 878 3470 ladra
900 3397 1052 3480 rebelliS,

265 3519 481 3590 Pertimuere
503 3530 652 3605 trucem,
675 3523 877 3613 percoluere
895 3520 1000 3613 pium.

192 3639 253 3710 Hic
272 3641 429 3713 Genuam
451 3642 544 3713 bello
565 3646 702 3726 claram,
725 3646 916 3736 pelagoque
939 3621 1132 3744 superbam·

265 3761 385 3853 Fregit
405 3762 450 3835 ad
472 3763 667 3856 Algerium,
692 3765 905 3857 servilioque
923 3762 1028 3836 dedit.

191 3885 324 3969 lustuS,
348 3907 471 3958 amaus
492 3887 628 3980 patriae,
651 3910 795 3979 magnos
817 3889 872 3959 cui
891 3888 970 3959 lecit
990 3886 1136 3969 amicoS,

266 4008 408 4099 Ingenio
430 4019 617 4102 praestans,
639 4011 776 4102 eloquio
793 4009 1021 4103 omnipotens.
