2934 4650
154 279 223 350 ’366
614 302 775 352 vauriuuu

164 452 328 543 loquutus
345 471 434 522 sum.
448 450 530 536 Ubi,
546 449 752 535 mihicrede,
768 473 836 522 non
850 464 919 524 tam
932 463 1092 545 prompta
1114 472 1237 521 rerum

163 571 316 645 delinitio
332 588 387 644 est
399 596 503 666 quam
517 574 704 646 verborum
717 576 920 668 disputatio:
936 587 1119 670 propterea
1136 573 1237 666 quod

162 697 355 770 futurorum
375 698 585 790 praesagium
605 719 674 771 non
695 699 798 771 modo
816 697 964 781 difficile,
985 699 1047 770 sed
1062 699 1233 770 incertum

163 830 226 890 est.
244 821 362 913 ltaque
382 821 449 891 etsi
466 842 652 893 successus
670 823 753 893 salix
770 843 851 894 esse
869 822 994 916 possit,
1016 821 1137 894 electio
1161 841 1235 892 non

162 944 300 1017 fortuita
313 965 393 1016 esse
409 967 478 1015 non
499 954 623 1038 potest.
644 945 731 1016 Nam
752 943 837 1037 quid
859 944 968 1037 eligas
988 943 1045 1016 ubi
1061 942 1235 1037 quidquid

162 1068 310 1160 elegeris
322 1067 455 1139 consilii
468 1067 624 1139 lancibus
639 1089 828 1140 excussum
843 1089 905 1162 par
922 1067 1056 1159 vertigo
1069 1067 1236 1139 Fortunae

163 1190 332 1262 rotatibus
356 1190 526 1284 applicet?
549 1191 662 1262 Unum
688 1201 741 1262 est
760 1191 796 1262 in
815 1192 914 1263 cuius
939 1192 1105 1263 electione
1129 1210 1235 1260 nemo

163 1313 301 1397 fallitur,
318 1325 355 1385 nt
373 1313 582 1407 ubicumque
601 1335 665 1388 nos
686 1315 743 1387 vel
763 1314 955 1387 necessitas
975 1313 1156 1397 locaverit,
1174 1313 1236 1383 vel

162 1441 338 1521 voluntas,
371 1437 437 1508 illic
460 1458 562 1531 aeqno
583 1438 698 1510 auimo
719 1461 759 1510 ac
780 1438 971 1510 secundum
992 1436 1155 1507 virtutem
1179 1433 1236 1505 vi-

162 1572 259 1642 vere,
283 1583 352 1631 non
373 1560 562 1632 secundum
587 1562 773 1632 Fortunam
794 1560 982 1652 eligamus,
1004 1557 1099 1630 baud
1119 1556 1235 1648 ignari
1328 1646 1329 1653 ἵ

162 1681 331 1776 quidquid
358 1684 393 1756 in
425 1685 566 1776 longum
598 1683 702 1756 modo
727 1704 792 1755 nos
817 1682 965 1756 solicitat
988 1703 1069 1754 esse
1095 1680 1237 1752 brevis-

163 1804 299 1877 simum.
322 1809 473 1879 Transeo
494 1818 610 1880 autem
631 1829 764 1879 memor
780 1829 837 1878 me
857 1806 902 1878 de
923 1805 978 1876 his
1004 1813 1118 1877 tecum
1143 1826 1236 1876 anuo

161 1929 286 2015 altero,
316 1930 398 2002 dum
424 1953 488 2003 nos
513 1931 589 2003 baec
614 1930 736 2003 eadem
758 1929 843 2003 urbs
863 1944 899 2002 et
918 1927 1044 1999 domus
1070 1927 1233 2012 baberet,

164 2055 268 2125 multa
297 2052 520 2139 disseruisse,
553 2076 687 2148 nosque
719 2051 897 2138 omnibus,
919 2064 1085 2145 quantum
1113 2061 1236 2123 nostro

161 2178 303 2248 consilio
324 2176 397 2249 lieri
417 2191 541 2273 potest,
564 2177 658 2249 hand
678 2177 895 2268 negligenter
914 2173 1085 2258 excussis,
1107 2172 1142 2242 in
1168 2173 1235 2245 hoc

160 2298 299 2371 demum
328 2298 517 2384 resedisse,
541 2309 589 2383 ut,
609 2300 716 2372 ltaliae
740 2309 844 2392 atque
870 2298 1020 2391 Europae
1040 2295 1145 2368 rebus
1167 2296 1235 2368 huc

160 2420 195 2491 in
216 2429 308 2492 statu
330 2420 560 2501 manentibus,
587 2443 656 2492 non
681 2421 786 2493 modo
817 2443 886 2493 non
919 2423 1007 2491 alter
1038 2417 1233 2492 Mediolano

161 2547 265 2617 tutior
280 2544 457 2638 rebusque
474 2545 560 2616 meis
579 2553 701 2639 aptior,
721 2546 784 2617 sed
800 2549 916 2617 nullus
933 2545 1070 2617 omnino
1084 2565 1231 2637 usquam
1413 2540 1414 2560 ¹

159 2676 286 2760 praeter
301 2667 531 2740 Mediolanum
553 2671 654 2762 plene
675 2671 758 2740 mihi
778 2669 992 2741 conveniens
1009 2671 1106 2741 locus
1123 2680 1230 2740 esset.

160 2790 268 2861 Unam
293 2791 553 2884 excipiebamus
577 2791 695 2865 urbem
716 2794 867 2875 Patavii;
889 2792 1057 2885 adquam
1078 2802 1232 2886 postmo-

161 2912 248 2984 dum
278 2914 468 3008 prolectas,
495 2938 535 2999 ac
559 2916 604 2988 de
629 2917 788 3008 proximo
823 2916 1037 3008 prolecturus
1066 2935 1161 2999 sum,
1190 2926 1230 2986 ut

158 3035 341 3127 utriusque
361 3039 424 3108 luci
444 3038 569 3111 accolis
590 3038 804 3111 desiderium
830 3059 953 3119 meum,
981 3058 1049 3130 non
1066 3034 1144 3107 dieu
1166 3039 1230 3108 tul-

158 3157 224 3227 lanr
243 3167 302 3228 aut
319 3158 487 3244 minuam,
510 3164 604 3256 quod
624 3162 741 3244 nolim,
764 3160 827 3233 sed
848 3160 1072 3232 alternatione
1089 3159 1227 3230 leniam.

91 3354 100 3361 ,
158 3279 389 3363 Quamobrem
421 3304 465 3353 an
499 3291 536 3356 tu
568 3286 774 3358 sententiam
802 3283 963 3370 mutaris,
988 3282 1127 3354 nescio:
1160 3303 1229 3374 ego

158 3405 248 3475 enim
269 3405 304 3475 in
324 3409 500 3501 proposito
521 3430 611 3492 sum,
636 3419 674 3480 ut
694 3409 797 3481 buius
824 3429 962 3500 maguae
983 3406 1079 3478 urbis
1104 3408 1228 3499 strepi-

159 3535 246 3611 tum,
275 3527 349 3599 baec
378 3530 478 3601 taedia
504 3529 580 3600 aliis
598 3530 720 3602 'taediis
742 3529 882 3602 urbanis
903 3530 938 3599 in
959 3539 1066 3600 totum
1088 3549 1227 3620 permu-

159 3657 233 3722 tare
258 3650 339 3722 boni
364 3651 460 3737 nihil,
495 3655 575 3725 mali
608 3655 695 3725 forte
728 3652 871 3747 aliquid,
907 3650 942 3724 et
973 3651 1100 3725 laboris
1134 3650 1229 3722 baud

159 3770 264 3844 dubie
297 3776 481 3867 plurimum
515 3776 651 3847 habeat.
687 3776 803 3848 Sicubi
836 3799 921 3848 veru
953 3773 1103 3847 solitudo
1135 3784 1228 3845 tran-

157 3896 262 3986 quilla
282 3918 320 3967 se
340 3899 547 3984 ostenderet,
566 3921 669 3993 quarn
690 3922 767 3991 ego,
790 3911 827 3971 ut
845 3900 930 3985 dixi,
951 3899 1066 3971 animo
1086 3919 1229 3993 percur-

157 4039 240 4089 rens
272 4033 409 4106 cuncta,
444 4044 513 4094 non
544 4024 658 4107 video,
684 4046 754 4096 non
779 4023 886 4096 ivisse
918 4023 981 4096 sed
1005 4025 1145 4095 volasse
1170 4042 1228 4093 me

158 4143 290 4217 audies.
312 4147 393 4219 Haec
414 4156 482 4218 tarn
505 4149 611 4220 multa
632 4148 677 4222 de
701 4149 818 4234 nihilo,
844 4148 1006 4242 quoniam
1040 4157 1075 4218 et
1105 4144 1166 4215 tibi
1191 4154 1227 4216 et
