2934 4650
191 301 250 360 438
654 311 818 359 vaurnnnn
946 296 948 299 ’

192 475 338 548 genere,
373 451 477 525 modo
510 452 609 539 mihi,
643 453 740 546 quod
773 473 877 546 spero
914 451 1055 545 quidem
1092 464 1130 525 et
1166 456 1286 548 cupio,

192 577 334 670 gloriosi
371 574 528 668 principii
560 575 857 668 perseverantiam
890 597 959 647 non
988 576 1140 666 negetis.
1178 576 1287 671 Apol-

191 701 281 770 linea
305 700 418 769 fronte
445 697 626 785 redimitus
652 698 822 770 disertum
849 706 953 789 atque
980 698 1088 768 altum
1112 699 1284 770 Helicona

191 819 399 914 penetrabo:
425 820 492 891 illic
513 821 701 892 Castalium
725 819 770 890 ad
791 821 933 901 fontem,
962 818 1073 889 Musis
1100 819 1147 889 ab
1175 821 1285 892 exilio

192 942 378 1026 revocatis,
401 943 444 1014 ad
469 962 671 1013 mansuram
690 940 811 1033 gloriae
831 950 964 1010 vestrae
989 941 1200 1010 memoriam
1225 961 1283 1011 so

192 1065 331 1136 nantius
352 1061 482 1155 aliquid
502 1085 624 1134 canam
637 1063 733 1156 quod
752 1062 890 1153 longius
907 1061 1077 1132 audietur.
1097 1061 1199 1145 Vale,
1221 1064 1282 1132 Vir

192 1188 392 1269 fortissime,
407 1185 538 1270 Valete,
553 1184 626 1255 Viri
639 1185 771 1277 optimi,
786 1184 883 1267 Vale,
898 1183 1153 1274 gloriosissima
1167 1184 1282 1278 Septi-

193 1309 302 1380 collis

691 1455 772 1469 Q

590 1646 769 1712 nrlsrota
790 1647 884 1711 xttx.

272 1786 467 1864 rahnclscos
488 1813 659 1863 Phrahnca
679 1812 830 1862 ntusshro
851 1812 1052 1862 SULMONENSI
1072 1813 1098 1861 S.
1120 1813 1150 1861 P.
1173 1815 1206 1862 D.

228 1953 411 2007 Commendat
425 1953 450 2006 ei
464 1951 595 2020 Laelium,
611 1956 639 2005 ct
654 1950 739 2004 mittit
752 1949 903 2004 secundam
919 1965 954 2004 ex
970 1950 1078 2021 Eglogis
1093 1950 1153 2006 suis
1168 1952 1252 2006 cuius

495 2056 625 2096 arcanam
641 2042 731 2112 aperit
745 2039 983 2112 significationem.

294 2283 359 2353 Pro
391 2282 458 2352 hoc
487 2291 556 2353 tam
591 2281 674 2352 mihi
707 2281 890 2351 carissimo
921 2281 1281 2377 coniunctissimoqne

196 2403 317 2484 Laelio,
339 2424 444 2494 quem
465 2403 600 2473 Lellnm
620 2402 711 2473 Petri
733 2403 899 2494 Stephani
921 2405 1027 2494 vulgo
1047 2401 1185 2490 dicunt,
1208 2430 1282 2477 mo-

196 2523 315 2595 darnae
348 2522 488 2614 quidem
523 2523 587 2594 sed
618 2532 803 2613 generosae
838 2546 993 2595 romanae
1029 2525 1199 2615 originis,
1241 2552 1282 2600 ac

196 2625 422 2737 pervetustae
443 2666 597 2737 vereque
629 2665 784 2716 romanae
816 2648 942 2719 indolis
975 2649 1069 2735 viro,
1103 2651 1197 2742 apud
1237 2663 1279 2738 te,

195 2769 310 2852 frater,
333 2787 455 2858 preces
476 2789 574 2839 meas
600 2769 727 2840 fundo:
747 2790 881 2861 perque
905 2770 1067 2841 amicitiae
1086 2769 1194 2844 fidem
1216 2776 1282 2847 ob-

197 2912 308 2975 secro,
324 2892 406 2962 utin
428 2891 470 2962 iis
491 2912 572 2984 quae
592 2891 756 2963 dominus
777 2890 966 2963 Trancnsis
984 2893 1280 2988 archiepiscopus

198 3035 304 3105 super
323 3013 472 3103 negotiis
492 3015 568 3085 eius
584 3012 794 3097 tibidixerit,
819 3017 921 3086 talem
946 3025 978 3086 te
996 3015 1168 3088 exhibeas
1192 3043 1282 3112 qua-

197 3135 265 3203 lem
290 3133 326 3200 in
357 3133 443 3203 meis
478 3135 725 3225 promovendis
745 3136 937 3207 commodis
959 3148 1064 3228 atque
1084 3137 1281 3213 honoribus

197 3253 396 3324 exhiberes.
418 3255 461 3323 Et
478 3255 576 3349 *quod
597 3256 658 3325 tibi
679 3256 794 3328 scribo
815 3257 944 3350 lupiter
970 3268 1090 3330 noster
1109 3263 1282 3353 egregius

198 3377 265 3447 sibi
290 3377 431 3448 demum
466 3389 505 3448 nt
537 3377 683 3469 accipiat
707 3400 842 3471 quaeso,
865 3381 922 3450 cui
944 3400 1046 3451 suum
1068 3383 1281 3456 Mercurium

199 3503 459 3588 recommendo,
495 3502 578 3572 nihil
615 3505 751 3594 paterni
784 3503 838 3575 sui
872 3526 913 3574 ac
945 3505 1111 3576 dominici
1140 3507 1281 3599 imperii

199 3632 430 3695 recusantem.
451 3623 554 3705 Vale,
578 3622 624 3690 mi
646 3623 761 3693 frater.

298 3745 360 3815 Hic
380 3768 437 3816 me
457 3746 599 3830 Laelius,
627 3746 788 3838 quamvis
811 3747 958 3839 segnitie
977 3750 1128 3841 quadam
1155 3772 1203 3820 ex
1230 3752 1282 3822 la-

175 3904 177 3911 ·
201 3868 304 3938 stidio
325 3889 441 3938 rerum
462 3868 643 3940 curialium
661 3868 819 3954 suborta,
839 3882 875 3941 et
891 3871 1157 3963 occupationum
1177 3875 1282 3962 gravi

201 3992 335 4063 sarcina
354 4002 572 4101 recusantem
590 3993 765 4084 compulit,
779 4006 817 4065 ut
830 3992 974 4065 bucolici
990 3993 1162 4079 carminis,
1182 3995 1282 4086 qnod

199 4112 234 4180 in
256 4113 440 4185 solitudine
461 4136 539 4185 mea
560 4112 653 4207 apud
671 4115 804 4186 Vallem
827 4116 987 4188 Clausam
1009 4116 1093 4187 mihi
1114 4137 1226 4209 nuper
1243 4117 1280 4186 in
