2940 4650
582 323 736 371 unrsnouu
759 323 799 370 tu.
1175 309 1230 370 aut

151 478 233 543 sunt
263 467 403 538 omnia:
430 476 466 535 et
491 484 555 535 vos
579 463 659 535 inde
681 464 828 548 abestis,
850 476 885 535 et
906 463 1106 537 Ludovious
1133 485 1233 534 meus

152 592 214 685 qui
235 591 330 662 sotus
352 588 398 658 ibi
419 597 491 670 est,
511 589 674 680 quamvis
696 610 787 659 unus
809 588 844 658 in
869 588 985 658 animo
1016 608 1093 657 meo
1118 586 1232 680 possit

155 711 285 795 omnia,
307 711 470 803 quamvis
496 711 700 795 inveteratae
720 710 984 784 consuetudinis
1012 708 1064 793 vi,
1096 728 1131 780 et
1161 709 1236 803 ipse

156 835 205 906 ibi
237 856 332 919 esse,
366 845 401 904 et
430 852 551 905 omnes
587 854 687 920 suos,
723 855 845 925 meque
878 841 959 904 ante
993 831 1082 901 alios
1118 853 1234 902 secum

158 957 288 1030 habere
320 958 450 1049 cupiat,
481 976 669 1050 nunquam
712 967 827 1028 tamen
865 955 1007 1028 audebit
1043 955 1136 1025 omni
1177 976 1237 1049 spe
1325 1046 1327 1048 v

159 1078 330 1162 abscissa,
354 1081 430 1150 ilias
451 1101 507 1150 me
527 1078 572 1150 ad
594 1090 705 1150 terras
726 1101 917 1165 arcessere,
940 1078 999 1150 ubi
1016 1097 1138 1148 omnes
1156 1076 1240 1147 atie-

160 1202 298 1291 nigenae
331 1211 366 1272 et
401 1201 575 1293 peregrini
609 1222 742 1273 sumus.
777 1202 1015 1294 Nequeenim
1050 1199 1155 1271 ludus
1187 1210 1241 1272 est

161 1318 360 1392 hominibus
391 1320 549 1392 mortalia
569 1330 605 1392 et
625 1321 755 1393 caduca
776 1323 987 1412 corpuscula
1008 1317 1239 1400 trahentibus,

162 1440 280 1513 dicere
299 1442 394 1534 quod
415 1443 542 1513 animee
562 1443 678 1516 felices
695 1464 841 1535 corpore
864 1445 1028 1549 resolutae
1049 1441 1143 1535 apud
1163 1440 1242 1511 Vir-

162 1563 279 1655 gilium
302 1566 512 1658 loquuntur:

107 1682 110 1688 “
296 1732 297 1736 ¹
325 1708 405 1769 noni
421 1714 503 1770 eoru
521 1709 648 1797 nomos,
665 1708 741 1772 tuus
758 1709 929 1772 uaeramus
946 1710 1065 1788 opacus,

323 1805 531 1884 Riparumque
547 1811 649 1882 toros,
668 1813 697 1868 et
713 1813 798 1886 prata
814 1807 946 1869 recentia
964 1807 1041 1868 rivis

313 1903 496 1965 incolimus.

166 2055 200 2127 Si
231 2055 322 2125 enirn
356 2055 424 2124 ista
458 2052 672 2138 sufficerent,
706 2066 825 2146 posset
854 2055 975 2146 utique
1007 2053 1238 2127 Vallisolausa

164 2175 266 2248 nobis
296 2174 458 2247 omnibus
491 2175 631 2246 abunde
652 2176 785 2247 rivulos
806 2188 842 2249 et
862 2177 1012 2248 herbosa
1033 2176 1159 2248 cubitia
1182 2176 1246 2246 mi-

166 2298 327 2369 nistrare.
356 2297 424 2368 Sed
449 2297 516 2367 alia
549 2297 711 2389 quaedam
743 2298 854 2391 exigit
887 2310 1022 2371 natura.
1057 2300 1122 2368 Est
1154 2297 1246 2369 enirn

166 2428 261 2493 certa
285 2421 339 2490 vel
360 2419 516 2514 physicae
533 2422 590 2490 vel
606 2419 753 2512 poeticae
766 2421 995 2494 necessitatis
1018 2402 1121 2504 meta,
1142 2441 1246 2511 quam

166 2543 348 2635 praeterire
369 2552 575 2632 suspectum·
592 2553 657 2616 est.
679 2544 753 2615 Non
774 2553 830 2616 est
850 2566 913 2636 per
935 2565 973 2615 se
995 2544 1187 2625 sufficiens,
1211 2553 1249 2614 ut

168 2665 216 2734 ait
231 2663 458 2748 Aristoteles,
478 2671 636 2735 naturam
661 2666 832 2760 speculari
848 2692 856 2749 ;
878 2666 942 2737 sed
962 2675 1099 2759 oportet
1118 2674 1153 2735 et
1172 2685 1248 2735 cor-

168 2805 235 2876 pus
257 2806 379 2856 sanum
400 2803 494 2869 esse,
514 2796 549 2855 et
564 2784 681 2856 cibum
697 2796 733 2858 et
754 2788 924 2877 reliquum
949 2787 1150 2857 famulatum
1173 2784 1249 2855 exi-

169 2916 263 2977 stere
276 2931 284 2972 :

488 3065 588 3127 neque
605 3049 687 3112 enim
702 3057 824 3113 cantare
840 3053 897 3114 sub
914 3057 1002 3114 antro

328 3145 443 3221 Pierio,
461 3150 623 3224 tyrsumve
639 3153 736 3224 potest
752 3148 927 3227 contingere
944 3166 1026 3214 saeva
1062 3222 1065 3228 ,
1175 3209 1178 3214 .

325 3244 505 3324 Paupertas,
523 3251 613 3323 etque
631 3246 701 3308 aeris
718 3246 819 3324 inops,
838 3263 899 3325 quo
918 3254 1004 3310 nocte
1021 3245 1132 3325 dieque
1192 3275 1194 3281 v

329 3340 446 3421 Corpus
464 3349 550 3419 eget,

172 3524 211 3584 ut
230 3513 408 3607 Satyricus
430 3514 488 3597 ait,
511 3517 640 3605 magno
661 3535 701 3584 ac
720 3523 889 3607 perpetuo
909 3511 1002 3607 apud
1023 3512 1145 3584 doctos
1172 3510 1249 3602 phi·

171 3634 338 3726 losophici
369 3636 563 3728 poeticique
595 3636 782 3726 dogmatis¹
802 3657 977 3707 consensu
1011 3656 1147 3716 rerum,
1187 3633 1250 3704 sed

121 3773 132 3798 ·
170 3752 359 3827 verborum
385 3757 553 3828 varietate
579 3757 768 3848 multiplici.
801 3758 908 3847 igitur
935 3755 1173 3836 Clausavattis,
1214 3765 1250 3826 nt

170 3888 322 3970 coeptum
345 3900 487 3971 sequar,
511 3879 553 3950 ad
576 3878 713 3971 aliquod
736 3880 843 3949 breve
864 3889 1015 3972 tempuS,
1036 3878 1247 3950 urbanarum

170 3990 386 4090 voluptatum
427 4000 532 4070 taedio
562 4001 711 4084 affectis,
744 4010 780 4071 ut
808 4001 914 4084 olim,
941 4000 1146 4073 diverticula
1181 4023 1249 4071 nen

171 4122 345 4195 inamoena
377 4121 570 4194 sufficeret:
603 4122 638 4192 in
654 4126 807 4214 tongum
833 4132 928 4194 certe
949 4145 1013 4194 neo
1034 4125 1251 4216 promitteret
