2738 4680
168 277 206 336 98
512 285 677 336 DE'REBUS
697 285 920 338 Flultlaalsstts

173 442 322 495 summae
343 420 578 514 providentiae
597 440 687 513 opus
711 429 776 491 est.
801 422 877 492 Huc
894 421 975 492 olim
994 442 1097 494 omne
1116 433 1261 518 tempus

171 561 276 638 atque
298 565 402 616 omne
423 544 582 617 studium
602 543 811 614 vertendum
831 552 918 615 erat:
937 544 1032 637 quod
1054 545 1084 614 si
1105 546 1259 621 effusum

171 669 340 740 inutiliter
360 669 535 749 dolemus
558 669 681 738 saltem
699 668 864 759 reliquias
884 669 1092 758 relegamus,
1112 678 1148 739 et
1164 669 1262 762 ‘quod

170 792 307 864 desidia
328 791 438 885 periit,
461 789 644 883 diligentia>
667 799 859 882 reparetur.
887 792 924 861 ln
950 790 1016 862 boc
1042 790 1134 863 nitor
1162 791 1262 865 baud

170 917 305 986 veritus
327 938 371 987 ne
392 914 427 985 id
448 915 534 986 mibi
560 914 647 985 vitio
667 915 786 997 delur,
809 914 904 1006 quod
924 916 1061 1008 parcior
1082 915 1260 1011 irrepara-

170 1036 251 1109 bilis
269 1037 320 1109 rei
342 1037 419 1108 sim.
439 1037 484 1109 Ut
500 1039 593 1107 enim
613 1035 771 1131 pecuniae
792 1034 943 1124 infamis,
960 1038 1010 1108 sic
1022 1038 1260 1130 quarumdam

171 1184 289 1233 rerum
309 1175 434 1235 exacta
456 1162 627 1233 tenacitas
652 1161 805 1252 gloriosa
829 1168 895 1230 est.
919 1161 1005 1244 Quis
1027 1162 1260 1233 caeremonia-

171 1309 250 1358 rum
271 1285 534 1358 observantiam
556 1285 591 1353 in
609 1283 776 1375 religioso
793 1306 862 1355 non
884 1284 1013 1369 laudet,
1035 1279 1260 1363 tenacitatem

171 1408 349 1501 pudicitiae
369 1408 404 1479 in
422 1421 593 1490 matrona,
614 1407 649 1477 in
668 1406 826 1479 studioso
844 1409 1012 1502 temporis
1030 1408 1264 1501 parcitatem?

173 1532 270 1602 Hanc
290 1534 495 1623 amplectar,
517 1530 609 1601 banc
636 1542 792 1616 teneam,
821 1532 897 1618 hac,
914 1553 984 1625 qua
1002 1532 1120 1616 datur,
1138 1531 1263 1602 amissi

175 1654 342 1747 temporis
364 1654 492 1725 damna
513 1662 720 1725 restaurem.
744 1655 817 1726 Hoc
838 1655 995 1740 meditor,
1014 1655 1085 1726 huc
1103 1655 1260 1749 suspiro,

175 1779 245 1850 buc
266 1778 410 1850 forsitan
433 1777 523 1848 duce
545 1778 618 1848 Deo
638 1788 674 1848 et
692 1800 820 1870 magna
835 1779 942 1848 animi
955 1779 1158 1864 intentione,
1182 1800 1262 1872 per·
1356 1843 1362 1866 ,

175 1896 327 1973 veniam.
348 1901 486 1974 Curabo
507 1923 552 1979 ne
572 1900 660 1994 quid
680 1911 813 1994 pereat:
832 1902 862 1974 si
879 1902 915 1973 id
932 1923 1002 1974 non
1020 1924 1204 1995 assequar,
1225 1913 1260 1974 ut

176 2026 372 2099 minimum.
401 2026 486 2097 Cum
514 2045 637 2098 somno
670 2037 705 2097 et
738 2027 916 2120 voluptate
943 2037 1079 2120 tempus
1106 2027 1258 2120 partiar:

85 2171 86 2174 ’
174 2172 245 2226 non
267 2148 379 2220 sinam
401 2157 441 2220 ut
460 2149 565 2220 ullam
588 2159 722 2242 partem
738 2148 808 2220 mei
825 2149 911 2221 iuris
932 2161 1111 2245 occupent.
1134 2151 1201 2222 Est
1218 2151 1262 2223 ad

175 2296 282 2366 quam
308 2293 497 2364 provocem
519 2272 549 2341 si
569 2294 720 2365 premar,
744 2271 872 2358 virluS,
900 2273 1090 2366 incorrupti
1110 2275 1189 2345 fons
1210 2275 1263 2344 iu·

176 2396 270 2479 dieii,
297 2407 333 2467 ct
353 2396 497 2469 rationis
531 2417 597 2467 arx
627 2396 912 2491 inexpugnabilis
932 2406 1037 2491 atque
1058 2396 1200 2470 invicta.
1227 2397 1261 2467 Si

174 2522 219 2592 lis
241 2519 363 2591 finium
385 2520 579 2603 incesserit,
603 2521 672 2591 buc
701 2522 851 2612 quaestio
882 2520 1075 2607 referenda,
1098 2521 1180 2592 hinc
1204 2542 1263 2615 pe-

174 2643 280 2714 tenda
301 2642 474 2714 sententia
490 2652 555 2714 est.
572 2643 736 2736 Optarem
750 2646 826 2716 siue
839 2643 1125 2738 competitoribus
1139 2665 1261 2735 agere3

179 2767 332 2838 sednon
354 2765 445 2837 licet.
472 2765 542 2836 Hos
569 2765 653 2836 mibi
679 2778 860 2839 consortes
880 2790 1007 2861 corpus
1029 2767 1141 2851 dedit3
1169 2788 1264 2838 com-

176 2889 271 2960 muni
290 2887 485 2960 dividundo
507 2887 673 2960 iudicium
705 2893 879 2984 experiar.
912 2892 1041 2982 Cogam
1078 2891 1106 2961 si
1140 2898 1262 2983 potero

173 3013 280 3084 tertia
314 3025 413 3105 parte
446 3014 614 3108 temporis
648 3035 730 3086 esse
763 3025 956 3087 contentos.
982 3016 1122 3107 Septem
1155 3014 1262 3094 horas

175 3134 374 3206 dormiebat
398 3135 582 3226 Augustus
609 3137 645 3206 iu
670 3137 804 3210 deliciis
830 3146 1011 3229 stratoque
1037 3157 1160 3220 aureo,
1176 3158 1264 3208 eas-

174 3280 246 3350 que
267 3277 364 3350 saepe
384 3258 688 3350 interpellantibus
711 3283 872 3333 somnum
894 3262 998 3332 euris.
1017 3260 1180 3332 Paciscar
1197 3282 1264 3352 ego

177 3403 257 3452 cum
278 3379 389 3452 oculis
416 3381 504 3452 meis
535 3402 599 3452 sex
632 3382 700 3453 illis
729 3396 765 3457 ut
792 3384 974 3456 sufficiant.
994 3386 1098 3493 Horae
1120 3381 1203 3453 duae
1228 3383 1263 3453 in

179 3504 333 3596 reliquos
354 3505 576 3577 necessarios
596 3526 685 3578 usus
706 3516 803 3579 eant:
827 3507 1008 3580 residuum
1034 3506 1119 3578 mihi
1147 3505 1261 3578 cedat.

173 3629 254 3700 -Non
275 3629 406 3723 poteris
427 3629 575 3721 inquies.
596 3631 724 3702 Pactus
745 3644 780 3703 et
800 3643 970 3727 expertus
986 3653 1144 3726 possum.

502 3817 549 3881 Nil
566 3817 746 3883 mortalibus
763 3821 894 3886 arduum

179 3999 227 4068 ait
248 4000 403 4073 Flaccus.
427 4001 477 4073 lta
493 4012 558 4072 est.
582 4002 750 4086 Quadam
772 4003 873 4075 nobis
895 4002 1123 4097 impossibilia
1145 4015 1265 4098 torpor

179 4122 269 4193 fecit.
291 4124 381 4196 Nihil
402 4146 550 4218 prorsus
574 4125 780 4219 impervium
806 4137 862 4205 est
887 4125 1023 4210 virtuti;
1046 4129 1156 4202 multa
1183 4148 1265 4220 pos-
