2738 4680
225 297 284 358 136
560 309 601 358 ΒΕ
622 308 723 359 REBUS
744 307 968 358 annullamus

227 454 317 527 ulnis
338 455 560 548 amplectere,
582 463 688 546 atque
707 475 810 529 omne
829 453 925 547 quod
947 451 992 527 de
1012 473 1068 524 me
1088 461 1150 525 aut
1169 473 1234 546 pro
1254 475 1310 526 me

223 580 358 650 laceres
379 577 413 647 in
436 577 495 649 illo
510 573 661 659 exhiba;
681 586 717 648 et
736 577 815 651 vale
836 575 905 650 mei
925 597 1058 651 memor
1077 586 1117 650 ut
1137 579 1240 664 soles,
1260 576 1309 649 tui

224 710 341 773 autem
361 701 548 794 plusquam
570 701 676 773 soles.

333 864 335 866 ’
364 837 527 927 Mediolani,
542 855 644 913 Vldus
659 857 787 927 Augusti.

644 1299 822 1365 Epistola
844 1300 889 1368 vl.

301 1487 494 1541 ruluclscus
516 1485 685 1538 Pnrnlncn
706 1487 842 1538 znnoulo
863 1487 1067 1539 Flonnurlllo
1088 1490 1114 1540 S.
1139 1491 1168 1540 Ρ.
1192 1491 1224 1540 Ι).

333 1639 434 1695 Narrat
446 1654 580 1708 magnum
594 1636 692 1693 Siciliae
706 1637 895 1696 Senescallurn
910 1654 940 1693 se
955 1639 1045 1695 visum
1058 1640 1179 1696 venisse.

315 1906 490 1980 llloeoenas
510 1918 593 1980 tuus
607 1905 808 2001 Augustum
822 1929 954 1994 meum,
968 1905 1302 1993 fidenteradiiciam,

220 2041 255 2103 ct
275 2052 330 2102 me
352 2030 444 2102 visit.
458 2029 710 2104 Bibliothecam
725 2053 838 2103 meam
858 2051 969 2104 ausus
982 2052 1068 2124 opes
1081 2040 1304 2104 contemnere

219 2151 274 2225 bis
295 2153 392 2239 adiit,
414 2175 480 2226 nec
500 2175 669 2226 occursus
691 2153 883 2239 bominum,
905 2174 969 2226 nec
994 2173 1145 2226 acervus
1170 2175 1302 2239 rerum,

185 2247 194 2267 ’
217 2299 281 2350 nec
300 2299 383 2350 enm
403 2276 553 2370 denique
575 2277 685 2348 lenuit
704 2277 803 2349 labor
823 2276 908 2350 viae:
929 2277 1104 2371 siquidem
1128 2279 1165 2348 in
1185 2289 1304 2350 extra

218 2420 275 2470 mo
288 2397 439 2470 civitatis
461 2397 559 2482 clim,
575 2419 667 2469 nuno
680 2407 781 2469 extra
793 2396 972 2470 civitatem
985 2396 1119 2482 habito,
1134 2400 1211 2471 loco
1222 2421 1301 2472 oum

220 2518 353 2592 salubri
373 2530 446 2592 tum
467 2517 622 2590 solitario
641 2519 831 2592 admodum
850 2542 892 2592 ao
912 2521 1153 2613 reposto.an
1170 2521 1226 2593 ille
1246 2521 1302 2592 vir

219 2651 337 2714 tantus
357 2639 467 2725 venit,
494 2649 530 2710 et
555 2639 741 2713 submissis
766 2640 936 2727 fascibus,
964 2651 1004 2714 ut
1027 2640 1204 2735 quondam
1228 2643 1303 2715 ltla-

220 2784 313 2856 gnus
337 2762 525 2858 Pompeius
549 2763 745 2836 Possidonii
770 2786 915 2858 parvam
941 2763 1101 2850 domum,
1122 2774 1227 2858 atque
1253 2765 1302 2836 ita

221 2885 493 2958 venerabundus
514 2886 581 2958 hoc
601 2888 770 2978 exiguum
790 2886 896 2958 limen
921 2885 1105 2978 ingressus
1125 2881 1195 2971 est,
1218 2886 1302 2959 ada·

156 3039 158 3044 ’
219 3021 319 3102 perto
339 3009 466 3102 capite,
481 3030 588 3103 prope
601 3009 748 3096 affusnS,
762 3010 867 3104 quasi
876 3007 1046 3102 Apollinis
1060 3032 1100 3082 ac
1111 3010 1300 3107 Pyeridum

220 3133 384 3208 sacellum
406 3151 497 3204 unus
517 3130 642 3226 aliquis
662 3155 684 3206 e
702 3130 847 3206 Parnasi
863 3131 997 3218 accolis
1017 3151 1130 3226 usque
1151 3133 1242 3206 adeo
1261 3143 1301 3206 ut

217 3254 303 3326 mihi
327 3262 362 3326 at
387 3253 430 3325 iis
457 3253 516 3347 qui
546 3254 691 3327 aderant
724 3254 917 3327 illustribus
943 3253 1045 3341 viris,
1073 3264 1108 3327 at
1130 3255 1299 3328 devotum

217 3374 405 3470 quemdam
426 3387 496 3449 tam
522 3395 707 3468 generosae
721 3375 933 3448 ¹humilitatis
958 3376 1140 3448 horrorem
1164 3379 1300 3451 incute·

217 3507 281 3584 ret,
301 3509 336 3571 et
354 3519 463 3593 prope
475 3497 637 3569 lacrimas
650 3505 757 3569 tantae
769 3497 908 3591 pietatis
922 3508 1113 3573 excuteret.
1127 3501 1180 3573 Ea
1191 3503 1299 3573 maia

217 3628 291 3692 stas
311 3620 397 3706 oris,
411 3639 454 3690 ea
466 3638 602 3690 morum
622 3618 769 3692 comitas
786 3620 913 3706 inerat,
929 3622 1136 3716 caprimum
1156 3623 1297 3710 silentii,

216 3765 300 3814 mox
320 3741 507 3814 verborum
528 3742 684 3833 gravitas
703 3745 778 3818 luit.
800 3743 941 3817 Libellis
962 3745 1028 3817 ocii
1053 3746 1122 3817 mei
1138 3747 1299 3832 *auctori-

214 3864 284 3938 bus
301 3865 555 3959 comitibusque
574 3886 666 3945 nuno
682 3865 844 3939 omnibus
857 3890 950 3940 nunc
963 3869 1111 3960 singulis
1127 3878 1197 3940 tam
1215 3888 1299 3940 sua-

217 3989 307 4059 viter
326 3987 467 4060 inbaesit
484 3996 521 4059 ut
542 3987 589 4059 nil
609 3987 757 4060 dulcius.
778 3989 908 4066 Multus
934 3989 982 4062 ibi
1006 3990 1050 4062 de
1074 3990 1205 4077 multia,
1234 3989 1297 4062 sed

215 4111 411 4205 praecipuus
428 4110 473 4210 de
495 4119 529 4183 te
542 4131 670 4202 sermo.
685 4111 755 4184 Neo
771 4134 858 4186 vcro
878 4111 1023 4186 brevem
1037 4135 1169 4188 moram
1189 4112 1297 4187 traxit
