2992 4664
553 307 593 353 DE
616 307 715 354 llEBUS
739 305 961 353 Futtltlaltlssus

309 453 394 534 Quae
415 450 513 520 curvi
535 457 669 520 secreta
690 451 808 533 lacus,
830 468 919 539 quas
938 445 1073 518 arboris
1092 444 1252 529 umbras,

310 570 405 652 Quas
426 590 608 640 nemorum
631 568 797 652 latebras,
820 568 988 659 collisque
1009 567 1132 637 sedilia
1153 568 1256 659 parvi

309 691 501 774 AmbieriS‚
523 691 623 760 cuius
647 694 763 760 fessus
785 711 848 760 seu
866 688 1008 781 cespitis
1031 685 1173 758 herbam

308 812 485 882 Presseris
506 812 681 909 accubitu,
705 832 768 882 seu
789 812 898 903 ripam
921 811 1025 882 tontis
1043 810 1185 890 amoeni,

310 932 426 1025 Atque
446 955 488 1004 ea
508 943 718 1025 praesentem
739 933 823 1002 milri
845 942 878 1004 te
900 933 1097 1025 spectacula
1118 929 1284 1002 reddunt.

312 1057 398 1139 Quae
420 1057 543 1148 patriae
565 1058 701 1127 fortuna
724 1067 809 1140 tuae,
833 1078 905 1148 pax
921 1065 1052 1148 quanta
1074 1054 1251 1146 sepulchri

309 1178 458 1247 Audisti.
477 1178 567 1261 Quid
586 1181 695 1250 Roma
718 1201 858 1272 parenS,
878 1179 943 1250 hoc
963 1198 1124 1269 quaerere
1145 1178 1239 1248 noli:

311 1302 383 1369 Hoc
402 1300 524 1370 melius
544 1301 681 1371 nescire
698 1311 803 1392 pnta3
826 1300 1030 1372 melioribus
1050 1321 1170 1370 aurem

309 1423 403 1511 llrgo
424 1420 563 1505 adhibe,
586 1433 621 1493 et
640 1445 757 1493 rernm
778 1444 964 1494 successus
986 1423 1082 1494 disce
1103 1433 1255 1492 tuarum.

311 1544 451 1636 Tityrus
476 1553 512 1613 ut
535 1555 672 1615 tenuem
692 1545 809 1615 senior
830 1548 896 1614 iam
918 1545 1042 1638 perflat
1062 1565 1227 1625 avenam,

310 1663 514 1746 Quadrifido
535 1669 629 1737 cultu
649 1678 730 1737 tuus
752 1677 789 1737 nt
810 1667 1010 1762 resplendet
1030 1670 1180 1758 agellus,

314 1787 358 1856 Ut
379 1797 459 1857 tuus
480 1787 631 1859 AEeneas
649 1789 738 1859 vivit
757 1797 938 1881 totumque
959 1811 1020 1882 per
1040 1788 1161 1858 orbem

312 1911 355 1981 Et
375 1910 487 2001 placet
508 1919 544 1979 et
563 1910 712 1994 canitur,
736 1922 831 1984 tanto
852 1910 1017 2004 quemad
1039 1910 1155 1981 sidera
1176 1912 1256 1980 nisu

222 2053 227 2062 ’
314 2032 449 2102 Tollere
469 2032 607 2104 conanti
625 2056 720 2105 mors
741 2033 876 2105 obstitit
896 2032 1014 2103 invida
1036 2022 1174 2123 magnis
1257 2067 1260 2071 r

313 2153 508 2246 Principiis:
530 2155 695 2225 miserum
705 2156 850 2227 AEneam
862 2154 929 2224 iam
943 2175 1079 2247 summa
1092 2153 1306 2247 premebant

314 2275 400 2345 Fata
421 2298 542 2360 manu,
565 2275 704 2369 iamque
722 2298 783 2347 ore
806 2289 863 2348 tuo
884 2277 1073 2347 damnatus¹
1092 2274 1224 2360 abibat,

314 2397 556 2489 Arsurumque
577 2398 702 2468 iterum
726 2399 836 2491 pietas
857 2398 1018 2490 Angusta
1041 2398 1206 2469 secundis

316 2519 453 2608 Eripuit
468 2517 635 2599 [lammis
658 2541 760 2610 quem
783 2542 852 2591 non
871 2521 1049 2590 morientis
1068 2520 1169 2590 amici

313 2638 445 2707 Deiecti
462 2660 604 2710 movere
625 2639 741 2724 animi,
765 2642 955 2734 meritoque
978 2662 1160 2732 supremas

316 2757 578 2852 Contempsisse
597 2783 718 2854 preces
740 2782 819 2833 aevo
840 2763 1039 2835 laudabitur
1059 2766 1163 2834 omni.
1210 2823 1211 2826 ,

316 2881 530 2968 AEeternum,
554 2883 690 2970 dilecte,
716 2887 805 2969 vale,
825 2896 1035 2978 nostrosque
1053 2897 1196 2976 rogatus

315 3007 502 3079 Maeonium
518 3006 771 3101 Ascraeumque
793 3029 896 3078 senes
919 3009 1056 3080 salvere
1077 3007 1206 3079 iubeto.
