2992 4664
580 321 733 372 nrrsrona
756 324 828 373 xxu.
1184 312 1240 374 359

174 461 375 557 magnificas
395 465 571 559 opiniones
597 464 748 537 eliceret.
775 465 882 538 Nobis
908 467 1027 540 durior
1052 479 1171 540 nostra
1192 478 1247 538 est

174 600 275 671 actae,
298 608 318 658 a
339 584 466 680 quibus
482 587 657 660 exactiora
677 589 792 660 omnia
813 591 1046 683 requiruntur.
1068 591 1248 663 Limatiori

177 712 305 783 saeculo
326 711 568 781 successimus.
595 710 673 780 Alta
695 732 816 803 sapere
841 734 910 783 nun
938 713 1093 785 sinimur.
1119 714 1248 785 Cultio-

176 833 272 906 ribus
297 831 443 922 ingeniis
475 832 701 925 circumsepti.
730 855 866 920 sumne,
894 823 1042 928 quorum
1068 836 1249 908 admiratio

178 954 394 1027 insolentiam
412 964 565 1025 nostram
584 957 716 1028 fraenat.
733 957 825 1029 Cave
838 958 959 1050 igitur,
976 979 1019 1029 ne
1033 979 1088 1029 me
1101 957 1250 1029 amando

177 1098 400 1174 praegraveS,
418 1076 615 1170 obruasque
642 1100 707 1150 non
735 1081 802 1151 mei
828 1083 918 1153 mole
944 1079 1170 1173 cognominis.
1194 1081 1247 1151 ln-

179 1225 291 1294 genuc
315 1199 455 1294 quidem
481 1202 574 1292 regis
605 1211 784 1293 poetarum
816 1205 1077 1296 appellationem
1111 1223 1247 1296 respuo.

181 1324 243 1397 Ubi
260 1325 352 1396 enim
379 1344 524 1415 regnum
556 1323 622 1394 hoc
655 1345 837 1396 exerceam
871 1328 1020 1419 quaeso‘.l
1045 1325 1139 1408 Quos
1166 1326 1249 1396 mibi

180 1447 302 1520 statuis
323 1445 422 1539 regni
441 1445 526 1516 fines
538 1448 554 1514 ‘l
568 1446 740 1541 Occupata
755 1457 900 1539 utraque
921 1448 1024 1519 sedes
1038 1456 1106 1531 est,
1122 1469 1250 1538 cogno-

179 1591 327 1663 menque
351 1567 445 1641 istud
468 1568 562 1661 apud
587 1567 706 1642 Graios
734 1585 844 1641 senex
869 1571 925 1642 ille
951 1570 1135 1652 Maeonius,
1158 1570 1251 1662 apud

178 1712 242 1765 nos
258 1691 413 1764 Venetus
430 1701 548 1782 pastor
562 1702 670 1763 tenet..
684 1690 753 1763 Ubi·
769 1691 905 1775 sedere,
928 1713 1043 1785 quove
1063 1693 1114 1764 ire
1134 1690 1249 1774 iubes,

180 1826 217 1887 ut
248 1814 313 1887 sim
343 1823 463 1886 vatum
491 1835 568 1900 rex,
603 1813 670 1885 nisi
699 1814 786 1885 forte
816 1815 850 1885 in
886 1813 1107 1887 solitudinem
1136 1838 1249 1887 meam

179 1938 439 2029 transalpinam,
465 1945 569 2030 atque
595 1937 641 2008 ad
667 1937 795 2007 iontem
817 1935 951 2028 Sorgiae
971 1957 1028 2007 me
1047 1935 1251 2028 restringis?

177 2060 247 2133 lllic
264 2059 384 2154 (iocari
404 2060 495 2131 enim
518 2069 631 2132 tecum
652 2059 753 2129 dulce
778 2056 850 2151 est)
872 2060 990 2130 nescio
1013 2081 1057 2130 an
1079 2059 1164 2142 iure,
1187 2059 1250 2133 sed

177 2194 271 2259 certe
296 2204 375 2259 cum
407 2183 545 2255 Nasone
583 2194 641 2254 tuo
671 2181 811 2273 gloriari
850 2180 972 2255 solitus
1012 2203 1106 2267 snm,
1133 2183 1250 2259 forsan

177 2307 351 2390 audacter,
374 2315 412 2376 ut
431 2306 505 2397 ipse
530 2305 597 2377 ait:
629 2305 692 2376 sed
719 2305 807 2376 sicut
835 2305 870 2375 in
892 2324 956 2376 suo
987 2303 1120 2399 poetico
1145 2303 1249 2375 exilio

178 2430 303 2501 lstrum
322 2426 392 2512 ille,
418 2427 474 2498 sio·
496 2426 529 2497 in
561 2448 639 2498 meo
668 2428 852 2522 peregrino
876 2426 952 2499 ocio
979 2425 1136 2517 Sorgiam
1162 2447 1247 2517 ego:

334 2619 491 2700 lugentum
506 2621 624 2684 nulum
641 2623 739 2687 maius
756 2624 867 2687 habore
885 2640 964 2686 meo.

178 2807 277 2878 Ludo
292 2804 464 2897 equidem,
486 2808 658 2890 amicant
674 2809 730 2878 vel
752 2809 802 2879 sio
821 2807 994 2896 intelligas
1013 2805 1174 2877 omnibns
1196 2826 1251 2877 me

180 2927 291 2998 modis
310 2926 345 2997 id
363 2949 467 3018 agere
486 2949 530 2999 ue
552 2928 648 3001 titulo
668 2949 807 3022 premar
828 2926 1051 3022 importabili,
1075 2949 1166 2999 neve
1183 2949 1252 2999 non

180 3048 262 3119 mihi
276 3028 430 3121 debitum
448 3069 591 3141 regnum
613 3059 743 3143 peleos,
764 3051 859 3121 laesae
876 3070 957 3122 reus
971 3050 1128 3123 inveniar
1145 3051 1253 3123 maie-

181 3172 290 3245 statis.
304 3170 486 3264 Reliquum
499 3181 613 3253 estut
626 3171 722 3243 noris
739 3192 794 3241 me
819 3171 853 3241 in
870 3171 945 3244 dies
959 3173 1070 3266 magis
1084 3194 1125 3246 ac
1141 3174 1253 3266 magis
1306 3226 1315 3251 .

182 3315 392 3387 congressus
411 3315 516 3365 veros
540 3305 644 3388 atque
663 3296 867 3389 complexus
888 3307 965 3367 tuos
995 3307 1131 3392 optare,
1159 3295 1254 3390 quod

181 3419 310 3490 utinam
331 3418 389 3488 vel
409 3420 519 3489 semel
539 3418 623 3489 mihi
646 3417 822 3510 contingat
842 3430 1027 3512 antequam
1048 3418 1186 3491 moriar.
1208 3419 1253 3488 Et

182 3541 281 3625 vale,
317 3539 467 3612 Barbate
504 3539 693 3627 fidissime,
736 3544 844 3614 nostri
884 3563 1025 3613 memor.
1069 3539 1253 3613 Mediolani

182 3662 244 3733 llll
268 3660 347 3735 idus
376 3662 551 3750 Octobris,
574 3663 741 3756 postridie
770 3686 874 3758 quam
902 3664 1033 3738 litteras
1053 3673 1129 3736 tuas
1156 3681 1255 3735 acce-

183 3806 312 3881 peram.
