<?xml version="1.0" encoding="UTF-8"?>
<!DOCTYPE html PUBLIC "-//W3C//DTD XHTML 1.0 Transitional//EN"
    "http://www.w3.org/TR/xhtml1/DTD/xhtml1-transitional.dtd">
<html xmlns="http://www.w3.org/1999/xhtml" xml:lang="en" lang="en">
 <head>
  <title>
</title>
<meta http-equiv="Content-Type" content="text/html;charset=utf-8" />
  <meta name='ocr-system' content='tesseract 3.04.00' />
  <meta name='ocr-capabilities' content='ocr_page ocr_carea ocr_par ocr_line ocrx_word'/>
</head>
<body>
  <div class='ocr_page' id='page_1' title='image "./franciscipetrar00fracgoog_0351.png"; bbox 0 0 2992 4664; ppageno 0'>
   <div class='ocr_carea' id='block_1_1' title="bbox 253 281 900 343">
    <p class='ocr_par' dir='ltr' id='par_1_1' title="bbox 253 281 900 343">
     <span class='ocr_line' id='line_1_1' title="bbox 253 281 900 343; baseline -0.002 -1"><span class='ocrx_word' id='word_1_1' title='bbox 253 281 314 342; x_wconf 70' lang='grc'>334</span> <span class='ocrx_word' id='word_1_2' title='bbox 476 293 480 299; x_wconf 92' lang='grc'><strong><em>·</em></strong></span> <span class='ocrx_word' id='word_1_3' title='bbox 737 291 900 343; x_wconf 78' lang='lat' dir='ltr'>vrnrmun</span> 
     </span>
    </p>
   </div>
   <div class='ocr_carea' id='block_1_2' title="bbox 251 439 1343 1878">
    <p class='ocr_par' dir='ltr' id='par_1_2' title="bbox 251 439 1343 1878">
     <span class='ocr_line' id='line_1_2' title="bbox 251 439 1343 533; baseline -0.003 -21"><span class='ocrx_word' id='word_1_4' title='bbox 251 442 343 512; x_wconf 91' lang='lat' dir='ltr'>bona</span> <span class='ocrx_word' id='word_1_5' title='bbox 367 440 521 532; x_wconf 81' lang='lat' dir='ltr'>quotidie</span> <span class='ocrx_word' id='word_1_6' title='bbox 541 441 674 512; x_wconf 76' lang='lat' dir='ltr'><strong>confert</strong></span> <span class='ocrx_word' id='word_1_7' title='bbox 693 439 875 511; x_wconf 87' lang='lat' dir='ltr'>immeritis</span> <span class='ocrx_word' id='word_1_8' title='bbox 895 451 931 513; x_wconf 89' lang='lat' dir='ltr'>ot</span> <span class='ocrx_word' id='word_1_9' title='bbox 949 440 1114 530; x_wconf 79' lang='lat' dir='ltr'>indignis.</span> <span class='ocrx_word' id='word_1_10' title='bbox 1136 440 1180 509; x_wconf 89' lang='lat' dir='ltr'>Et</span> <span class='ocrx_word' id='word_1_11' title='bbox 1201 441 1232 510; x_wconf 93' lang='lat' dir='ltr'>si</span> <span class='ocrx_word' id='word_1_12' title='bbox 1254 441 1343 533; x_wconf 90' lang='lat' dir='ltr'>qni-</span> 
     </span>
     <span class='ocr_line' id='line_1_3' title="bbox 251 563 1342 656; baseline 0.001 -21"><span class='ocrx_word' id='word_1_13' title='bbox 251 563 332 635; x_wconf 90' lang='lat' dir='ltr'>dem</span> <span class='ocrx_word' id='word_1_14' title='bbox 352 563 418 633; x_wconf 89' lang='lat' dir='ltr'>boc</span> <span class='ocrx_word' id='word_1_15' title='bbox 438 564 535 646; x_wconf 86' lang='lat' dir='ltr'>velit,</span> <span class='ocrx_word' id='word_1_16' title='bbox 551 566 727 634; x_wconf 40' lang='lat' dir='ltr'>ut‘litterae</span> <span class='ocrx_word' id='word_1_17' title='bbox 748 565 824 635; x_wconf 92' lang='lat' dir='ltr'>eius</span> <span class='ocrx_word' id='word_1_18' title='bbox 846 563 1014 647; x_wconf 89' lang='lat' dir='ltr'>indicant,</span> <span class='ocrx_word' id='word_1_19' title='bbox 1034 573 1149 656; x_wconf 88' lang='lat' dir='ltr'>potest</span> <span class='ocrx_word' id='word_1_20' title='bbox 1170 564 1342 655; x_wconf 80' lang='lat' dir='ltr'>perfacile</span> 
     </span>
     <span class='ocr_line' id='line_1_4' title="bbox 251 686 1342 780; baseline 0.001 -23"><span class='ocrx_word' id='word_1_21' title='bbox 251 689 404 780; x_wconf 90' lang='lat' dir='ltr'>profecto</span> <span class='ocrx_word' id='word_1_22' title='bbox 425 708 494 756; x_wconf 92' lang='lat' dir='ltr'>uno</span> <span class='ocrx_word' id='word_1_23' title='bbox 514 686 633 758; x_wconf 88' lang='lat' dir='ltr'>verbo.</span> <span class='ocrx_word' id='word_1_24' title='bbox 654 688 777 758; x_wconf 88' lang='lat' dir='ltr'>Nullus</span> <span class='ocrx_word' id='word_1_25' title='bbox 803 688 895 758; x_wconf 90' lang='lat' dir='ltr'>enim</span> <span class='ocrx_word' id='word_1_26' title='bbox 925 687 1162 771; x_wconf 91' lang='lat' dir='ltr'>dominorum,</span> <span class='ocrx_word' id='word_1_27' title='bbox 1190 698 1263 758; x_wconf 84' lang='lat' dir='ltr'>tam</span> <span class='ocrx_word' id='word_1_28' title='bbox 1285 689 1342 758; x_wconf 86' lang='lat' dir='ltr'>fa-</span> 
     </span>
     <span class='ocr_line' id='line_1_5' title="bbox 252 807 1339 901; baseline 0.001 -23"><span class='ocrx_word' id='word_1_29' title='bbox 252 807 316 879; x_wconf 89' lang='lat' dir='ltr'>cile</span> <span class='ocrx_word' id='word_1_30' title='bbox 331 816 450 901; x_wconf 89' lang='lat' dir='ltr'>potest</span> <span class='ocrx_word' id='word_1_31' title='bbox 466 809 668 880; x_wconf 81' lang='lat' dir='ltr'><strong>benefacere</strong></span> <span class='ocrx_word' id='word_1_32' title='bbox 689 810 817 900; x_wconf 91' lang='lat' dir='ltr'>quibus</span> <span class='ocrx_word' id='word_1_33' title='bbox 832 812 915 892; x_wconf 91' lang='lat' dir='ltr'>vult,</span> <span class='ocrx_word' id='word_1_34' title='bbox 930 831 1035 900; x_wconf 90' lang='lat' dir='ltr'>quam</span> <span class='ocrx_word' id='word_1_35' title='bbox 1054 811 1232 885; x_wconf 87' lang='lat' dir='ltr'>Romanus</span> <span class='ocrx_word' id='word_1_36' title='bbox 1245 811 1339 879; x_wconf 89' lang='lat' dir='ltr'>Pon-</span> 
     </span>
     <span class='ocr_line' id='line_1_6' title="bbox 253 930 1338 1024; baseline 0 -22"><span class='ocrx_word' id='word_1_37' title='bbox 253 930 351 1012; x_wconf 84' lang='lat' dir='ltr'>tifex,</span> <span class='ocrx_word' id='word_1_38' title='bbox 378 932 488 1024; x_wconf 91' lang='lat' dir='ltr'>quisi</span> <span class='ocrx_word' id='word_1_39' title='bbox 516 932 602 1002; x_wconf 93' lang='lat' dir='ltr'>forte</span> <span class='ocrx_word' id='word_1_40' title='bbox 628 932 711 1002; x_wconf 93' lang='lat' dir='ltr'>mibi</span> <span class='ocrx_word' id='word_1_41' title='bbox 739 934 853 1004; x_wconf 90' lang='lat' dir='ltr'>facere</span> <span class='ocrx_word' id='word_1_42' title='bbox 879 935 984 1004; x_wconf 91' lang='lat' dir='ltr'>vellet</span> <span class='ocrx_word' id='word_1_43' title='bbox 1011 931 1201 1003; x_wconf 89' lang='lat' dir='ltr'>secundum</span> <span class='ocrx_word' id='word_1_44' title='bbox 1236 952 1338 1002; x_wconf 91' lang='lat' dir='ltr'>suam</span> 
     </span>
     <span class='ocr_line' id='line_1_7' title="bbox 253 1051 1336 1145; baseline 0 -24"><span class='ocrx_word' id='word_1_45' title='bbox 253 1052 529 1134; x_wconf 87' lang='lat' dir='ltr'>condecentiam,</span> <span class='ocrx_word' id='word_1_46' title='bbox 556 1053 654 1145; x_wconf 88' lang='lat' dir='ltr'>qnod</span> <span class='ocrx_word' id='word_1_47' title='bbox 670 1054 805 1124; x_wconf 82' lang='lat' dir='ltr'>dixisse</span> <span class='ocrx_word' id='word_1_48' title='bbox 825 1055 932 1124; x_wconf 88' lang='lat' dir='ltr'>fertur</span> <span class='ocrx_word' id='word_1_49' title='bbox 957 1052 1157 1123; x_wconf 82' lang='lat' dir='ltr'>Alexander</span> <span class='ocrx_word' id='word_1_50' title='bbox 1177 1051 1336 1136; x_wconf 84' lang='lat' dir='ltr'>Macedo,</span> 
     </span>
     <span class='ocr_line' id='line_1_8' title="bbox 255 1173 1337 1260; baseline 0.002 -16"><span class='ocrx_word' id='word_1_51' title='bbox 255 1178 400 1245; x_wconf 91' lang='lat' dir='ltr'>multum</span> <span class='ocrx_word' id='word_1_52' title='bbox 420 1187 515 1246; x_wconf 88' lang='lat' dir='ltr'>esset</span> <span class='ocrx_word' id='word_1_53' title='bbox 535 1185 595 1246; x_wconf 89' lang='lat' dir='ltr'>ant</span> <span class='ocrx_word' id='word_1_54' title='bbox 629 1175 790 1260; x_wconf 83' lang='lat' dir='ltr'>niminm3</span> <span class='ocrx_word' id='word_1_55' title='bbox 818 1176 845 1247; x_wconf 91' lang='lat' dir='ltr'>si</span> <span class='ocrx_word' id='word_1_56' title='bbox 874 1198 959 1248; x_wconf 87' lang='lat' dir='ltr'>vero</span> <span class='ocrx_word' id='word_1_57' title='bbox 993 1173 1185 1246; x_wconf 88' lang='lat' dir='ltr'>secuudum</span> <span class='ocrx_word' id='word_1_58' title='bbox 1221 1197 1337 1248; x_wconf 86' lang='lat' dir='ltr'>meam</span> 
     </span>
     <span class='ocr_line' id='line_1_9' title="bbox 253 1298 1339 1390; baseline 0.003 -23"><span class='ocrx_word' id='word_1_59' title='bbox 253 1299 544 1383; x_wconf 84' lang='lat' dir='ltr'>insufficientiam,</span> <span class='ocrx_word' id='word_1_60' title='bbox 561 1298 645 1368; x_wconf 92' lang='lat' dir='ltr'>nibil</span> <span class='ocrx_word' id='word_1_61' title='bbox 658 1309 755 1370; x_wconf 87' lang='lat' dir='ltr'>esset</span> <span class='ocrx_word' id='word_1_62' title='bbox 774 1308 834 1370; x_wconf 91' lang='lat' dir='ltr'>aut</span> <span class='ocrx_word' id='word_1_63' title='bbox 851 1298 1036 1370; x_wconf 89' lang='lat' dir='ltr'>modicum.</span> <span class='ocrx_word' id='word_1_64' title='bbox 1060 1298 1241 1390; x_wconf 82' lang='lat' dir='ltr'>Temperet</span> <span class='ocrx_word' id='word_1_65' title='bbox 1261 1298 1339 1370; x_wconf 88' lang='lat' dir='ltr'>haeo</span> 
     </span>
     <span class='ocr_line' id='line_1_10' title="bbox 254 1396 1337 1510; baseline 0.003 -23"><span class='ocrx_word' id='word_1_66' title='bbox 254 1420 360 1510; x_wconf 78' lang='lat' dir='ltr'>igitur</span> <span class='ocrx_word' id='word_1_67' title='bbox 381 1429 418 1489; x_wconf 83' lang='lat' dir='ltr'>ur</span> <span class='ocrx_word' id='word_1_68' title='bbox 439 1417 504 1488; x_wconf 75' lang='lat' dir='ltr'>snt</span> <span class='ocrx_word' id='word_1_69' title='bbox 528 1419 715 1489; x_wconf 68' lang='lat' dir='ltr'>videbitur.</span> <span class='ocrx_word' id='word_1_70' title='bbox 738 1422 819 1491; x_wconf 76' lang='lat' dir='ltr'>sive</span> <span class='ocrx_word' id='word_1_71' title='bbox 845 1420 936 1491; x_wconf 84' lang='lat' dir='ltr'>enim</span> <span class='ocrx_word' id='word_1_72' title='bbox 955 1396 1105 1493; x_wconf 40' lang='lat' dir='ltr'>*murrum</span> <span class='ocrx_word' id='word_1_73' title='bbox 1127 1420 1237 1502; x_wconf 73' lang='lat' dir='ltr'>faeiat,</span> <span class='ocrx_word' id='word_1_74' title='bbox 1260 1420 1337 1490; x_wconf 82' lang='lat' dir='ltr'>sive</span> 
     </span>
     <span class='ocr_line' id='line_1_11' title="bbox 254 1540 1339 1633; baseline 0.004 -25"><span class='ocrx_word' id='word_1_75' title='bbox 254 1540 354 1621; x_wconf 89' lang='lat' dir='ltr'>nibil,</span> <span class='ocrx_word' id='word_1_76' title='bbox 378 1541 453 1610; x_wconf 89' lang='lat' dir='ltr'>sive</span> <span class='ocrx_word' id='word_1_77' title='bbox 468 1540 652 1627; x_wconf 90' lang='lat' dir='ltr'>modicum,</span> <span class='ocrx_word' id='word_1_78' title='bbox 671 1543 908 1614; x_wconf 86' lang='lat' dir='ltr'>contentabor.</span> <span class='ocrx_word' id='word_1_79' title='bbox 931 1545 1022 1626; x_wconf 84' lang='lat' dir='ltr'>Quin</span> <span class='ocrx_word' id='word_1_80' title='bbox 1041 1552 1077 1612; x_wconf 86' lang='lat' dir='ltr'>tu</span> <span class='ocrx_word' id='word_1_81' title='bbox 1096 1542 1224 1633; x_wconf 89' lang='lat' dir='ltr'>potius,</span> <span class='ocrx_word' id='word_1_82' title='bbox 1245 1540 1339 1614; x_wconf 87' lang='lat' dir='ltr'>dicat</span> 
     </span>
     <span class='ocr_line' id='line_1_12' title="bbox 254 1663 1338 1758; baseline 0.004 -26"><span class='ocrx_word' id='word_1_83' title='bbox 254 1663 395 1754; x_wconf 76' lang='lat' dir='ltr'>aliquiS,</span> <span class='ocrx_word' id='word_1_84' title='bbox 424 1674 502 1755; x_wconf 89' lang='lat' dir='ltr'>pete</span> <span class='ocrx_word' id='word_1_85' title='bbox 535 1664 631 1755; x_wconf 92' lang='lat' dir='ltr'>quod</span> <span class='ocrx_word' id='word_1_86' title='bbox 664 1665 822 1748; x_wconf 89' lang='lat' dir='ltr'>videtur,</span> <span class='ocrx_word' id='word_1_87' title='bbox 858 1665 999 1758; x_wconf 89' lang='lat' dir='ltr'>qnando</span> <span class='ocrx_word' id='word_1_88' title='bbox 1032 1674 1194 1757; x_wconf 91' lang='lat' dir='ltr'>paratum</span> <span class='ocrx_word' id='word_1_89' title='bbox 1227 1663 1338 1735; x_wconf 86' lang='lat' dir='ltr'>habes</span> 
     </span>
     <span class='ocr_line' id='line_1_13' title="bbox 254 1785 1339 1878; baseline -0.001 -22"><span class='ocrx_word' id='word_1_90' title='bbox 254 1785 408 1857; x_wconf 86' lang='lat' dir='ltr'>animum</span> <span class='ocrx_word' id='word_1_91' title='bbox 438 1787 630 1876; x_wconf 82' lang='lat' dir='ltr'>largientis.</span> <span class='ocrx_word' id='word_1_92' title='bbox 660 1788 746 1870; x_wconf 88' lang='lat' dir='ltr'>Hoc,</span> <span class='ocrx_word' id='word_1_93' title='bbox 779 1789 904 1872; x_wconf 87' lang='lat' dir='ltr'>amice,</span> <span class='ocrx_word' id='word_1_94' title='bbox 936 1810 1005 1858; x_wconf 92' lang='lat' dir='ltr'>non</span> <span class='ocrx_word' id='word_1_95' title='bbox 1035 1808 1177 1878; x_wconf 90' lang='lat' dir='ltr'>possum</span> <span class='ocrx_word' id='word_1_96' title='bbox 1212 1785 1339 1877; x_wconf 89' lang='lat' dir='ltr'>triplici</span> 
     </span>
    </p>
   </div>
   <div class='ocr_carea' id='block_1_3' title="bbox 149 1910 1336 2002">
    <p class='ocr_par' dir='ltr' id='par_1_3' title="bbox 149 1910 1336 2002">
     <span class='ocr_line' id='line_1_14' title="bbox 149 1910 1336 2002; baseline 0.002 -27"><span class='ocrx_word' id='word_1_97' title='bbox 149 1968 153 1975; x_wconf 86' lang='lat'><em>.</em></span> <span class='ocrx_word' id='word_1_98' title='bbox 254 1910 401 1980; x_wconf 88' lang='lat' dir='ltr'>rationo:</span> <span class='ocrx_word' id='word_1_99' title='bbox 435 1910 585 2001; x_wconf 89' lang='lat' dir='ltr'>primum</span> <span class='ocrx_word' id='word_1_100' title='bbox 611 1931 737 2002; x_wconf 87' lang='lat' dir='ltr'>nempe</span> <span class='ocrx_word' id='word_1_101' title='bbox 763 1911 848 2001; x_wconf 90' lang='lat' dir='ltr'>quid</span> <span class='ocrx_word' id='word_1_102' title='bbox 875 1921 987 2002; x_wconf 86' lang='lat' dir='ltr'>petam</span> <span class='ocrx_word' id='word_1_103' title='bbox 1021 1927 1166 2001; x_wconf 86' lang='lat' dir='ltr'>prorsus</span> <span class='ocrx_word' id='word_1_104' title='bbox 1201 1911 1336 1992; x_wconf 88' lang='lat' dir='ltr'>nescio,</span> 
     </span>
    </p>
   </div>
   <div class='ocr_carea' id='block_1_4' title="bbox 194 2030 1395 4201">
    <p class='ocr_par' dir='ltr' id='par_1_4' title="bbox 194 2030 1395 4201">
     <span class='ocr_line' id='line_1_15' title="bbox 255 2030 1339 2123; baseline 0 -24"><span class='ocrx_word' id='word_1_105' title='bbox 255 2030 346 2100; x_wconf 87' lang='lat' dir='ltr'>siout</span> <span class='ocrx_word' id='word_1_106' title='bbox 363 2031 416 2101; x_wconf 90' lang='lat' dir='ltr'>ille</span> <span class='ocrx_word' id='word_1_107' title='bbox 429 2031 488 2121; x_wconf 86' lang='lat' dir='ltr'>qui</span> <span class='ocrx_word' id='word_1_108' title='bbox 504 2053 582 2102; x_wconf 84' lang='lat' dir='ltr'>raro</span> <span class='ocrx_word' id='word_1_109' title='bbox 597 2031 624 2100; x_wconf 91' lang='lat' dir='ltr'>si</span> <span class='ocrx_word' id='word_1_110' title='bbox 641 2054 806 2123; x_wconf 86' lang='lat' dir='ltr'>unquam,</span> <span class='ocrx_word' id='word_1_111' title='bbox 822 2033 867 2103; x_wconf 92' lang='lat' dir='ltr'>de</span> <span class='ocrx_word' id='word_1_112' title='bbox 880 2031 1007 2101; x_wconf 87' lang='lat' dir='ltr'>talibus</span> <span class='ocrx_word' id='word_1_113' title='bbox 1022 2030 1172 2121; x_wconf 80' lang='lat' dir='ltr'>cogitavi</span> <span class='ocrx_word' id='word_1_114' title='bbox 1188 2054 1195 2095; x_wconf 91' lang='lat'>:</span> <span class='ocrx_word' id='word_1_115' title='bbox 1221 2030 1339 2100; x_wconf 85' lang='lat' dir='ltr'>omnia</span> 
     </span>
     <span class='ocr_line' id='line_1_16' title="bbox 252 2151 1335 2244; baseline 0.003 -24"><span class='ocrx_word' id='word_1_116' title='bbox 252 2152 325 2222; x_wconf 90' lang='lat' dir='ltr'>fere</span> <span class='ocrx_word' id='word_1_117' title='bbox 348 2153 430 2224; x_wconf 84' lang='lat' dir='ltr'>vitia</span> <span class='ocrx_word' id='word_1_118' title='bbox 449 2153 532 2222; x_wconf 90' lang='lat' dir='ltr'>mibi</span> <span class='ocrx_word' id='word_1_119' title='bbox 554 2152 655 2224; x_wconf 90' lang='lat' dir='ltr'>obiici</span> <span class='ocrx_word' id='word_1_120' title='bbox 678 2155 733 2224; x_wconf 89' lang='lat' dir='ltr'>vel</span> <span class='ocrx_word' id='word_1_121' title='bbox 751 2154 796 2223; x_wconf 92' lang='lat' dir='ltr'>ab</span> <span class='ocrx_word' id='word_1_122' title='bbox 814 2155 926 2225; x_wconf 89' lang='lat' dir='ltr'>amico</span> <span class='ocrx_word' id='word_1_123' title='bbox 949 2153 1065 2244; x_wconf 80' lang='lat' dir='ltr'>patiar,</span> <span class='ocrx_word' id='word_1_124' title='bbox 1080 2155 1143 2234; x_wconf 45' lang='lat' dir='ltr'>vel,</span> <span class='ocrx_word' id='word_1_125' title='bbox 1158 2151 1204 2221; x_wconf 85' lang='lat' dir='ltr'>ab</span> <span class='ocrx_word' id='word_1_126' title='bbox 1224 2151 1335 2234; x_wconf 90' lang='lat' dir='ltr'>boste,</span> 
     </span>
     <span class='ocr_line' id='line_1_17' title="bbox 253 2272 1335 2366; baseline 0.003 -24"><span class='ocrx_word' id='word_1_127' title='bbox 253 2272 446 2344; x_wconf 90' lang='lat' dir='ltr'>dumdolns</span> <span class='ocrx_word' id='word_1_128' title='bbox 460 2278 572 2345; x_wconf 86' lang='lat' dir='ltr'>malus</span> <span class='ocrx_word' id='word_1_129' title='bbox 585 2273 740 2366; x_wconf 83' lang='lat' dir='ltr'>dumque</span> <span class='ocrx_word' id='word_1_130' title='bbox 751 2274 892 2346; x_wconf 88' lang='lat' dir='ltr'>ambitio</span> <span class='ocrx_word' id='word_1_131' title='bbox 905 2283 1178 2365; x_wconf 82' lang='lat' dir='ltr'>sequestrentur.</span> <span class='ocrx_word' id='word_1_132' title='bbox 1194 2273 1335 2357; x_wconf 86' lang='lat' dir='ltr'>Deinde,</span> 
     </span>
     <span class='ocr_line' id='line_1_18' title="bbox 252 2394 1337 2489; baseline -0.003 -22"><span class='ocrx_word' id='word_1_133' title='bbox 252 2410 328 2468; x_wconf 89' lang='lat' dir='ltr'>esto</span> <span class='ocrx_word' id='word_1_134' title='bbox 347 2398 442 2489; x_wconf 88' lang='lat' dir='ltr'>quod</span> <span class='ocrx_word' id='word_1_135' title='bbox 459 2396 650 2466; x_wconf 88' lang='lat' dir='ltr'>amicornm</span> <span class='ocrx_word' id='word_1_136' title='bbox 668 2396 832 2486; x_wconf 82' lang='lat' dir='ltr'>indagine</span> <span class='ocrx_word' id='word_1_137' title='bbox 844 2397 975 2488; x_wconf 90' lang='lat' dir='ltr'>aliquid</span> <span class='ocrx_word' id='word_1_138' title='bbox 994 2394 1088 2487; x_wconf 89' lang='lat' dir='ltr'>qnod</span> <span class='ocrx_word' id='word_1_139' title='bbox 1107 2406 1264 2487; x_wconf 84' lang='lat' dir='ltr'>peterem</span> <span class='ocrx_word' id='word_1_140' title='bbox 1285 2395 1337 2464; x_wconf 92' lang='lat' dir='ltr'>iu-</span> 
     </span>
     <span class='ocr_line' id='line_1_19' title="bbox 243 2508 1337 2609; baseline -0.001 -19"><span class='ocrx_word' id='word_1_141' title='bbox 243 2508 428 2597; x_wconf 86' lang='lat' dir='ltr'>¹venirem;</span> <span class='ocrx_word' id='word_1_142' title='bbox 456 2526 536 2588; x_wconf 89' lang='lat' dir='ltr'>ante</span> <span class='ocrx_word' id='word_1_143' title='bbox 564 2528 678 2587; x_wconf 91' lang='lat' dir='ltr'>tamen</span> <span class='ocrx_word' id='word_1_144' title='bbox 711 2540 815 2609; x_wconf 89' lang='lat' dir='ltr'>quam</span> <span class='ocrx_word' id='word_1_145' title='bbox 846 2519 997 2590; x_wconf 87' lang='lat' dir='ltr'>nunnius</span> <span class='ocrx_word' id='word_1_146' title='bbox 1022 2540 1122 2589; x_wconf 88' lang='lat' dir='ltr'>meus</span> <span class='ocrx_word' id='word_1_147' title='bbox 1149 2516 1195 2589; x_wconf 80' lang='lat' dir='ltr'>ad</span> <span class='ocrx_word' id='word_1_148' title='bbox 1227 2519 1337 2609; x_wconf 70' lang='lat' dir='ltr'>pedes</span> 
     </span>
     <span class='ocr_line' id='line_1_20' title="bbox 252 2639 1336 2733; baseline 0.001 -24"><span class='ocrx_word' id='word_1_149' title='bbox 252 2639 470 2733; x_wconf 85' lang='lat' dir='ltr'>Apostolioos</span> <span class='ocrx_word' id='word_1_150' title='bbox 493 2639 705 2733; x_wconf 87' lang='lat' dir='ltr'>perveniret,</span> <span class='ocrx_word' id='word_1_151' title='bbox 726 2652 819 2709; x_wconf 89' lang='lat' dir='ltr'>esset</span> <span class='ocrx_word' id='word_1_152' title='bbox 840 2641 884 2710; x_wconf 89' lang='lat' dir='ltr'>de</span> <span class='ocrx_word' id='word_1_153' title='bbox 905 2642 994 2712; x_wconf 87' lang='lat' dir='ltr'>facili</span> <span class='ocrx_word' id='word_1_154' title='bbox 1016 2639 1167 2733; x_wconf 90' lang='lat' dir='ltr'>idipsum</span> <span class='ocrx_word' id='word_1_155' title='bbox 1190 2640 1336 2733; x_wconf 86' lang='lat' dir='ltr'>petitum</span> 
     </span>
     <span class='ocr_line' id='line_1_21' title="bbox 252 2761 1335 2856; baseline -0.003 -23"><span class='ocrx_word' id='word_1_156' title='bbox 252 2763 297 2833; x_wconf 86' lang='lat' dir='ltr'>ab</span> <span class='ocrx_word' id='word_1_157' title='bbox 316 2762 384 2832; x_wconf 88' lang='lat' dir='ltr'>alio</span> <span class='ocrx_word' id='word_1_158' title='bbox 403 2773 439 2832; x_wconf 91' lang='lat' dir='ltr'>et</span> <span class='ocrx_word' id='word_1_159' title='bbox 458 2781 673 2838; x_wconf 87' lang='lat' dir='ltr'>concessum.</span> <span class='ocrx_word' id='word_1_160' title='bbox 697 2761 770 2831; x_wconf 90' lang='lat' dir='ltr'>Non</span> <span class='ocrx_word' id='word_1_161' title='bbox 792 2771 847 2831; x_wconf 91' lang='lat' dir='ltr'>est</span> <span class='ocrx_word' id='word_1_162' title='bbox 873 2763 977 2845; x_wconf 89' lang='lat' dir='ltr'>enim,</span> <span class='ocrx_word' id='word_1_163' title='bbox 1009 2772 1047 2831; x_wconf 92' lang='lat' dir='ltr'>ut</span> <span class='ocrx_word' id='word_1_164' title='bbox 1063 2763 1203 2856; x_wconf 86' lang='lat' dir='ltr'>opinor,</span> <span class='ocrx_word' id='word_1_165' title='bbox 1223 2762 1335 2832; x_wconf 90' lang='lat' dir='ltr'>domi-</span> 
     </span>
     <span class='ocr_line' id='line_1_22' title="bbox 194 2882 1334 2977; baseline -0.002 -23"><span class='ocrx_word' id='word_1_166' title='bbox 194 2932 197 2933; x_wconf 15' lang='lat'><em>⁷</em></span> <span class='ocrx_word' id='word_1_167' title='bbox 253 2907 319 2956; x_wconf 91' lang='lat' dir='ltr'>nus</span> <span class='ocrx_word' id='word_1_168' title='bbox 340 2897 459 2956; x_wconf 88' lang='lat' dir='ltr'>noster</span> <span class='ocrx_word' id='word_1_169' title='bbox 479 2886 516 2958; x_wconf 93' lang='lat' dir='ltr'>in</span> <span class='ocrx_word' id='word_1_170' title='bbox 536 2886 593 2959; x_wconf 89' lang='lat' dir='ltr'>illa</span> <span class='ocrx_word' id='word_1_171' title='bbox 613 2884 741 2957; x_wconf 89' lang='lat' dir='ltr'>duritie</span> <span class='ocrx_word' id='word_1_172' title='bbox 761 2908 831 2977; x_wconf 91' lang='lat' dir='ltr'>qua</span> <span class='ocrx_word' id='word_1_173' title='bbox 856 2886 996 2956; x_wconf 92' lang='lat' dir='ltr'>fuerunt</span> <span class='ocrx_word' id='word_1_174' title='bbox 1016 2884 1121 2975; x_wconf 90' lang='lat' dir='ltr'>aliqui</span> <span class='ocrx_word' id='word_1_175' title='bbox 1147 2884 1182 2953; x_wconf 93' lang='lat' dir='ltr'>in</span> <span class='ocrx_word' id='word_1_176' title='bbox 1209 2882 1334 2962; x_wconf 89' lang='lat' dir='ltr'>diebus</span> 
     </span>
     <span class='ocr_line' id='line_1_23' title="bbox 252 3005 1336 3101; baseline -0.006 -23"><span class='ocrx_word' id='word_1_177' title='bbox 252 3009 396 3090; x_wconf 91' lang='lat' dir='ltr'>nostris,</span> <span class='ocrx_word' id='word_1_178' title='bbox 430 3031 558 3098; x_wconf 80' lang='lat' dir='ltr'>negare</span> <span class='ocrx_word' id='word_1_179' title='bbox 578 3010 694 3087; x_wconf 87' lang='lat' dir='ltr'>omnia</span> <span class='ocrx_word' id='word_1_180' title='bbox 723 3009 853 3101; x_wconf 80' lang='lat' dir='ltr'>parati,</span> <span class='ocrx_word' id='word_1_181' title='bbox 889 3009 972 3078; x_wconf 89' lang='lat' dir='ltr'>dnm</span> <span class='ocrx_word' id='word_1_182' title='bbox 1002 3005 1141 3076; x_wconf 91' lang='lat' dir='ltr'>nonnisi</span> <span class='ocrx_word' id='word_1_183' title='bbox 1174 3005 1336 3097; x_wconf 87' lang='lat' dir='ltr'>perfectis</span> 
     </span>
     <span class='ocr_line' id='line_1_24' title="bbox 252 3125 1338 3223; baseline -0.002 -24"><span class='ocrx_word' id='word_1_184' title='bbox 252 3129 340 3199; x_wconf 87' lang='lat' dir='ltr'>viris</span> <span class='ocrx_word' id='word_1_185' title='bbox 361 3129 447 3200; x_wconf 80' lang='lat' dir='ltr'>dare</span> <span class='ocrx_word' id='word_1_186' title='bbox 468 3130 599 3220; x_wconf 85' lang='lat' dir='ltr'>aliquid</span> <span class='ocrx_word' id='word_1_187' title='bbox 621 3133 756 3214; x_wconf 79' lang='lat' dir='ltr'>volunt3</span> <span class='ocrx_word' id='word_1_188' title='bbox 775 3132 921 3223; x_wconf 87' lang='lat' dir='ltr'>quodsi</span> <span class='ocrx_word' id='word_1_189' title='bbox 941 3129 1000 3202; x_wconf 90' lang='lat' dir='ltr'>liat</span> <span class='ocrx_word' id='word_1_190' title='bbox 1018 3139 1079 3200; x_wconf 89' lang='lat' dir='ltr'>aut</span> <span class='ocrx_word' id='word_1_191' title='bbox 1099 3125 1215 3200; x_wconf 88' lang='lat' dir='ltr'>omnia</span> <span class='ocrx_word' id='word_1_192' title='bbox 1230 3126 1338 3197; x_wconf 89' lang='lat' dir='ltr'>bene-</span> 
     </span>
     <span class='ocr_line' id='line_1_25' title="bbox 252 3249 1336 3344; baseline 0.001 -25"><span class='ocrx_word' id='word_1_193' title='bbox 252 3249 329 3323; x_wconf 87' lang='lat' dir='ltr'>ficia</span> <span class='ocrx_word' id='word_1_194' title='bbox 349 3250 542 3335; x_wconf 87' lang='lat' dir='ltr'>vacabunt,</span> <span class='ocrx_word' id='word_1_195' title='bbox 560 3263 621 3322; x_wconf 87' lang='lat' dir='ltr'>aut</span> <span class='ocrx_word' id='word_1_196' title='bbox 640 3253 857 3344; x_wconf 79' lang='lat' dir='ltr'>paucissimis</span> <span class='ocrx_word' id='word_1_197' title='bbox 875 3254 990 3325; x_wconf 84' lang='lat' dir='ltr'>omnia</span> <span class='ocrx_word' id='word_1_198' title='bbox 1007 3253 1245 3338; x_wconf 80' lang='lat' dir='ltr'>conferentur3</span> <span class='ocrx_word' id='word_1_199' title='bbox 1265 3259 1336 3320; x_wconf 85' lang='lat' dir='ltr'>tam</span> 
     </span>
     <span class='ocr_line' id='line_1_26' title="bbox 252 3373 1337 3467; baseline -0.004 -20"><span class='ocrx_word' id='word_1_200' title='bbox 252 3383 407 3447; x_wconf 80' lang='lat' dir='ltr'>rannest</span> <span class='ocrx_word' id='word_1_201' title='bbox 435 3373 585 3444; x_wconf 85' lang='lat' dir='ltr'>bumana</span> <span class='ocrx_word' id='word_1_202' title='bbox 611 3375 787 3467; x_wconf 82' lang='lat' dir='ltr'>perfectio.</span> <span class='ocrx_word' id='word_1_203' title='bbox 823 3379 1004 3448; x_wconf 90' lang='lat' dir='ltr'>Postremo</span> <span class='ocrx_word' id='word_1_204' title='bbox 1038 3375 1113 3447; x_wconf 85' lang='lat' dir='ltr'>lieri</span> <span class='ocrx_word' id='word_1_205' title='bbox 1146 3384 1270 3466; x_wconf 89' lang='lat' dir='ltr'>posset</span> <span class='ocrx_word' id='word_1_206' title='bbox 1299 3383 1337 3444; x_wconf 87' lang='lat' dir='ltr'>nt</span> 
     </span>
     <span class='ocr_line' id='line_1_27' title="bbox 252 3495 1336 3590; baseline 0 -22"><span class='ocrx_word' id='word_1_207' title='bbox 252 3499 382 3590; x_wconf 84' lang='lat' dir='ltr'>aliquid</span> <span class='ocrx_word' id='word_1_208' title='bbox 399 3507 568 3590; x_wconf 88' lang='lat' dir='ltr'>peterem,</span> <span class='ocrx_word' id='word_1_209' title='bbox 587 3495 682 3587; x_wconf 90' lang='lat' dir='ltr'>quod</span> <span class='ocrx_word' id='word_1_210' title='bbox 702 3497 815 3568; x_wconf 89' lang='lat' dir='ltr'>eidem</span> <span class='ocrx_word' id='word_1_211' title='bbox 837 3499 978 3579; x_wconf 92' lang='lat' dir='ltr'>domino</span> <span class='ocrx_word' id='word_1_212' title='bbox 999 3520 1068 3569; x_wconf 91' lang='lat' dir='ltr'>non</span> <span class='ocrx_word' id='word_1_213' title='bbox 1088 3501 1256 3590; x_wconf 86' lang='lat' dir='ltr'>placeret,</span> <span class='ocrx_word' id='word_1_214' title='bbox 1272 3495 1336 3568; x_wconf 88' lang='lat' dir='ltr'>sed</span> 
     </span>
     <span class='ocr_line' id='line_1_28' title="bbox 251 3617 1336 3712; baseline -0.002 -22"><span class='ocrx_word' id='word_1_215' title='bbox 251 3630 395 3712; x_wconf 89' lang='lat' dir='ltr'>propter</span> <span class='ocrx_word' id='word_1_216' title='bbox 412 3617 721 3708; x_wconf 88' lang='lat' dir='ltr'>incomparabilem</span> <span class='ocrx_word' id='word_1_217' title='bbox 755 3617 1005 3710; x_wconf 78' lang='lat' dir='ltr'>benignitatem</span> <span class='ocrx_word' id='word_1_218' title='bbox 1036 3641 1134 3690; x_wconf 91' lang='lat' dir='ltr'>suam</span> <span class='ocrx_word' id='word_1_219' title='bbox 1162 3618 1336 3711; x_wconf 84' lang='lat' dir='ltr'>supplica-</span> 
     </span>
     <span class='ocr_line' id='line_1_29' title="bbox 252 3739 1336 3834; baseline 0 -24"><span class='ocrx_word' id='word_1_220' title='bbox 252 3739 404 3812; x_wconf 90' lang='lat' dir='ltr'>tionibus</span> <span class='ocrx_word' id='word_1_221' title='bbox 427 3739 513 3812; x_wconf 89' lang='lat' dir='ltr'>meis</span> <span class='ocrx_word' id='word_1_222' title='bbox 534 3739 847 3823; x_wconf 87' lang='lat' dir='ltr'>condescenderet,</span> <span class='ocrx_word' id='word_1_223' title='bbox 870 3744 1013 3834; x_wconf 85' lang='lat' dir='ltr'>qnando</span> <span class='ocrx_word' id='word_1_224' title='bbox 1033 3763 1100 3832; x_wconf 84' lang='lat' dir='ltr'>ego</span> <span class='ocrx_word' id='word_1_225' title='bbox 1122 3740 1336 3812; x_wconf 91' lang='lat' dir='ltr'>nullomodo</span> 
     </span>
     <span class='ocr_line' id='line_1_30' title="bbox 251 3862 1336 3956; baseline -0.002 -23"><span class='ocrx_word' id='word_1_226' title='bbox 251 3867 377 3935; x_wconf 88' lang='lat' dir='ltr'>vellem</span> <span class='ocrx_word' id='word_1_227' title='bbox 405 3863 536 3936; x_wconf 80' lang='lat' dir='ltr'>babere</span> <span class='ocrx_word' id='word_1_228' title='bbox 564 3863 704 3956; x_wconf 88' lang='lat' dir='ltr'>aliquid,</span> <span class='ocrx_word' id='word_1_229' title='bbox 727 3867 891 3956; x_wconf 86' lang='lat' dir='ltr'>quamvis</span> <span class='ocrx_word' id='word_1_230' title='bbox 923 3865 1158 3956; x_wconf 78' lang='lat' dir='ltr'>magnificum,</span> <span class='ocrx_word' id='word_1_231' title='bbox 1190 3862 1336 3945; x_wconf 89' lang='lat' dir='ltr'>etmihi</span> 
     </span>
     <span class='ocr_line' id='line_1_31' title="bbox 254 3984 1395 4079; baseline -0.001 -24"><span class='ocrx_word' id='word_1_232' title='bbox 254 3986 337 4055; x_wconf 84' lang='lat' dir='ltr'>utile</span> <span class='ocrx_word' id='word_1_233' title='bbox 375 3986 467 4078; x_wconf 91' lang='lat' dir='ltr'>quod</span> <span class='ocrx_word' id='word_1_234' title='bbox 507 3987 573 4056; x_wconf 92' lang='lat' dir='ltr'>sibi</span> <span class='ocrx_word' id='word_1_235' title='bbox 598 4008 675 4058; x_wconf 85' lang='lat' dir='ltr'>non.</span> <span class='ocrx_word' id='word_1_236' title='bbox 695 3987 832 4078; x_wconf 90' lang='lat' dir='ltr'>penitus</span> <span class='ocrx_word' id='word_1_237' title='bbox 859 3999 997 4079; x_wconf 84' lang='lat' dir='ltr'>gratum</span> <span class='ocrx_word' id='word_1_238' title='bbox 1023 3998 1129 4058; x_wconf 84' lang='lat' dir='ltr'>esset.</span> <span class='ocrx_word' id='word_1_239' title='bbox 1161 3985 1251 4072; x_wconf 90' lang='lat' dir='ltr'>Quid</span> <span class='ocrx_word' id='word_1_240' title='bbox 1276 3984 1337 4055; x_wconf 91' lang='lat' dir='ltr'>liet</span> <span class='ocrx_word' id='word_1_241' title='bbox 1392 4008 1395 4010; x_wconf 65' lang='grc'>’</span> 
     </span>
     <span class='ocr_line' id='line_1_32' title="bbox 254 4104 1335 4201; baseline 0.003 -27"><span class='ocrx_word' id='word_1_242' title='bbox 254 4104 359 4194; x_wconf 76' lang='lat' dir='ltr'>igitur</span> <span class='ocrx_word' id='word_1_243' title='bbox 375 4109 488 4181; x_wconf 85' lang='lat' dir='ltr'>dinam</span> <span class='ocrx_word' id='word_1_244' title='bbox 511 4106 581 4179; x_wconf 88' lang='lat' dir='ltr'>tibi.</span> <span class='ocrx_word' id='word_1_245' title='bbox 609 4107 645 4177; x_wconf 93' lang='lat' dir='ltr'>Si</span> <span class='ocrx_word' id='word_1_246' title='bbox 676 4112 839 4181; x_wconf 86' lang='lat' dir='ltr'>voluntas</span> <span class='ocrx_word' id='word_1_247' title='bbox 858 4108 990 4180; x_wconf 93' lang='lat' dir='ltr'>domini</span> <span class='ocrx_word' id='word_1_248' title='bbox 1010 4122 1079 4193; x_wconf 91' lang='lat' dir='ltr'>est,</span> <span class='ocrx_word' id='word_1_249' title='bbox 1101 4107 1215 4201; x_wconf 86' lang='lat' dir='ltr'>qualis</span> <span class='ocrx_word' id='word_1_250' title='bbox 1237 4106 1335 4179; x_wconf 92' lang='lat' dir='ltr'>vide-</span> 
     </span>
    </p>
   </div>
   <div class='ocr_carea' id='block_1_5' title="bbox 0 0 1500 4664">
    <p class='ocr_par' dir='ltr' id='par_1_5' title="bbox 0 0 1500 4664">
     <span class='ocr_line' id='line_1_33' title="bbox 0 0 1500 4664; baseline 0 0"><span class='ocrx_word' id='word_1_251' title='bbox 0 0 1500 4664; x_wconf 95' lang='lat' dir='ltr'> </span> 
     </span>
    </p>
   </div>
  </div>
 </body>
</html>
