2992 4664
586 316 739 364 nrrsronl
760 317 823 364 niv.
1186 305 1240 367 331

164 464 316 535 maxime
341 462 528 556 optabilem
565 461 732 554 sapienti,
771 482 841 531 non
876 461 1011 533 irritare
1043 465 1178 534 animos
1210 475 1246 535 ut

162 586 371 679 pigerrimos
392 584 436 655 ad
454 605 556 655 omne
577 582 721 665 bonum,
739 583 789 654 sic
805 582 849 653 ad
864 585 991 653 malum
1010 604 1112 655 omno
1130 605 1246 675 prom·

162 710 352 803 ptissimos.
379 708 470 777 Satis
500 705 658 776 odiorum
685 725 749 775 nec
771 706 888 777 minus
915 706 1056 777 invidiae
1076 717 1141 778 est.
1164 709 1246 777 Eni-

162 843 279 903 tamur
297 828 392 921 quod
415 838 577 920 superest
597 828 631 896 in
653 848 738 919 pace
768 849 892 916 agere3
924 829 1018 918 quod
1040 851 1151 922 neque
1176 831 1244 902 iam

162 955 323 1035 mullum,
344 965 379 1023 et
396 962 490 1022 certe
507 972 655 1044 pronum
683 971 724 1019 ac
750 950 885 1020 declive
910 962 983 1032 est3
1012 973 1126 1043 neque
1150 956 1245 1046 quod

161 1088 285 1148 natura
306 1077 386 1147 lecit
404 1073 607 1167 expeditum
634 1084 670 1143 et
694 1073 805 1154 facile,
835 1072 1013 1144 accersitis
1042 1077 1130 1145 ultro
1156 1075 1243 1146 diffi-

161 1197 348 1269 cultatibus
370 1196 610 1267 intricandum.
627 1197 699 1265 Pax
721 1194 811 1265 bona
825 1193 1115 1281 bonisomnibns,
1139 1209 1243 1291 atque

161 1319 323 1390 omnibus
345 1318 454 1401 utilis,
478 1316 578 1388 nobis
600 1326 636 1388 et
655 1319 855 1389 necessaria
875 1327 940 1388 est.
963 1319 1059 1389 Vale.

664 1553 741 1560 W„-

571 1754 747 1819 Erls'loll
769 1755 826 1818 XV.

268 1919 461 1983 annu-ulscus
483 1920 652 1970 Parauaea
673 1919 849 1970 Fannclsco
871 1922 977 1971 BRUNO
999 1922 1024 1970 S.
1047 1923 1075 1971 P.
1098 1924 1128 1970 D.

158 2057 251 2128 Opem
261 2057 382 2129 aliquam
392 2057 459 2110 ferri
470 2056 554 2110 rebus
564 2055 621 2110 suis
631 2055 790 2110 domesticis
798 2071 815 2110 a
823 2057 956 2111 Pontifice
962 2059 1082 2113 Maximo
1091 2060 1239 2131 desiderat,

374 2145 442 2217 quin
464 2151 557 2200 tamen
577 2145 662 2199 ullam
677 2161 825 2216 exposcere
841 2145 935 2201 abillo
950 2148 1027 2202 velit.

253 2415 558 2506 Epistolamtuam
593 2415 793 2506 apostolicis
821 2416 942 2486 litteris
972 2413 1136 2486 insertam
1171 2395 1266 2488 non*

156 2547 288 2608 tantum
310 2538 410 2606 laetus
433 2546 471 2606 ut
492 2540 601 2620 soleo,
623 2537 686 2607 sed
709 2538 811 2608 solito
833 2537 943 2608 laetior
965 2536 1048 2619 vidi3
1071 2538 1240 2629 gravibus

154 2661 245 2731 enim
269 2681 323 2730 me
343 2659 438 2729 curis
459 2659 637 2752 explicuit.
656 2659 759 2745 Nam,
783 2683 826 2731 ne
847 2661 932 2753 quid
953 2671 987 2731 te
1009 2681 1077 2731 non
1098 2670 1237 2730 actuum

153 2783 257 2854 modo
279 2783 341 2852 sed
360 2782 574 2871 cogitatuum
593 2787 746 2852 meorum
766 2785 886 2864 lateat,
915 2784 1096 2875 suspicari,
1119 2785 1236 2864 fateor,

152 2904 307 2974 nondum
326 2902 467 2992 quidem
483 2905 591 2993 plene
611 2925 799 2995 coeperam,
824 2902 886 2973 sed
908 2904 975 2973 iam
999 2905 1150 2998 incipere
1168 2929 1240 2977 me-

152 3022 307 3106 ditabar,
331 3030 364 3090 tc
383 3021 450 3089 mei
470 3021 637 3102 oblitum,
660 3043 730 3092 non
751 3022 834 3111 quia
856 3021 891 3092 icl
912 3031 1046 3092 naturae
1062 3033 1151 3110 luae,
1174 3047 1237 3096 seu

152 3145 310 3217 moribus
324 3141 538 3225 conveniret;
554 3144 616 3215 sed
630 3146 792 3214 Fortunae
808 3146 1017 3239 prosperitas
1035 3158 1138 3231 certe,
1157 3171 1237 3241 quae

153 3292 330 3362 nunquam
353 3278 446 3338 tanta
474 3267 535 3337 tibi
561 3289 643 3338 esse
671 3276 784 3359 potest
808 3278 978 3360 quantum
1004 3270 1120 3362 cupio,
1150 3269 1233 3340 obli-

155 3392 291 3464 vionem
314 3390 542 3461 amicitiarum
565 3412 687 3483 parere
709 3389 822 3474 solita,
847 3412 1034 3483 parumper
1051 3390 1235 3459 milliesse

152 3511 336 3607 incipiebat
357 3534 472 3582 annuo
494 3512 560 3583 iam
588 3525 753 3606 suspecta
779 3514 926 3585 silentio.
952 3510 1080 3582 Fecisti
1106 3510 1235 3603 optime

151 3634 321 3727 quod‘me
341 3635 408 3704 hoc
435 3634 554 3705 labore
572 3635 678 3706 animi·
697 3633 862 3708 liberasti.
894 3634 1018 3718 Quievi
1035 3632 1125 3703 illico
1146 3634 1234 3704 lecta

150 3758 378 3829 excusatione
397 3769 469 3840 tua,
484 3779 591 3849 quam
609 3756 706 3848 prius
719 3774 767 3828 ex
783 3778 843 3828 ore
864 3756 963 3826 amici
985 3754 1233 3848 praevenientis

151 3878 339 3961 audieram,
363 3879 575 3969 sed'magua
596 3880 688 3972 apud
714 3902 769 3950 rue
800 3889 856 3948 est
887 3880 1020 3948 calamo
1046 3886 1106 3947 tuo
1131 3875 1229 3949 fides

150 4001 203 4072 Ad
219 4023 290 4072 rem
310 4003 425 4074 venio.
446 4000 696 4073 sanctissimus
717 4002 879 4074 dominus
901 4011 1019 4072 noster
1040 3999 1125 4070 mihi
1146 4001 1231 4071 scri-

152 4120 233 4192 bere
253 4122 418 4213 dignatus
440 4133 511 4207 est,
534 4135 569 4194 et
590 4123 684 4215 quod
706 4123 836 4194 scribat
855 4123 960 4204 nosti:
984 4122 1117 4195 litteras
1136 4124 1228 4194 enim
