2934 4650
552 323 706 374 urrsronn
727 325 832 373 xxxvi.
1174 313 1231 373 399

159 474 232 545 tuti.
255 471 324 543 Sed
345 480 413 542 tam
431 470 499 541 alta
520 478 677 562 spectare
698 468 860 562 prohihet
882 467 1002 539 durior
1027 491 1117 541 nuuc
1138 469 1231 542 Italis

157 597 308 681 fortuna,
333 591 426 665 haud
446 590 609 686 equidem
629 613 774 685 prorsus
793 591 985 675 immerit03
1007 593 1229 686 nequeenim

156 717 323 790 iniustum
344 727 399 788 est
421 725 458 787 ut
477 737 519 787 eo
538 714 599 787 diu
619 723 769 798 careant,
797 725 867 807 q'uo
888 736 926 786 se
948 717 1037 786 ultro
1057 737 1118 807 per
1138 716 1232 787 inso-

157 843 296 913 lentiam
334 850 438 933 atque
478 838 724 932 impatientiam
770 838 971 931 spoliarunt.
1014 838 1231 931 Quamquam

158 965 241 1058 quid
262 986 327 1035 nos
348 964 476 1048 meriti,
500 962 760 1056 quosnondum
778 961 923 1032 advitae
942 962 1045 1032 limen
1064 982 1141 1033 sors
1158 962 1233 1032 vio-

158 1092 249 1162 lenta
279 1091 497 1185 proiecerat?
530 1085 600 1158 Sed
630 1109 744 1180 neque
771 1086 806 1160 id
833 1110 962 1159 novum
988 1097 1057 1170 est,
1080 1098 1233 1180 pateruae

157 1216 268 1309 culpae
294 1212 499 1309 supplicium
525 1190 698 1284 insontem
728 1211 817 1282 lerre
841 1212 1054 1304 progeniem.
1081 1188 1234 1279 Comedc-
1286 1282 1290 1291 ,

158 1347 237 1407 runt
266 1339 398 1408 acerbus
430 1359 512 1405 aratus
539 1346 650 1428 putrer
676 1337 783 1405 nostri
807 1346 839 1407 et
863 1355 934 1405 cccc
956 1336 1099 1427 filiorum
1124 1332 1233 1404 denter

159 1463 393 1556 obstupescunt.
414 1459 458 1529 Et
478 1459 621 1529 iterum:
643 1462 758 1529 Patres
771 1460 1104 1551 nostripcccuccrunt
1117 1469 1148 1526 et
1165 1481 1233 1528 troo

157 1595 251 1667 suat,
278 1593 308 1652 et
331 1604 390 1651 nos
410 1582 599 1671 iniquitates
617 1603 729 1651 corum
744 1583 961 1675 portavimus.
984 1581 1104 1674 ltaque
1132 1580 1233 1653 Tibe-

159 1706 253 1778 rinos
273 1706 424 1778 honores
448 1715 573 1777 cuncta
591 1706 722 1778 rodens
743 1706 934 1777 Rhodanus
957 1715 1067 1778 vorat.
1089 1707 1132 1778 m
1152 1725 1232 1798 quae

160 1830 369 1921 spectacula,
392 1827 482 1900 bone
507 1828 606 1899 lesul
635 1829 703 1901 Sed
733 1851 777 1899 ne
808 1828 1135 1919 congratulatoriam
1161 1829 1234 1921 epi-

160 1954 282 2023 stolam
304 1950 455 2044 querelis
477 1952 649 2045 impleam,
672 1953 716 2025 ad
738 1962 772 2022 te
792 1963 959 2023 revertor.
978 1949 1140 2022 Gratulor
1157 1951 1233 2042 qni-

158 2073 237 2145 dem
260 2072 336 2160 tihi,
358 2084 393 2145 et
414 2096 516 2168 spero
546 2075 725 2167 dignitatis
754 2085 822 2147 tuae
856 2075 1004 2167 gradum
1037 2074 1129 2145 hunc
1153 2095 1234 2145 esse

158 2219 226 2269 non
253 2199 448 2269 terminum.
472 2198 643 2268 Caeterum
662 2220 882 2292 quocumque
908 2199 1032 2292 pedem
1060 2197 1231 2278 moveriS,

159 2319 273 2391 animo
289 2342 496 2413 consequar,
512 2330 547 2392 et
566 2319 774 2414 ubicumque
787 2322 904 2406 sueriS,
919 2330 1033 2392 tecum
1047 2340 1118 2391 erc.
1133 2320 1233 2404 Quod

159 2439 189 2511 si
211 2442 427 2534 imaginariae
451 2443 647 2534 praesentiae
680 2444 797 2515 forsan
830 2464 915 2515 vera
934 2421 1173 2529 successerit,
1200 2454 1234 2515 te

159 2576 257 2656 pater
281 2564 429 2657 optime,
456 2565 714 2661 Barbatumque
738 2591 851 2640 meum
883 2569 1010 2640 eximie
1031 2569 1231 2660 gavisuros,

154 2664 353 2759 ⁸tacentibus
375 2688 456 2760 lieet
475 2683 587 2775 vobis,
610 2704 703 2764 certe
726 2693 819 2763 seio:
846 2715 915 2763 nou
941 2715 1029 2786 opus
1054 2703 1129 2766 erat
1154 2690 1235 2763 huic

161 2810 211 2880 rei
232 2811 432 2882 asserendae
455 2813 600 2883 multum
624 2823 761 2907 tempus
780 2813 990 2908 impendere.
1012 2813 1156 2886 Animos
1173 2838 1234 2886 ve-

163 2941 253 3002 stros
279 2932 371 3002 novi.
399 2933 528 3003 Verum
554 2933 589 3004 id
614 2933 678 3006 hac
706 2943 923 3026 tempestate,
957 2957 1081 3006 verum
1110 2939 1231 3021 fatear,

162 3054 406 3148 occupationes
421 3077 514 3125 meas
528 3055 824 3148 circumspiciens,
840 3079 908 3127 non
927 3069 994 3129 tam
1015 3079 1116 3154 spero
1129 3082 1233 3153 quam
1260 3088 1274 3101 ·

162 3179 273 3271 cupio.
295 3177 346 3248 Oh
369 3179 398 3250 si
418 3179 578 3273 quotiens
603 3181 730 3250 vellem
751 3193 890 3272 possem
922 3193 960 3253 ut
992 3181 1156 3269 animum,
1185 3181 1235 3253 sic

163 3323 290 3394 corpus
311 3303 376 3373 huc
396 3301 430 3372 in
452 3302 638 3395 longinqua
665 3303 910 3389 transmittere,
933 3328 1037 3398 quam
1059 3327 1154 3398 saepe
1179 3303 1234 3376 rue

152 3426 333 3519 ¹hospitem
363 3426 557 3498 haberetis!
595 3425 779 3498 Sedenim
810 3425 843 3498 id
874 3451 942 3498 uon
975 3439 1055 3499 ante
1080 3431 1234 3500 futurum

162 3551 353 3636 credimuS,
381 3573 484 3643 quarn
510 3549 733 3642 corruptibile
762 3561 797 3623 et
828 3554 974 3625 mortale
1006 3551 1101 3625 istud
1134 3563 1234 3623 natu-

164 3697 236 3747 ram
257 3673 408 3747 induerit
427 3673 666 3744 immortalem.
685 3673 780 3746 Vale.
841 3731 844 3738 .

308 3846 362 3902 llll
376 3863 463 3903 nonas
477 3848 612 3907 Octobris.
