2992 4664
200 305 258 364 aro
375 320 379 327 ·
534 316 574 362 nu
596 311 697 361 nunus
719 310 940 360 taurustaurus

200 461 378 531 bominum
391 460 519 551 quibus
529 458 672 529 consilia
682 456 1008 538 nostravincuntur,
1023 456 1153 528 idcirco
1166 459 1281 528 virtus

198 583 327 652 invicta
341 583 465 652 furenti
481 581 665 674 opponitur
676 583 833 662 fortunat,
850 601 917 648 non
928 578 1068 672 quidem
1085 580 1295 651 secundum.

111 797 113 799 ι
199 705 412 786 electionem,
433 713 471 775 ut
488 702 577 787 dixi,
596 703 661 773 sed
679 700 873 772 secundum
893 703 1111 773 necessitatis
1132 703 1282 773 inevita-

197 827 284 897 biles
305 849 345 897 ao
365 827 497 898 ferreas
518 827 625 917 leges.
647 824 693 895 At
712 845 779 915 ego
795 823 970 916 „numquid
992 845 1100 894 sanus
1121 826 1207 895 satis
1228 826 1281 896 vi·

197 948 282 1020 dear
302 949 333 1018 si
353 947 485 1018 diutius
511 970 590 1018 cum
618 946 787 1038 magistro
812 946 982 1016 virtutum
1006 946 1052 1017 de
1077 946 1209 1017 virtute
1228 947 1281 1017 di-

198 1081 349 1165 sputem,
377 1081 412 1142 et
438 1070 586 1163 probare
611 1071 716 1154 nitar,
744 1071 902 1141 idonius
930 1071 1096 1140 contrarii
1122 1069 1280 1162 probatio

197 1194 420 1288 impossibilis
443 1194 509 1278 sit,
542 1193 624 1263 utile
656 1193 714 1262 vel
735 1203 769 1262 te
790 1191 904 1263 iudice
926 1193 982 1264 vel
1007 1192 1187 1284 quolibet,
1221 1195 1280 1286 qui

199 1315 291 1385 inter
322 1316 407 1384 vitae
435 1315 539 1386 buius
558 1314 687 1386 fluetus
707 1313 930 1385 mediocriter
949 1315 1118 1405 navigare
1148 1315 1280 1386 didice-

196 1438 250 1517 rit,
282 1459 351 1507 non
381 1437 491 1506 fuisse
523 1437 705 1508 consilium
727 1435 890 1530 Syrtibus
910 1437 1104 1506 inhaerere‘l
1124 1437 1227 1520 Quod
1250 1439 1280 1507 si

196 1559 336 1630 laudem
350 1574 396 1628 ex
414 1559 614 1630 difficultate
630 1557 809 1651 captabas,
830 1558 896 1629 boc
912 1558 1027 1650 ipsum
1043 1579 1191 1630 summae
1207 1561 1280 1630 lau-

198 1681 253 1763 dis
274 1688 362 1760 erat,
384 1700 578 1769 emergere,
601 1689 637 1750 et
655 1680 691 1749 in
712 1660 849 1772 portum
875 1681 1028 1772 aliquem
1055 1683 1154 1752 salva
1176 1682 1281 1780 puppi

197 1805 394 1892 confugere.
411 1803 811 1896 impendentemiugiter
824 1804 1022 1875 cervicibus
1040 1805 1109 1875 tuis
1127 1803 1280 1894 gladium

197 1925 358 2009 videbas,
376 1947 442 1996 nee
460 1926 622 2010 timebas
642 1948 706 1997 neo
720 1936 789 1997 tam
807 1925 968 2018 ancipitis
987 1925 1035 1996 rei
1053 1927 1187 1996 exitum
1201 1940 1281 2018 m

196 2049 351 2131 videbas
366 2049 560 2142 praesertim
575 2050 729 2141 quando,
749 2046 843 2139 quod
860 2048 1030 2122 moriendi
1046 2048 1281 2118 miserrimum

197 2194 309 2262 genus
333 2180 402 2254 est,
430 2171 624 2263 intelligere
649 2184 790 2265 poteras
815 2179 964 2240 mortem
990 2180 1083 2241 tuam
1108 2182 1143 2240 et
1160 2172 1282 2241 >fructu

82 2336 86 2345 ι
197 2293 352 2387 quolibet
368 2305 404 2365 et
422 2295 532 2385 gloria
552 2297 749 2364 carituram.
772 2292 939 2375 VeneraS,
958 2313 979 2362 o
995 2290 1205 2365 miserabilis
1225 2278 1282 2362 sess

197 2437 279 2495 nex‚
302 2415 337 2484 in
359 2416 510 2484 bominis
532 2436 666 2494 manus,
688 2415 748 2505 qui
771 2413 942 2505 quidquid
961 2415 1066 2485 vellet
1086 2423 1214 2505 posset,
1235 2411 1282 2481 nil

198 2537 264 2605 nisi
285 2539 476 2631 pessimum
499 2539 592 2608 velle
608 2546 739 2629 posset.
768 2536 908 2607 Somnio
930 2536 996 2607 iam
1018 2559 1038 2608 a
1059 2538 1168 2628 prima
1190 2536 1281 2606 illius

198 2655 429 2728 familiaritate
459 2659 661 2740 deterritus,
697 2656 848 2748 vigilans
876 2657 1004 2729 deinde
1035 2655 1280 2752 multiplicibus

198 2783 414 2871 argumentis
435 2780 541 2855 fidem
562 2781 712 2852 turbidae
734 2780 863 2873 quietis
884 2801 1080 2872 acceperas.
1102 2778 1279 2869 Quinigi-

157 2967 160 2972 .
198 2913 254 2973 tur
275 2903 333 2974 tibi
355 2926 434 2976 cum
456 2906 510 2975 his
531 2905 662 2976 laribus
684 2913 755 2973 tam
775 2902 858 2973 diu?
878 2902 969 2986 Quid
988 2925 1068 2974 eum
1089 2901 1279 2973 inhumano

197 3036 410 3118 cruentoque
426 3027 618 3119 discipulo?
634 3026 725 3109 Quid
746 3048 825 3097 oum
844 3025 1075 3096 dissimillimo
1093 3026 1279 3096 comitatu?

197 3146 459 3240 Respondebis:
493 3150 647 3239 effugere
675 3150 786 3231 volui,
825 3148 889 3219 sed
920 3147 1078 3240 nequivi,
1114 3157 1149 3217 et
1182 3147 1277 3222 illum

198 3269 347 3341 Cleantis
373 3270 585 3342 versiculum
608 3272 842 3366 praetendens,
865 3271 987 3363 quoin
1008 3271 1152 3341 latinum
1174 3290 1278 3341 verso

197 3394 247 3465 uti
264 3396 382 3464 soles:

377 3551 495 3645 Ducunt
512 3582 680 3659 volentem,
698 3585 757 3646 lata
774 3560 923 3647 nolentem
942 3582 1074 3646 trabunt.
1153 3597 1157 3607 ·

197 3764 284 3835 lllud
297 3764 440 3856 insuper
453 3762 683 3856 proclamabis
702 3765 857 3836 voluisse
875 3774 908 3836 te
925 3763 1050 3857 opibus
1064 3763 1133 3834 tuis
1150 3783 1276 3833 renun-

196 3885 301 3970 ciare,
323 3889 381 3958 vel
402 3899 440 3959 ut
462 3889 512 3959 sic
531 3890 695 3982 laqueum
713 3887 882 3958 ubertatis
910 3886 1152 3979 abrumperes,
1176 3896 1277 3975 teque

197 4009 231 4076 in
253 4018 362 4080 tutum
384 4033 431 4081 ex
451 4021 547 4083 tanto
564 4012 745 4102 naufragio
762 4013 819 4083 vel
837 4011 953 4081 nudus
969 4009 1137 4102 eriperes.
1156 4008 1227 4084 Res
1242 4013 1281 4092 el

196 4133 373 4205 veteribus
396 4136 569 4208 historicis
595 4147 676 4208 nota
701 4145 768 4218 est,
792 4146 827 4206 et
852 4133 934 4204 milri
963 4132 1028 4224 ipsi
1054 4133 1192 4209 illorum
1215 4151 1274 4198 ve·
