<?xml version="1.0" encoding="UTF-8"?>
<!DOCTYPE html PUBLIC "-//W3C//DTD XHTML 1.0 Transitional//EN"
    "http://www.w3.org/TR/xhtml1/DTD/xhtml1-transitional.dtd">
<html xmlns="http://www.w3.org/1999/xhtml" xml:lang="en" lang="en">
 <head>
  <title>
</title>
<meta http-equiv="Content-Type" content="text/html;charset=utf-8" />
  <meta name='ocr-system' content='tesseract 3.04.00' />
  <meta name='ocr-capabilities' content='ocr_page ocr_carea ocr_par ocr_line ocrx_word'/>
</head>
<body>
  <div class='ocr_page' id='page_1' title='image "./franciscipetrar00fracgoog_0434.png"; bbox 0 0 2934 4650; ppageno 0'>
   <div class='ocr_carea' id='block_1_1' title="bbox 563 287 1226 353">
    <p class='ocr_par' dir='ltr' id='par_1_1' title="bbox 563 287 1226 353">
     <span class='ocr_line' id='line_1_1' title="bbox 563 287 1226 353; baseline 0.008 -11"><span class='ocrx_word' id='word_1_1' title='bbox 563 294 719 343; x_wconf 75' lang='lat' dir='ltr'>semrom</span> <span class='ocrx_word' id='word_1_2' title='bbox 742 295 824 342; x_wconf 76' lang='lat' dir='ltr'>xciv.</span> <span class='ocrx_word' id='word_1_3' title='bbox 917 326 932 353; x_wconf 84' lang='lat'><em>.</em></span> <span class='ocrx_word' id='word_1_4' title='bbox 1167 287 1226 348; x_wconf 79' lang='lat' dir='ltr'>lle</span> 
     </span>
    </p>
   </div>
   <div class='ocr_carea' id='block_1_2' title="bbox 60 434 1296 4188">
    <p class='ocr_par' dir='ltr' id='par_1_2' title="bbox 148 434 1296 2600">
     <span class='ocr_line' id='line_1_2' title="bbox 151 434 1226 531; baseline 0.006 -25"><span class='ocrx_word' id='word_1_5' title='bbox 151 434 277 525; x_wconf 87' lang='lat' dir='ltr'>tatione</span> <span class='ocrx_word' id='word_1_6' title='bbox 297 435 523 508; x_wconf 90' lang='lat' dir='ltr'>dolendarum</span> <span class='ocrx_word' id='word_1_7' title='bbox 548 457 664 506; x_wconf 89' lang='lat' dir='ltr'>rerum</span> <span class='ocrx_word' id='word_1_8' title='bbox 684 434 847 506; x_wconf 87' lang='lat' dir='ltr'>cohihere</span> <span class='ocrx_word' id='word_1_9' title='bbox 869 437 985 526; x_wconf 86' lang='lat' dir='ltr'>potui:</span> <span class='ocrx_word' id='word_1_10' title='bbox 1004 449 1075 508; x_wconf 92' lang='lat' dir='ltr'>tum</span> <span class='ocrx_word' id='word_1_11' title='bbox 1096 440 1226 531; x_wconf 92' lang='lat' dir='ltr'>liquido</span> 
     </span>
     <span class='ocr_line' id='line_1_3' title="bbox 148 556 1226 648; baseline 0.006 -21"><span class='ocrx_word' id='word_1_12' title='bbox 148 568 314 648; x_wconf 85' lang='lat' dir='ltr'>expertus</span> <span class='ocrx_word' id='word_1_13' title='bbox 342 578 420 630; x_wconf 89' lang='lat' dir='ltr'>sum</span> <span class='ocrx_word' id='word_1_14' title='bbox 446 579 535 641; x_wconf 90' lang='lat' dir='ltr'>esse,</span> <span class='ocrx_word' id='word_1_15' title='bbox 552 566 589 627; x_wconf 92' lang='lat' dir='ltr'>ut</span> <span class='ocrx_word' id='word_1_16' title='bbox 600 557 708 641; x_wconf 90' lang='lat' dir='ltr'>aiunt,</span> <span class='ocrx_word' id='word_1_17' title='bbox 727 556 841 627; x_wconf 83' lang='lat' dir='ltr'>affecti</span> <span class='ocrx_word' id='word_1_18' title='bbox 862 557 967 628; x_wconf 92' lang='lat' dir='ltr'>animi</span> <span class='ocrx_word' id='word_1_19' title='bbox 991 563 1226 634; x_wconf 86' lang='lat' dir='ltr'>motusindo·</span> 
     </span>
     <span class='ocr_line' id='line_1_4' title="bbox 148 678 1226 777; baseline 0.006 -29"><span class='ocrx_word' id='word_1_20' title='bbox 148 678 263 749; x_wconf 87' lang='lat' dir='ltr'>mltos.</span> <span class='ocrx_word' id='word_1_21' title='bbox 295 680 339 751; x_wconf 93' lang='lat' dir='ltr'>Ut</span> <span class='ocrx_word' id='word_1_22' title='bbox 358 702 443 751; x_wconf 92' lang='lat' dir='ltr'>vero</span> <span class='ocrx_word' id='word_1_23' title='bbox 472 680 642 751; x_wconf 74' lang='lat' dir='ltr'>ridentem</span> <span class='ocrx_word' id='word_1_24' title='bbox 664 680 720 751; x_wconf 90' lang='lat' dir='ltr'>ille</span> <span class='ocrx_word' id='word_1_25' title='bbox 744 700 798 751; x_wconf 89' lang='lat' dir='ltr'>me</span> <span class='ocrx_word' id='word_1_26' title='bbox 817 679 917 762; x_wconf 80' lang='lat' dir='ltr'>uidit,</span> <span class='ocrx_word' id='word_1_27' title='bbox 940 682 1118 773; x_wconf 89' lang='lat' dir='ltr'>quaesivit,</span> <span class='ocrx_word' id='word_1_28' title='bbox 1140 683 1226 777; x_wconf 88' lang='lat' dir='ltr'>quid</span> 
     </span>
     <span class='ocr_line' id='line_1_5' title="bbox 149 801 1227 897; baseline 0.007 -27"><span class='ocrx_word' id='word_1_29' title='bbox 149 801 200 871; x_wconf 92' lang='lat' dir='ltr'>rei</span> <span class='ocrx_word' id='word_1_30' title='bbox 233 809 328 872; x_wconf 89' lang='lat' dir='ltr'>esset</span> <span class='ocrx_word' id='word_1_31' title='bbox 359 801 557 874; x_wconf 90' lang='lat' dir='ltr'>admirans:</span> <span class='ocrx_word' id='word_1_32' title='bbox 592 802 733 893; x_wconf 87' lang='lat' dir='ltr'>ingenio</span> <span class='ocrx_word' id='word_1_33' title='bbox 766 801 914 895; x_wconf 89' lang='lat' dir='ltr'>impigro</span> <span class='ocrx_word' id='word_1_34' title='bbox 934 813 1010 875; x_wconf 92' lang='lat' dir='ltr'>erat</span> <span class='ocrx_word' id='word_1_35' title='bbox 1030 826 1135 897; x_wconf 89' lang='lat' dir='ltr'>opus;</span> <span class='ocrx_word' id='word_1_36' title='bbox 1162 827 1227 878; x_wconf 90' lang='lat' dir='ltr'>nec</span> 
     </span>
     <span class='ocr_line' id='line_1_6' title="bbox 149 922 1225 1019; baseline 0.006 -27"><span class='ocrx_word' id='word_1_37' title='bbox 149 924 240 993; x_wconf 90' lang='lat' dir='ltr'>enim</span> <span class='ocrx_word' id='word_1_38' title='bbox 267 923 485 1005; x_wconf 76' lang='lat' dir='ltr'>consultandi</span> <span class='ocrx_word' id='word_1_39' title='bbox 516 922 602 1016; x_wconf 92' lang='lat' dir='ltr'>quid</span> <span class='ocrx_word' id='word_1_40' title='bbox 634 925 796 1015; x_wconf 83' lang='lat' dir='ltr'>loquerer</span> <span class='ocrx_word' id='word_1_41' title='bbox 823 924 975 1017; x_wconf 92' lang='lat' dir='ltr'>spatium</span> <span class='ocrx_word' id='word_1_42' title='bbox 1003 925 1142 1019; x_wconf 89' lang='lat' dir='ltr'>inopina</span> <span class='ocrx_word' id='word_1_43' title='bbox 1168 949 1225 998; x_wconf 91' lang='lat' dir='ltr'>res</span> 
     </span>
     <span class='ocr_line' id='line_1_7' title="bbox 149 1042 1224 1139; baseline 0.007 -25"><span class='ocrx_word' id='word_1_44' title='bbox 149 1042 274 1116; x_wconf 87' lang='lat' dir='ltr'>dabat:</span> <span class='ocrx_word' id='word_1_45' title='bbox 297 1067 343 1115; x_wconf 81' lang='lat' dir='ltr'>ex</span> <span class='ocrx_word' id='word_1_46' title='bbox 363 1045 555 1139; x_wconf 88' lang='lat' dir='ltr'>improviso</span> <span class='ocrx_word' id='word_1_47' title='bbox 576 1044 858 1138; x_wconf 90' lang='lat' dir='ltr'>respondendum</span> <span class='ocrx_word' id='word_1_48' title='bbox 876 1055 951 1116; x_wconf 89' lang='lat' dir='ltr'>erat</span> <span class='ocrx_word' id='word_1_49' title='bbox 966 1072 972 1114; x_wconf 93' lang='lat'>:</span> <span class='ocrx_word' id='word_1_50' title='bbox 990 1050 1224 1121; x_wconf 74' lang='lat' dir='ltr'>verumenim</span> 
     </span>
     <span class='ocr_line' id='line_1_8' title="bbox 150 1153 1233 1262; baseline 0.009 -31"><span class='ocrx_word' id='word_1_51' title='bbox 150 1185 234 1236; x_wconf 88' lang='lat' dir='ltr'>vero</span> <span class='ocrx_word' id='word_1_52' title='bbox 250 1187 298 1236; x_wconf 81' lang='lat' dir='ltr'>ex</span> <span class='ocrx_word' id='word_1_53' title='bbox 316 1166 464 1236; x_wconf 92' lang='lat' dir='ltr'>hominis</span> <span class='ocrx_word' id='word_1_54' title='bbox 481 1166 601 1237; x_wconf 90' lang='lat' dir='ltr'>habitu</span> <span class='ocrx_word' id='word_1_55' title='bbox 623 1165 802 1237; x_wconf 79' lang='lat' dir='ltr'>materiem</span> <span class='ocrx_word' id='word_1_56' title='bbox 823 1167 1060 1257; x_wconf 84' lang='lat' dir='ltr'>responsionis</span> <span class='ocrx_word' id='word_1_57' title='bbox 1078 1153 1233 1262; x_wconf 89' lang='lat' dir='ltr'>arripio,</span> 
     </span>
     <span class='ocr_line' id='line_1_9' title="bbox 149 1272 1236 1383; baseline 0.006 -23"><span class='ocrx_word' id='word_1_58' title='bbox 149 1300 184 1360; x_wconf 95' lang='lat' dir='ltr'>et</span> <span class='ocrx_word' id='word_1_59' title='bbox 202 1288 303 1371; x_wconf 90' lang='lat' dir='ltr'>heus,</span> <span class='ocrx_word' id='word_1_60' title='bbox 326 1288 488 1381; x_wconf 89' lang='lat' dir='ltr'>inquam,</span> <span class='ocrx_word' id='word_1_61' title='bbox 504 1289 583 1382; x_wconf 90' lang='lat' dir='ltr'>quis</span> <span class='ocrx_word' id='word_1_62' title='bbox 606 1312 673 1361; x_wconf 93' lang='lat' dir='ltr'>non</span> <span class='ocrx_word' id='word_1_63' title='bbox 695 1299 841 1383; x_wconf 90' lang='lat' dir='ltr'>stupens</span> <span class='ocrx_word' id='word_1_64' title='bbox 871 1272 984 1361; x_wconf 86' lang='lat' dir='ltr'>rideat</span> <span class='ocrx_word' id='word_1_65' title='bbox 1008 1293 1071 1383; x_wconf 91' lang='lat' dir='ltr'>qui</span> <span class='ocrx_word' id='word_1_66' title='bbox 1097 1304 1131 1365; x_wconf 90' lang='lat' dir='ltr'>te</span> <span class='ocrx_word' id='word_1_67' title='bbox 1152 1288 1236 1366; x_wconf 61' lang='lat' dir='ltr'>me-</span> 
     </span>
     <span class='ocr_line' id='line_1_10' title="bbox 148 1410 1225 1504; baseline 0.006 -24"><span class='ocrx_word' id='word_1_68' title='bbox 148 1411 287 1481; x_wconf 90' lang='lat' dir='ltr'>minerit</span> <span class='ocrx_word' id='word_1_69' title='bbox 306 1433 482 1482; x_wconf 87' lang='lat' dir='ltr'>armorum</span> <span class='ocrx_word' id='word_1_70' title='bbox 504 1412 613 1502; x_wconf 87' lang='lat' dir='ltr'>gloria</span> <span class='ocrx_word' id='word_1_71' title='bbox 631 1415 734 1504; x_wconf 91' lang='lat' dir='ltr'>paulo</span> <span class='ocrx_word' id='word_1_72' title='bbox 751 1422 833 1483; x_wconf 91' lang='lat' dir='ltr'>ante</span> <span class='ocrx_word' id='word_1_73' title='bbox 850 1410 1097 1497; x_wconf 88' lang='lat' dir='ltr'>clarissimum,</span> <span class='ocrx_word' id='word_1_74' title='bbox 1123 1437 1225 1487; x_wconf 85' lang='lat' dir='ltr'>eum·</span> 
     </span>
     <span class='ocr_line' id='line_1_11' title="bbox 148 1531 1222 1627; baseline 0.005 -24"><span class='ocrx_word' id='word_1_75' title='bbox 148 1532 296 1625; x_wconf 89' lang='lat' dir='ltr'>demque</span> <span class='ocrx_word' id='word_1_76' title='bbox 327 1555 420 1604; x_wconf 93' lang='lat' dir='ltr'>nunc</span> <span class='ocrx_word' id='word_1_77' title='bbox 451 1531 570 1605; x_wconf 90' lang='lat' dir='ltr'>videat</span> <span class='ocrx_word' id='word_1_78' title='bbox 594 1544 690 1604; x_wconf 92' lang='lat' dir='ltr'>tanta</span> <span class='ocrx_word' id='word_1_79' title='bbox 715 1535 827 1624; x_wconf 86' lang='lat' dir='ltr'>gratia</span> <span class='ocrx_word' id='word_1_80' title='bbox 851 1532 1026 1623; x_wconf 78' lang='lat' dir='ltr'>religionis</span> <span class='ocrx_word' id='word_1_81' title='bbox 1048 1535 1222 1627; x_wconf 80' lang='lat' dir='ltr'>insignem</span> 
     </span>
     <span class='ocr_line' id='line_1_12' title="bbox 149 1654 1224 1747; baseline 0.004 -21"><span class='ocrx_word' id='word_1_82' title='bbox 149 1666 332 1747; x_wconf 90' lang='lat' dir='ltr'>utramque</span> <span class='ocrx_word' id='word_1_83' title='bbox 365 1655 448 1726; x_wconf 88' lang='lat' dir='ltr'>vitae</span> <span class='ocrx_word' id='word_1_84' title='bbox 478 1655 572 1726; x_wconf 90' lang='lat' dir='ltr'>viam</span> <span class='ocrx_word' id='word_1_85' title='bbox 602 1658 746 1726; x_wconf 92' lang='lat' dir='ltr'>multum</span> <span class='ocrx_word' id='word_1_86' title='bbox 774 1654 925 1726; x_wconf 89' lang='lat' dir='ltr'>diversis</span> <span class='ocrx_word' id='word_1_87' title='bbox 953 1655 1079 1727; x_wconf 90' lang='lat' dir='ltr'>studiis</span> <span class='ocrx_word' id='word_1_88' title='bbox 1105 1656 1224 1730; x_wconf 88' lang='lat' dir='ltr'>brevis</span> 
     </span>
     <span class='ocr_line' id='line_1_13' title="bbox 149 1776 1224 1878; baseline 0.005 -31"><span class='ocrx_word' id='word_1_89' title='bbox 149 1776 261 1869; x_wconf 90' lang='lat' dir='ltr'>spatio</span> <span class='ocrx_word' id='word_1_90' title='bbox 285 1776 459 1878; x_wconf 28' lang='lat' dir='ltr'>‘temporis</span> <span class='ocrx_word' id='word_1_91' title='bbox 492 1777 721 1848; x_wconf 75' lang='lat' dir='ltr'>honestasse?</span> <span class='ocrx_word' id='word_1_92' title='bbox 751 1776 877 1846; x_wconf 86' lang='lat' dir='ltr'>Laetari</span> <span class='ocrx_word' id='word_1_93' title='bbox 917 1778 1090 1868; x_wconf 62' lang='lat' dir='ltr'>praeconio</span> <span class='ocrx_word' id='word_1_94' title='bbox 1122 1780 1224 1853; x_wconf 90' lang='lat' dir='ltr'>visus</span> 
     </span>
     <span class='ocr_line' id='line_1_14' title="bbox 148 1896 1245 1990; baseline 0.001 -22"><span class='ocrx_word' id='word_1_95' title='bbox 148 1909 216 1981; x_wconf 91' lang='lat' dir='ltr'>est,</span> <span class='ocrx_word' id='word_1_96' title='bbox 246 1906 281 1968; x_wconf 90' lang='lat' dir='ltr'>et</span> <span class='ocrx_word' id='word_1_97' title='bbox 312 1919 417 1969; x_wconf 91' lang='lat' dir='ltr'>rauco</span> <span class='ocrx_word' id='word_1_98' title='bbox 448 1900 573 1990; x_wconf 89' lang='lat' dir='ltr'>plausu</span> <span class='ocrx_word' id='word_1_99' title='bbox 598 1898 736 1969; x_wconf 93' lang='lat' dir='ltr'>titulum</span> <span class='ocrx_word' id='word_1_100' title='bbox 762 1896 895 1968; x_wconf 79' lang='lat' dir='ltr'>bellicae</span> <span class='ocrx_word' id='word_1_101' title='bbox 921 1896 1035 1986; x_wconf 91' lang='lat' dir='ltr'>laudis</span> <span class='ocrx_word' id='word_1_102' title='bbox 1062 1900 1245 1990; x_wconf 9' lang='lat' dir='ltr'>amplecti!</span> 
     </span>
     <span class='ocr_line' id='line_1_15' title="bbox 149 2006 1226 2111; baseline 0.005 -23"><span class='ocrx_word' id='word_1_103' title='bbox 149 2040 257 2111; x_wconf 89' lang='lat' dir='ltr'>seque</span> <span class='ocrx_word' id='word_1_104' title='bbox 277 2021 434 2111; x_wconf 91' lang='lat' dir='ltr'>protinus</span> <span class='ocrx_word' id='word_1_105' title='bbox 456 2018 490 2087; x_wconf 90' lang='lat' dir='ltr'>in</span> <span class='ocrx_word' id='word_1_106' title='bbox 512 2021 601 2090; x_wconf 91' lang='lat' dir='ltr'>talos</span> <span class='ocrx_word' id='word_1_107' title='bbox 622 2006 793 2100; x_wconf 90' lang='lat' dir='ltr'>attollere,</span> <span class='ocrx_word' id='word_1_108' title='bbox 812 2039 882 2110; x_wconf 93' lang='lat' dir='ltr'>quo</span> <span class='ocrx_word' id='word_1_109' title='bbox 899 2019 1137 2109; x_wconf 80' lang='lat' dir='ltr'>grandiusculi</span> <span class='ocrx_word' id='word_1_110' title='bbox 1157 2022 1226 2092; x_wconf 88' lang='lat' dir='ltr'>ior·</span> 
     </span>
     <span class='ocr_line' id='line_1_16' title="bbox 149 2121 1225 2229; baseline 0.005 -17"><span class='ocrx_word' id='word_1_111' title='bbox 149 2124 238 2212; x_wconf 90' lang='lat' dir='ltr'>mam</span> <span class='ocrx_word' id='word_1_112' title='bbox 260 2121 437 2214; x_wconf 79' lang='lat' dir='ltr'>bellatoris</span> <span class='ocrx_word' id='word_1_113' title='bbox 458 2139 628 2213; x_wconf 91' lang='lat' dir='ltr'>indueret.</span> <span class='ocrx_word' id='word_1_114' title='bbox 651 2141 734 2210; x_wconf 88' lang='lat' dir='ltr'>Haec</span> <span class='ocrx_word' id='word_1_115' title='bbox 759 2140 849 2211; x_wconf 90' lang='lat' dir='ltr'>inter</span> <span class='ocrx_word' id='word_1_116' title='bbox 875 2140 1140 2229; x_wconf 81' lang='lat' dir='ltr'>discubuimus,</span> <span class='ocrx_word' id='word_1_117' title='bbox 1168 2146 1225 2217; x_wconf 93' lang='lat' dir='ltr'>ille</span> 
     </span>
     <span class='ocr_line' id='line_1_17' title="bbox 148 2260 1222 2358; baseline 0.003 -25"><span class='ocrx_word' id='word_1_118' title='bbox 148 2265 272 2356; x_wconf 91' lang='lat' dir='ltr'>plenus</span> <span class='ocrx_word' id='word_1_119' title='bbox 293 2263 412 2334; x_wconf 88' lang='lat' dir='ltr'>laetitia</span> <span class='ocrx_word' id='word_1_120' title='bbox 432 2262 510 2333; x_wconf 91' lang='lat' dir='ltr'>cibo</span> <span class='ocrx_word' id='word_1_121' title='bbox 531 2262 646 2333; x_wconf 79' lang='lat' dir='ltr'>feriari</span> <span class='ocrx_word' id='word_1_122' title='bbox 671 2272 871 2347; x_wconf 88' lang='lat' dir='ltr'>contentus,</span> <span class='ocrx_word' id='word_1_123' title='bbox 908 2260 1028 2334; x_wconf 88' lang='lat' dir='ltr'>hibere</span> <span class='ocrx_word' id='word_1_124' title='bbox 1054 2273 1089 2335; x_wconf 91' lang='lat' dir='ltr'>et</span> <span class='ocrx_word' id='word_1_125' title='bbox 1113 2265 1222 2358; x_wconf 88' lang='lat' dir='ltr'>loqui,</span> 
     </span>
     <span class='ocr_line' id='line_1_18' title="bbox 148 2382 1296 2474; baseline -0.005 -19"><span class='ocrx_word' id='word_1_126' title='bbox 148 2406 215 2474; x_wconf 84' lang='lat' dir='ltr'>ego</span> <span class='ocrx_word' id='word_1_127' title='bbox 247 2396 364 2455; x_wconf 90' lang='lat' dir='ltr'>autem</span> <span class='ocrx_word' id='word_1_128' title='bbox 398 2384 483 2454; x_wconf 91' lang='lat' dir='ltr'>satis</span> <span class='ocrx_word' id='word_1_129' title='bbox 517 2382 621 2454; x_wconf 94' lang='lat' dir='ltr'>hahui</span> <span class='ocrx_word' id='word_1_130' title='bbox 648 2382 770 2455; x_wconf 90' lang='lat' dir='ltr'>audire</span> <span class='ocrx_word' id='word_1_131' title='bbox 797 2394 833 2453; x_wconf 92' lang='lat' dir='ltr'>et</span> <span class='ocrx_word' id='word_1_132' title='bbox 857 2385 973 2468; x_wconf 89' lang='lat' dir='ltr'>silere,</span> <span class='ocrx_word' id='word_1_133' title='bbox 1007 2393 1043 2455; x_wconf 91' lang='lat' dir='ltr'>et</span> <span class='ocrx_word' id='word_1_134' title='bbox 1071 2385 1225 2456; x_wconf 87' lang='lat' dir='ltr'>vicissim</span> <span class='ocrx_word' id='word_1_135' title='bbox 1292 2441 1296 2449; x_wconf 36' lang='lat' dir='ltr'><em>s</em></span> 
     </span>
     <span class='ocr_line' id='line_1_19' title="bbox 149 2505 1226 2600; baseline 0.003 -25"><span class='ocrx_word' id='word_1_136' title='bbox 149 2507 343 2598; x_wconf 89' lang='lat' dir='ltr'>erumpenti</span> <span class='ocrx_word' id='word_1_137' title='bbox 376 2507 544 2578; x_wconf 91' lang='lat' dir='ltr'>cachinno</span> <span class='ocrx_word' id='word_1_138' title='bbox 576 2508 685 2577; x_wconf 87' lang='lat' dir='ltr'>iraena</span> <span class='ocrx_word' id='word_1_139' title='bbox 720 2505 983 2596; x_wconf 84' lang='lat' dir='ltr'>substringere,</span> <span class='ocrx_word' id='word_1_140' title='bbox 1018 2528 1098 2577; x_wconf 93' lang='lat' dir='ltr'>cum</span> <span class='ocrx_word' id='word_1_141' title='bbox 1133 2515 1226 2600; x_wconf 83' lang='lat' dir='ltr'>totus</span> 
     </span>
    </p>

    <p class='ocr_par' dir='ltr' id='par_1_3' title="bbox 60 2612 1228 3207">
     <span class='ocr_line' id='line_1_20' title="bbox 60 2612 1227 2720; baseline 0.003 -23"><span class='ocrx_word' id='word_1_142' title='bbox 60 2612 62 2615; x_wconf 35' lang='lat'>⁵</span> <span class='ocrx_word' id='word_1_143' title='bbox 149 2649 218 2698; x_wconf 91' lang='lat' dir='ltr'>non</span> <span class='ocrx_word' id='word_1_144' title='bbox 252 2629 318 2699; x_wconf 89' lang='lat' dir='ltr'>nisi</span> <span class='ocrx_word' id='word_1_145' title='bbox 354 2627 398 2699; x_wconf 92' lang='lat' dir='ltr'>de</span> <span class='ocrx_word' id='word_1_146' title='bbox 428 2651 464 2700; x_wconf 92' lang='lat' dir='ltr'>re</span> <span class='ocrx_word' id='word_1_147' title='bbox 497 2628 635 2700; x_wconf 92' lang='lat' dir='ltr'>militari</span> <span class='ocrx_word' id='word_1_148' title='bbox 669 2648 784 2703; x_wconf 89' lang='lat' dir='ltr'>sermo</span> <span class='ocrx_word' id='word_1_149' title='bbox 816 2637 926 2712; x_wconf 90' lang='lat' dir='ltr'>esset,</span> <span class='ocrx_word' id='word_1_150' title='bbox 952 2628 1101 2720; x_wconf 82' lang='lat' dir='ltr'>qualiter</span> <span class='ocrx_word' id='word_1_151' title='bbox 1130 2650 1227 2700; x_wconf 91' lang='lat' dir='ltr'>arma</span> 
     </span>
     <span class='ocr_line' id='line_1_21' title="bbox 152 2748 1228 2843; baseline -0.001 -22"><span class='ocrx_word' id='word_1_152' title='bbox 152 2749 334 2833; x_wconf 88' lang='lat' dir='ltr'>movenda,</span> <span class='ocrx_word' id='word_1_153' title='bbox 356 2749 504 2840; x_wconf 92' lang='lat' dir='ltr'>qualiter</span> <span class='ocrx_word' id='word_1_154' title='bbox 527 2748 703 2820; x_wconf 86' lang='lat' dir='ltr'>feriendus</span> <span class='ocrx_word' id='word_1_155' title='bbox 724 2750 855 2833; x_wconf 91' lang='lat' dir='ltr'>hostis,</span> <span class='ocrx_word' id='word_1_156' title='bbox 879 2749 1027 2843; x_wconf 91' lang='lat' dir='ltr'>qualiter</span> <span class='ocrx_word' id='word_1_157' title='bbox 1052 2749 1228 2820; x_wconf 91' lang='lat' dir='ltr'>declinan-</span> 
     </span>
     <span class='ocr_line' id='line_1_22' title="bbox 151 2868 1227 2963; baseline -0.001 -21"><span class='ocrx_word' id='word_1_158' title='bbox 151 2873 228 2942; x_wconf 89' lang='lat' dir='ltr'>dus.</span> <span class='ocrx_word' id='word_1_159' title='bbox 261 2870 503 2941; x_wconf 91' lang='lat' dir='ltr'>Phormionem</span> <span class='ocrx_word' id='word_1_160' title='bbox 535 2871 632 2940; x_wconf 90' lang='lat' dir='ltr'>illum</span> <span class='ocrx_word' id='word_1_161' title='bbox 666 2870 818 2954; x_wconf 89' lang='lat' dir='ltr'>diceres,</span> <span class='ocrx_word' id='word_1_162' title='bbox 844 2871 911 2941; x_wconf 88' lang='lat' dir='ltr'>uisi</span> <span class='ocrx_word' id='word_1_163' title='bbox 933 2868 1027 2963; x_wconf 91' lang='lat' dir='ltr'>quod</span> <span class='ocrx_word' id='word_1_164' title='bbox 1047 2893 1114 2961; x_wconf 82' lang='lat' dir='ltr'>ego</span> <span class='ocrx_word' id='word_1_165' title='bbox 1135 2873 1227 2944; x_wconf 90' lang='lat' dir='ltr'>Han-</span> 
     </span>
     <span class='ocr_line' id='line_1_23' title="bbox 152 2989 1227 3083; baseline 0.006 -23"><span class='ocrx_word' id='word_1_166' title='bbox 152 2989 245 3061; x_wconf 90' lang='lat' dir='ltr'>nibal</span> <span class='ocrx_word' id='word_1_167' title='bbox 263 3012 330 3059; x_wconf 89' lang='lat' dir='ltr'>non</span> <span class='ocrx_word' id='word_1_168' title='bbox 347 3010 458 3059; x_wconf 90' lang='lat' dir='ltr'>eram:</span> <span class='ocrx_word' id='word_1_169' title='bbox 474 2999 639 3060; x_wconf 88' lang='lat' dir='ltr'>caeterum</span> <span class='ocrx_word' id='word_1_170' title='bbox 664 2991 772 3062; x_wconf 91' lang='lat' dir='ltr'>nostri</span> <span class='ocrx_word' id='word_1_171' title='bbox 792 3012 932 3083; x_wconf 92' lang='lat' dir='ltr'>quoque</span> <span class='ocrx_word' id='word_1_172' title='bbox 952 2992 1095 3064; x_wconf 89' lang='lat' dir='ltr'>seniculi</span> <span class='ocrx_word' id='word_1_173' title='bbox 1119 2994 1227 3066; x_wconf 91' lang='lat' dir='ltr'>mirus</span> 
     </span>
     <span class='ocr_line' id='line_1_24' title="bbox 152 3093 1228 3207; baseline 0.004 -23"><span class='ocrx_word' id='word_1_174' title='bbox 152 3116 281 3197; x_wconf 88' lang='lat' dir='ltr'>fervor,</span> <span class='ocrx_word' id='word_1_175' title='bbox 314 3122 351 3183; x_wconf 90' lang='lat' dir='ltr'>et</span> <span class='ocrx_word' id='word_1_176' title='bbox 382 3112 593 3185; x_wconf 84' lang='lat' dir='ltr'>inexhausta</span> <span class='ocrx_word' id='word_1_177' title='bbox 618 3112 718 3205; x_wconf 88' lang='lat' dir='ltr'>copia</span> <span class='ocrx_word' id='word_1_178' title='bbox 744 3114 938 3207; x_wconf 81' lang='lat' dir='ltr'>peregrinae</span> <span class='ocrx_word' id='word_1_179' title='bbox 964 3093 1128 3187; x_wconf 89' lang='lat' dir='ltr'>materiae.</span> <span class='ocrx_word' id='word_1_180' title='bbox 1151 3117 1228 3188; x_wconf 38' lang='lat' dir='ltr'>Sin-⁸</span> 
     </span>
    </p>

    <p class='ocr_par' dir='ltr' id='par_1_4' title="bbox 114 3218 1235 4188">
     <span class='ocr_line' id='line_1_25' title="bbox 114 3218 1227 3348; baseline 0.003 -40"><span class='ocrx_word' id='word_1_181' title='bbox 114 3218 116 3220; x_wconf 41' lang='grc'><strong>’</strong></span> <span class='ocrx_word' id='word_1_182' title='bbox 152 3235 234 3328; x_wconf 82' lang='lat' dir='ltr'>gula</span> <span class='ocrx_word' id='word_1_183' title='bbox 267 3243 352 3307; x_wconf 93' lang='lat' dir='ltr'>nutu</span> <span class='ocrx_word' id='word_1_184' title='bbox 381 3233 523 3328; x_wconf 90' lang='lat' dir='ltr'>quidem</span> <span class='ocrx_word' id='word_1_185' title='bbox 552 3219 904 3330; x_wconf 53' lang='lat' dir='ltr'>approbabamsnam</span> <span class='ocrx_word' id='word_1_186' title='bbox 927 3258 991 3308; x_wconf 89' lang='lat' dir='ltr'>nec</span> <span class='ocrx_word' id='word_1_187' title='bbox 1011 3239 1227 3348; x_wconf 34' lang='lat' dir='ltr'>loquihpote-</span> 
     </span>
     <span class='ocr_line' id='line_1_26' title="bbox 152 3357 1227 3463; baseline 0.001 -33"><span class='ocrx_word' id='word_1_188' title='bbox 152 3382 241 3443; x_wconf 90' lang='lat' dir='ltr'>ram,</span> <span class='ocrx_word' id='word_1_189' title='bbox 272 3381 336 3430; x_wconf 92' lang='lat' dir='ltr'>nec</span> <span class='ocrx_word' id='word_1_190' title='bbox 370 3359 398 3430; x_wconf 92' lang='lat' dir='ltr'>si</span> <span class='ocrx_word' id='word_1_191' title='bbox 432 3379 588 3451; x_wconf 91' lang='lat' dir='ltr'>possem,</span> <span class='ocrx_word' id='word_1_192' title='bbox 622 3361 679 3430; x_wconf 93' lang='lat' dir='ltr'>ille</span> <span class='ocrx_word' id='word_1_193' title='bbox 712 3357 949 3463; x_wconf 80' lang='lat' dir='ltr'>permitteret:</span> <span class='ocrx_word' id='word_1_194' title='bbox 975 3360 1026 3430; x_wconf 89' lang='lat' dir='ltr'>sic</span> <span class='ocrx_word' id='word_1_195' title='bbox 1049 3370 1144 3440; x_wconf 51' lang='lat' dir='ltr'>¹totus</span> <span class='ocrx_word' id='word_1_196' title='bbox 1170 3360 1227 3430; x_wconf 92' lang='lat' dir='ltr'>ille</span> 
     </span>
     <span class='ocr_line' id='line_1_27' title="bbox 152 3457 1235 3575; baseline 0 -20"><span class='ocrx_word' id='word_1_197' title='bbox 152 3481 348 3555; x_wconf 90' lang='lat' dir='ltr'>transiisset</span> <span class='ocrx_word' id='word_1_198' title='bbox 366 3482 455 3565; x_wconf 81' lang='lat' dir='ltr'>dise,</span> <span class='ocrx_word' id='word_1_199' title='bbox 477 3480 542 3552; x_wconf 93' lang='lat' dir='ltr'>nisi</span> <span class='ocrx_word' id='word_1_200' title='bbox 562 3482 737 3574; x_wconf 93' lang='lat' dir='ltr'>publicum</span> <span class='ocrx_word' id='word_1_201' title='bbox 759 3457 994 3575; x_wconf 73' lang='lat' dir='ltr'>horologium,</span> <span class='ocrx_word' id='word_1_202' title='bbox 1016 3481 1235 3574; x_wconf 86' lang='lat' dir='ltr'>quoultimo</span> 
     </span>
     <span class='ocr_line' id='line_1_28' title="bbox 151 3601 1227 3700; baseline -0.001 -25"><span class='ocrx_word' id='word_1_203' title='bbox 151 3607 293 3676; x_wconf 88' lang='lat' dir='ltr'>inuento</span> <span class='ocrx_word' id='word_1_204' title='bbox 314 3626 375 3698; x_wconf 90' lang='lat' dir='ltr'>per</span> <span class='ocrx_word' id='word_1_205' title='bbox 394 3625 516 3700; x_wconf 79' lang='lat' dir='ltr'>omnes</span> <span class='ocrx_word' id='word_1_206' title='bbox 535 3607 607 3676; x_wconf 88' lang='lat' dir='ltr'>lere</span> <span class='ocrx_word' id='word_1_207' title='bbox 629 3603 696 3675; x_wconf 91' lang='lat' dir='ltr'>iam</span> <span class='ocrx_word' id='word_1_208' title='bbox 719 3604 902 3697; x_wconf 88' lang='lat' dir='ltr'>Cisalpinae</span> <span class='ocrx_word' id='word_1_209' title='bbox 927 3601 1047 3674; x_wconf 78' lang='lat' dir='ltr'>Galliae</span> <span class='ocrx_word' id='word_1_210' title='bbox 1067 3601 1227 3674; x_wconf 82' lang='lat' dir='ltr'>ciuitates</span> 
     </span>
     <span class='ocr_line' id='line_1_29' title="bbox 152 3725 1227 3820; baseline -0.003 -21"><span class='ocrx_word' id='word_1_211' title='bbox 152 3728 314 3800; x_wconf 90' lang='lat' dir='ltr'>metimur</span> <span class='ocrx_word' id='word_1_212' title='bbox 352 3735 527 3820; x_wconf 88' lang='lat' dir='ltr'>tempora,</span> <span class='ocrx_word' id='word_1_213' title='bbox 571 3727 727 3819; x_wconf 88' lang='lat' dir='ltr'>praelium</span> <span class='ocrx_word' id='word_1_214' title='bbox 764 3725 964 3797; x_wconf 88' lang='lat' dir='ltr'>diremisset</span> <span class='ocrx_word' id='word_1_215' title='bbox 982 3750 1002 3808; x_wconf 78' lang='lat'>3·</span> <span class='ocrx_word' id='word_1_216' title='bbox 1028 3725 1227 3797; x_wconf 90' lang='lat' dir='ltr'>admonitus</span> 
     </span>
     <span class='ocr_line' id='line_1_30' title="bbox 150 3847 1228 3940; baseline -0.002 -18"><span class='ocrx_word' id='word_1_217' title='bbox 150 3852 243 3922; x_wconf 91' lang='lat' dir='ltr'>enim</span> <span class='ocrx_word' id='word_1_218' title='bbox 257 3851 348 3922; x_wconf 89' lang='lat' dir='ltr'>diem</span> <span class='ocrx_word' id='word_1_219' title='bbox 363 3848 421 3932; x_wconf 91' lang='lat' dir='ltr'>ire,</span> <span class='ocrx_word' id='word_1_220' title='bbox 442 3850 606 3921; x_wconf 86' lang='lat' dir='ltr'>surrexit.</span> <span class='ocrx_word' id='word_1_221' title='bbox 624 3850 699 3940; x_wconf 86' lang='lat' dir='ltr'>Ego</span> <span class='ocrx_word' id='word_1_222' title='bbox 716 3850 811 3919; x_wconf 95' lang='lat' dir='ltr'>illum</span> <span class='ocrx_word' id='word_1_223' title='bbox 829 3847 873 3917; x_wconf 93' lang='lat' dir='ltr'>ad</span> <span class='ocrx_word' id='word_1_224' title='bbox 891 3847 995 3918; x_wconf 93' lang='lat' dir='ltr'>limen</span> <span class='ocrx_word' id='word_1_225' title='bbox 1012 3869 1090 3919; x_wconf 90' lang='lat' dir='ltr'>cum</span> <span class='ocrx_word' id='word_1_226' title='bbox 1110 3848 1228 3940; x_wconf 88' lang='lat' dir='ltr'>pueris</span> 
     </span>
     <span class='ocr_line' id='line_1_31' title="bbox 152 3969 1228 4065; baseline -0.004 -19"><span class='ocrx_word' id='word_1_227' title='bbox 152 3982 355 4065; x_wconf 88' lang='lat' dir='ltr'>prosecutus</span> <span class='ocrx_word' id='word_1_228' title='bbox 390 3992 483 4057; x_wconf 88' lang='lat' dir='ltr'>sum,</span> <span class='ocrx_word' id='word_1_229' title='bbox 514 3981 550 4042; x_wconf 90' lang='lat' dir='ltr'>et</span> <span class='ocrx_word' id='word_1_230' title='bbox 578 3972 761 4063; x_wconf 85' lang='lat' dir='ltr'>egregium</span> <span class='ocrx_word' id='word_1_231' title='bbox 791 3970 993 4040; x_wconf 87' lang='lat' dir='ltr'>bellatorem</span> <span class='ocrx_word' id='word_1_232' title='bbox 1018 3969 1081 4040; x_wconf 82' lang='lat' dir='ltr'>vix</span> <span class='ocrx_word' id='word_1_233' title='bbox 1107 3991 1228 4042; x_wconf 92' lang='lat' dir='ltr'>omnes</span> 
     </span>
     <span class='ocr_line' id='line_1_32' title="bbox 154 4091 1228 4188; baseline 0.001 -24"><span class='ocrx_word' id='word_1_234' title='bbox 154 4098 359 4170; x_wconf 87' lang='lat' dir='ltr'>sustulimus</span> <span class='ocrx_word' id='word_1_235' title='bbox 377 4095 414 4166; x_wconf 91' lang='lat' dir='ltr'>in</span> <span class='ocrx_word' id='word_1_236' title='bbox 429 4106 566 4187; x_wconf 81' lang='lat' dir='ltr'>tergum</span> <span class='ocrx_word' id='word_1_237' title='bbox 585 4098 681 4188; x_wconf 91' lang='lat' dir='ltr'>equi,</span> <span class='ocrx_word' id='word_1_238' title='bbox 704 4093 757 4168; x_wconf 92' lang='lat' dir='ltr'>cui</span> <span class='ocrx_word' id='word_1_239' title='bbox 783 4091 829 4166; x_wconf 93' lang='lat' dir='ltr'>ad</span> <span class='ocrx_word' id='word_1_240' title='bbox 852 4094 995 4187; x_wconf 82' lang='lat' dir='ltr'>capellae</span> <span class='ocrx_word' id='word_1_241' title='bbox 1024 4094 1228 4187; x_wconf 86' lang='lat' dir='ltr'>squallentis</span> 
     </span>
    </p>
   </div>
   <div class='ocr_carea' id='block_1_3' title="bbox 0 0 1477 4650">
    <p class='ocr_par' dir='ltr' id='par_1_5' title="bbox 0 0 1477 4650">
     <span class='ocr_line' id='line_1_33' title="bbox 0 0 1477 4650; baseline 0 0"><span class='ocrx_word' id='word_1_242' title='bbox 0 0 1477 4650; x_wconf 95' lang='lat' dir='ltr'> </span> 
     </span>
    </p>
   </div>
  </div>
 </body>
</html>
