2934 4650
209 292 268 353 tal
671 301 834 353 rauranum

210 449 361 530 viscum,
382 459 418 520 et
436 467 499 518 vos
520 446 665 518 famelici
686 447 847 537 luporum
869 466 997 536 greges
1018 444 1205 519 obsident.
1232 448 1304 519 Cir·

210 569 413 665 cumspioite
433 568 657 660 vigilantibus
682 569 822 652 animis,
849 579 886 638 et
909 566 1028 639 videre
1054 581 1095 641 ut
1120 570 1300 663 quidquid

209 693 351 765 omnino
370 692 533 783 cogitatis
553 689 722 784 quidquid
743 690 846 781 agitis
869 689 1061 762 libertatem
1084 693 1219 784 sapiat.
1243 693 1298 764 Ad

210 814 300 885 banc
334 835 438 885 unam
471 835 567 884 curae
596 812 795 904 vigiliaeque
822 820 968 898 vestrae,
990 813 1035 884 ad
1058 813 1149 884 banc
1172 836 1297 886 omues
1398 869 1399 872 ,

208 936 362 1008 omnium
395 937 591 1030 pertineant
626 935 803 1017 actiones;
836 933 1006 1026 quidquid
1040 947 1173 1027 praeter
1205 938 1296 1008 banc

206 1062 323 1152 agitur
337 1062 395 1129 vel
413 1056 672 1151 irreparabilem
695 1057 861 1128 iacturam
877 1058 1052 1149 temporis,
1070 1059 1127 1128 vel
1146 1057 1294 1131 insidias

208 1180 390 1253 aestimate.
412 1179 519 1250 Amor
539 1178 732 1250 immeritus
753 1200 858 1271 quem
885 1176 930 1248 ad
955 1189 1124 1272 tyrannos
1150 1192 1292 1253 vestros

207 1306 312 1394 longo
343 1323 410 1373 usu
440 1301 586 1372 forsitan
611 1301 836 1393 concepistis,
860 1311 896 1371 et
916 1299 1106 1370 allectionis
1133 1300 1292 1392 indignae

206 1424 374 1497 memoria
393 1424 506 1495 omnis
528 1444 575 1494 ex
596 1423 795 1514 pectoribus
816 1422 948 1495 vestris
971 1421 1121 1493 excidat.
1143 1423 1190 1492 Et
1217 1445 1291 1495 ser·

204 1569 274 1618 vus
307 1544 499 1640 superbum
531 1544 709 1614 domiuum
744 1544 788 1616 ad
819 1555 956 1639 tempus
981 1544 1079 1630 colit,
1105 1552 1142 1615 et
1167 1548 1291 1618 clausa

82 1727 87 1733 .
205 1667 404 1760 possessori
437 1688 501 1739 suo
533 1666 611 1737 avis
643 1665 776 1751 alludit,
814 1679 850 1738 ct
881 1667 994 1738 illesi
1020 1667 1120 1738 liceat
1146 1677 1290 1740 catenas

206 1790 376 1874 excutiet,
399 1798 435 1861 et
455 1790 531 1860 baec
547 1790 575 1859 si
601 1789 704 1860 detur
723 1790 851 1873 exitus,
873 1789 1001 1883 cupido
1024 1789 1133 1881 fugiet
1154 1793 1288 1863 volatu.

206 1913 386 1998 Servistis,
421 1912 605 1985 clarissimi
643 1912 758 1995 cives,
795 1910 925 2004 quibus
963 1932 1086 1981 omnes
1126 1912 1289 1984 nationes

206 2036 341 2110 servire
373 2043 645 2117 consueverant,
679 2044 715 2104 et
745 2054 895 2126 quorum
918 2032 985 2104 sub
1007 2032 1157 2126 pedibus
1183 2057 1290 2128 reges

205 2169 304 2232 eraut
325 2159 392 2230 sub
414 2179 604 2253 paucorum
626 2154 809 2251 tyrannide
838 2155 1015 2239 iacuistis3
1048 2157 1217 2250 quodque
1244 2157 1290 2230 ad

205 2283 334 2355 doloris
355 2279 489 2352 accedit
505 2289 541 2349 et
557 2277 702 2372 pudoris
714 2280 901 2362 cumulum,
922 2278 1131 2351 adventitios
1149 2290 1186 2351 et
1201 2281 1289 2352 alie-

204 2407 352 2498 nigeuas
384 2401 545 2474 dominos
580 2399 765 2471 habuistis.
803 2400 946 2472 Decoris
980 2403 1090 2474 vestri
1128 2405 1289 2476 fortuna-

203 2546 352 2618 rumque
390 2534 564 2614 raptores,
604 2521 772 2593 libertatis
816 2545 1003 2596 eversores
1046 2524 1286 2611 dinumerate,

203 2649 420 2738 singulorum
442 2643 595 2734 origines
617 2655 807 2715 recensete.
830 2647 931 2717 Hunc
952 2648 1055 2717 vallis
1081 2649 1286 2738 Spoletana,

203 2772 298 2840 illum
325 2766 470 2838 Rhenus
491 2775 551 2836 aut
571 2762 761 2835 Rhodanus
787 2774 847 2836 aut
871 2767 998 2860 aliquis
1025 2766 1187 2858 ignobilis
1214 2778 1288 2841 ter-

177 2910 319 2964 “rarum
340 2891 490 2982 angulus
512 2887 626 2971 misit,
648 2886 705 2958 illc
724 2888 851 2959 vinclis
868 2898 948 2982 post
964 2901 1098 2981 tergum
1119 2889 1286 2963 manibus

200 3015 328 3086 ductus
349 3014 383 3082 iu
405 3010 580 3103 triumpho
597 3020 740 3104 repente
757 3009 802 3082 de
819 3014 957 3105 captivo
974 3013 1086 3083 factus
1102 3021 1157 3083 est
1173 3013 1284 3099 civis,

200 3137 308 3205 immo
327 3152 414 3203 vero
434 3155 504 3203 non
524 3131 612 3203 civis
634 3131 698 3203 sed
718 3143 901 3227 tyrannus
922 3142 960 3202 ut
981 3132 1123 3203 minime
1151 3133 1286 3229 miram,-

200 3259 284 3330 dum
307 3257 361 3338 sit,
384 3255 413 3326 si
449 3255 574 3325 talibus
606 3254 692 3325 urbs
723 3254 841 3336 Roma,
870 3254 899 3324 si
925 3253 1051 3343 gloria,
1074 3253 1104 3324 si
1125 3252 1283 3340 libertas,

199 3381 351 3472 denique
373 3378 402 3449 si
424 3375 568 3469 sanguis
590 3387 708 3446 vester
731 3375 868 3445 invisus
895 3386 962 3460 est,
990 3375 1072 3446 dum
1100 3375 1283 3468 antiquam

199 3500 484 3598 patriam,·dum
522 3498 673 3591 propriae
706 3497 887 3567 servitulis
920 3495 1158 3587 ignominiam,
1193 3499 1282 3571 dum

66 3597 71 3608 ’
198 3625 330 3717 campis
362 3624 511 3695 effusum
543 3619 748 3710 sauguinem
784 3617 1020 3689 recordantur.
1049 3617 1135 3690 lllud
1161 3621 1282 3710 potius

198 3749 306 3818 miror
338 3744 430 3816 unde
466 3743 520 3813 vel
554 3739 657 3811 vobis
684 3749 752 3810 tam
779 3741 881 3830 longa
909 3739 1073 3833 patientia
1097 3737 1184 3808 viris
1212 3741 1283 3810 llo-

198 3868 311 3940 manis
332 3858 621 3945 sternutare!
647 3860 716 3932 illis
740 3871 809 3931 lam
837 3861 1067 3933 intolleranda
1089 3860 1283 3954 superbia?

198 3987 288 4071 Quid
325 3985 418 4058 enim
453 3982 669 4078 praecipuum
701 4005 765 4054 cur
797 3993 976 4076 tantopere
1015 3974 1080 4054 sibi
1117 3984 1282 4076 placeant

198 4107 352 4179 babent?
377 4105 512 4190 Quibus
546 4104 708 4177 inllautur
728 4114 763 4175 et
782 4103 974 4176 efferuntur
998 4102 1139 4177 llutibus
1167 4103 1282 4177 virtu·
