2992 4664
599 339 749 389 uersuum
772 341 857 388 xxru.
1186 325 1241 389 361

174 479 428 552 mendationem
442 481 491 552 tui
504 501 662 573 promere
682 483 777 552 volui
796 482 873 552 stilo
892 491 1036 552 sonante
1057 481 1246 574 dispositus

174 602 348 675 fidelitatis
381 603 417 674 in
443 614 512 675 tuae
543 604 665 676 laudes
690 627 759 676 non
784 603 916 696 iurgia,
944 604 1195 676 criminandum
1217 608 1247 678 si

149 726 259 823 'quid
278 726 381 797 fuerit
401 737 523 817 tegens
548 726 593 797 de
618 725 668 797 tui
699 725 842 809 rubore,
870 725 1026 818 pandens
1049 736 1107 797 tua
1132 739 1246 801 tamen

174 849 317 941 egregia
337 869 406 919 non
425 845 561 919 infirma
581 868 687 942 opera
703 848 932 943 praedicanda.
955 849 1110 940 Cognovi
1122 861 1156 921 te
1173 874 1247 922 mo-

175 972 273 1044 ribus
293 970 478 1065 perfectum
501 973 535 1044 in
552 973 695 1056 cunctis
713 972 929 1066 quadruplici
950 971 1114 1043 virtutum
1135 973 1248 1045 cardi-

175 1097 303 1167 nalium
324 1095 421 1167 radio
452 1095 585 1189 absque
615 1095 778 1167 vitiorum
813 1093 958 1166 maculis
983 1115 1161 1188 aspersum
1197 1097 1247 1169 sic

175 1217 300 1310 iugiter
312 1218 483 1301 extitisse,
502 1216 667 1289 virtutum
689 1219 844 1309 ipsarum
862 1217 1015 1289 ordinem
1035 1218 1245 1290 servandum

176 1362 244 1411 non
264 1341 332 1411 iam
358 1339 692 1435 praeposterandum
715 1339 793 1411 ideo
813 1338 900 1410 duxi
928 1339 1063 1432 singula
1089 1340 1247 1414 ordinata

176 1464 211 1533 in
231 1472 265 1533 te
285 1463 397 1533 facere
417 1461 580 1556 quoniam
602 1482 737 1555 semper
755 1463 848 1532 novi.
860 1461 989 1534 Probas
1011 1472 1044 1533 te
1065 1461 1246 1554 providum

174 1586 210 1657 in
229 1586 370 1669 futuris,
391 1605 497 1657 caves
519 1606 656 1677 semper
669 1584 833 1677 pericula,
857 1606 968 1678 neque
991 1604 1159 1680 prospera
1179 1586 1248 1656 sor·

176 1719 269 1780 tunae
288 1709 368 1779 nisu
385 1707 489 1779 animi
510 1706 759 1800 complecteris.
786 1705 961 1799 Disposita
982 1706 1015 1775 in
1037 1714 1070 1776 te
1091 1727 1249 1799 praesen·
1340 1802 1342 1806 Ι

175 1831 222 1901 tia
243 1831 361 1902 solerti
381 1850 449 1902 non
467 1831 566 1922 segni
587 1828 702 1901 studio
715 1841 808 1899 certa
827 1830 861 1898 in
882 1829 1016 1900 actibus
1038 1831 1107 1900 tois
1129 1840 1248 1900 osten·

175 1952 231 2024 dis
250 1953 401 2025 animum
430 1953 479 2024 sic
499 1952 728 2044 compositum
753 1973 891 2044 nonque
917 1952 1038 2024 rudem
1067 1952 1247 2023 effectibus

176 2086 359 2148 monstras.
390 2075 639 2170 Amplectenda
672 2083 752 2145 sunt
787 2074 904 2167 utique
934 2095 1001 2145 non
1029 2076 1249 2167 aspernenda

175 2221 318 2294 operum
339 2210 477 2272 tuorum
502 2206 603 2290 gesta
620 2197 797 2292 probanda
823 2219 861 2267 re
887 2199 981 2292 ipsa:
1008 2200 1248 2290 exemplorum

175 2331 333 2393 veterum
353 2343 542 2393 memorem
575 2341 645 2392 non
677 2319 864 2392 excordem
900 2342 1051 2413 namque
1078 2329 1112 2392 te
1139 2320 1248 2391 fuisse

175 2463 321 2535 prorsus
342 2454 376 2515 et
388 2464 486 2528 esse,
503 2443 659 2516 homines
682 2446 895 2536 proclamant
915 2454 1071 2539 prompta
1089 2443 1249 2515 nou-dis-

176 2576 320 2659 gregata
342 2569 518 2638 memoria.
540 2566 664 2639 Tribus
690 2567 806 2661 itaque
834 2566 1045 2661 temporibus
1072 2578 1150 2638 tuus
1177 2567 1250 2637 ani·

177 2711 256 2760 mus
276 2701 391 2762 manet
413 2689 696 2784 dispensantibus
721 2692 755 2760 in
783 2692 929 2782 siugulis
951 2689 1133 2784 prudentia
1157 2689 1250 2761 omni

177 2834 218 2883 ac
238 2812 360 2906 peritia
377 2834 492 2883 rerum
510 2811 643 2905 absquo
661 2813 774 2885 cordis
793 2813 985 2904 ignorantia
1005 2815 1250 2904 quorumcum-

176 2955 246 3023 que
266 2933 467 3003 naturaliter
498 2933 602 3004 insita
632 2933 702 3004 tibi.
730 2935 891 3005 Dilectum
927 2932 986 3003 tibi
1020 2933 1185 3004 iustitiam
1215 2933 1249 3001 in

178 3055 362 3127 iudicando
381 3055 497 3124 foves:
516 3056 658 3148 praemia
675 3056 766 3128 bona
789 3077 856 3126 uon
878 3056 1169 3150 suppliciaiustiS,
1186 3056 1250 3127 iui-

178 3179 257 3270 quis
278 3199 465 3270 poenarum
482 3175 681 3249 discrimina
696 3199 763 3249 non
780 3199 926 3283 coronas
946 3178 1075 3250 dudum
1099 3179 1250 3251 tribuere

177 3301 338 3372 didicisti.
366 3301 508 3375 Veritati
537 3301 657 3373 similis
684 3301 851 3374 abdicatis
880 3301 940 3375 tibi
969 3303 1107 3394 flagitiis
1132 3301 1249 3373 reddis

179 3423 376 3496 bominibus
401 3424 562 3496 omnibus
589 3445 674 3506 sua3
702 3449 771 3497 non
796 3426 893 3519 piger
926 3435 985 3496 aut
1011 3424 1249 3517 iniquissimus

177 3565 303 3616 censor
323 3565 469 3618 servans
490 3548 596 3620 dnbio
616 3551 735 3641 procul
766 3546 1036 3621 misericordiam
1059 3548 1093 3616 in
1115 3548 1250 3617 severis

177 3679 213 3740 et
225 3667 386 3760 pietatem
408 3670 443 3740 iu
464 3671 636 3762 rigoribus
659 3692 796 3765 semper
818 3675 898 3757 tuis,
919 3671 1045 3744 cedens
1065 3692 1111 3742 ex
1136 3669 1249 3742 auimo

178 3791 339 3864 clementi
360 3790 393 3861 in
414 3793 736 3887 adiectionibnsque
769 3817 961 3889 poenarum.
990 3796 1141 3878 Donator
1166 3793 1251 3864 tibe-

179 3914 262 3985 raiis
291 3915 419 3986 nemini
446 3937 589 4008 parcus,
617 3918 761 4008 largitor
791 3915 985 3999 munificus,
1007 3939 1074 3988 non
1109 3937 1248 3987 avarus.

178 4035 364 4112 Execraris
385 4040 469 4112 vitia
490 4060 557 4111 non
578 4039 740 4123 virtutes¹
770 4060 883 4110 mores
908 4039 1172 4117 honestissimos
1199 4038 1250 4108 in-

180 4162 323 4234 sectaris
341 4172 376 4235 et
387 4163 591 4236 honestum:
617 4162 734 4255 nilque
755 4164 891 4255 penitus
906 4174 960 4235 est
979 4162 1133 4255 iniquum
1156 4161 1248 4256 quod
