2804 4656
282 303 376 352 urum
398 304 711 356 vicasruusruarrus.
726 309 928 358 -arrsrom
950 311 1013 359 xix.
1144 298 1199 359 bll

40 529 43 535 ,
121 448 229 518 multa
252 467 348 540 saepe
369 448 536 541 rapuerit,
555 470 622 541 ego
643 449 709 521 sibi
727 472 797 524 non
814 453 922 546 rapui,
942 454 1007 526 sed
1025 456 1200 528 modicum

120 568 348 654 inadvertens
370 572 442 642 tuli.
463 574 559 644 Vale.
640 627 641 630 ,

260 725 361 794 Ticini,
378 727 411 781 V.
428 727 568 784 Kalendas
582 728 761 785 Novembres.

535 1115 711 1181 EPISTOLA
733 1119 789 1182 llll.

79 1307 82 1312 -
116 1281 311 1334 unancrscus
333 1281 501 1331 aurulam
523 1280 699 1331 ranucrsoo
721 1284 827 1333 aauuo
850 1285 1051 1336 ruoauuriuo
1074 1288 1100 1337 s.
1118 1290 1146 1338 r.
1170 1291 1198 1338 u.

209 1426 306 1496 Ignoto
320 1444 353 1483 ex
367 1427 481 1483 alterius
495 1427 636 1495 voluntate
650 1428 758 1498 scribit,
774 1433 802 1484 et
816 1445 846 1484 se
860 1429 966 1501 profert
979 1431 1109 1486 amicum.
1129 1503 1133 1507 .

166 1734 168 1738 .
214 1666 274 1737 Sat
295 1688 474 1758 magnum,
497 1669 552 1738 vir
572 1670 730 1760 egregie,
759 1670 826 1740 iam
858 1669 936 1738 binc
962 1680 1032 1740 tuae
1060 1669 1200 1739 virtutis

115 1798 361 1879 argumentum
384 1788 496 1862 habeo
516 1792 608 1861 illius
630 1790 841 1881 magnanimi
857 1784 927 1860 vviri
951 1791 1113 1874 verbum,
1142 1790 1198 1861 cui

115 1911 231 1982 omnia
250 1911 447 1996 crederem,
470 1915 529 2005 qui
550 1901 662 2006 nuper
687 1910 787 1982 nobis
814 1888 974 1983 redditus
999 1931 1198 2002 magnoque

115 2032 200 2105 mibi
232 2056 295 2128 pro
327 2055 473 2106 munere
506 2035 589 2107 novi
622 2056 749 2106 nomen
778 2033 928 2104 afferens
958 2033 1073 2115 amici,
1109 2033 1199 2104 inter

115 2159 224 2227 multa
243 2156 288 2228 de
314 2168 359 2240 te,
387 2179 491 2249 quem
519 2157 622 2228 valde
646 2157 759 2248 diligit
791 2133 827 2227 et
859 2177 961 2247 quem
984 2155 1109 2246 cupide
1135 2176 1198 2226 no·

115 2278 236 2360 minat,
266 2279 332 2350 boc
362 2281 466 2351 etiam
492 2280 604 2364 dixit,
631 2293 753 2371 optare
784 2289 816 2350 te
848 2277 1032 2350 amicitiam
1059 2297 1194 2347 meam:

114 2399 198 2492 quin
218 2411 253 2471 et
273 2423 317 2471 an
338 2402 526 2494 aliquando
547 2425 604 2474 me
624 2401 756 2475 videris
772 2399 1030 2495 quaerentibus,
1051 2420 1197 2492 respon·

113 2522 198 2594 dere
218 2512 355 2595 solitum
377 2535 413 2595 et
432 2525 566 2598 vidisse
588 2538 624 2598 et
644 2527 712 2596 mei
736 2525 893 2596 notitiam
920 2522 1063 2607 babere,
1091 2535 1197 2616 atque

113 2645 181 2716 boc
203 2643 434 2719 urbanissimo
456 2648 640 2721 mendacio
666 2669 761 2742 saepe
789 2636 959 2719 hactenus
985 2646 1110 2739 pudori
1137 2655 1196 2718 tuo

112 2767 354 2838 consuluisse:
378 2769 480 2860 quasi
502 2777 535 2841 te
556 2769 685 2862 pudeat
706 2790 762 2838 me
781 2790 849 2838 non
863 2789 967 2839 nosse
980 2779 1195 2840 coaetaneum

112 2898 149 2959 et
173 2892 351 2961 concivem
379 2899 490 2974 tuum,
518 2913 623 2982 quem
654 2900 690 2959 et
719 2887 918 2959 nonnullius
949 2889 1048 2981 pretii
1073 2890 1194 2973 faciaS,

111 3021 149 3081 et
174 3030 272 3080 ames
294 3009 518 3100 incognitum.
544 3010 704 3081 Gratulor
734 3008 873 3079 affectui
894 3016 965 3092 tuo,
987 3020 1023 3079 et
1044 3008 1195 3100 ingenuo

112 3135 270 3224 gratulor
289 3131 410 3205 errori.
433 3133 509 3202 Nou
528 3143 584 3204 est
604 3131 716 3226 turpis
737 3154 835 3203 error
854 3141 890 3203 et
910 3132 1053 3224 pulchra
1078 3132 1197 3222 oriens
1300 3207 1304 3215 ,

113 3257 241 3330 radice.
276 3257 406 3328 Natura
428 3256 521 3327 mitis
548 3264 652 3350 atque
674 3255 719 3326 ad
740 3255 927 3327 amandum
950 3277 1058 3349 prona
1084 3279 1193 3347 mene,

112 3384 240 3453 multos
266 3382 346 3452 lecit
372 3383 407 3453 in
432 3381 560 3453 iudicio
585 3402 702 3452 rerum
734 3378 812 3451 labi.
848 3381 964 3453 Satius
997 3394 1052 3453 est
1077 3390 1194 3453 autem

112 3526 230 3576 amare
263 3507 390 3575 multos
424 3504 629 3589 immeritos
664 3526 768 3596 quam
808 3526 916 3574 uuum
941 3503 1193 3575 benemeritam

112 3647 181 3696 non
214 3648 342 3699 amare.
378 3627 504 3700 Institit
526 3649 610 3700 saue
636 3626 692 3697 ille
716 3627 786 3708 uir,
816 3635 854 3695 ut
880 3625 939 3696 tibi
963 3625 1020 3696 tali
1041 3625 1130 3708 viro,
1158 3635 1194 3696 et

111 3771 195 3841 erga
220 3773 275 3822 me
304 3752 362 3822 sic.
380 3752 519 3836 affecto,
554 3752 684 3842 quique
717 3748 834 3821 nescio
860 3771 923 3818 cur
948 3747 1080 3840 primus
1108 3747 1192 3817 milri

56 3938 70 3954 ,
113 3873 456 3958 scriberevereariS,
478 3873 647 3944 familiare
675 3869 805 3964 aliquid
830 3869 1031 3941 scriberem.
1058 3870 1192 3961 Negavi
1230 3896 1232 3898 ’
1306 3969 1309 3976 ἢ

111 3996 168 4065 vel
190 3996 364 4068 scribendi
386 3976 565 4067 materiam
590 3994 731 4078 adesse,
761 3995 817 4064 vel
841 3995 954 4065 solere
975 4015 1032 4063 me
1053 3993 1191 4084 ignotos

112 4117 230 4190 verbis
263 4119 424 4210 aggredi:
463 4118 579 4209 itaque
613 4121 721 4190 ferme
754 4115 922 4210 quidquid
961 4115 1191 4210 epistolariter·

236 4243 271 4287 tu.
1008 4237 1037 4286 m
