2738 4680
260 303 353 355 nunna
374 299 539 357 vrcssruus
560 303 948 359 secururs-unumne
969 308 1008 359 ιι.
1119 295 1179 360 tat

98 449 190 546 quod
210 460 282 524 tam
300 448 475 523 coniuncti
495 450 620 523 animis
642 451 693 525 sic
713 452 920 547 corporibus
939 463 976 527 et
995 475 1180 531 conversa-

96 572 188 645 tione
205 571 452 666 disiungimur,
467 581 505 645 ιιι
520 595 633 668 neque
649 583 688 648 ιιι
704 584 760 647 m'e
777 599 891 670 neque
908 597 974 670 ego
992 587 1025 651 te
1041 577 1178 652 videam

96 706 345 780 senescentem,
373 717 488 788 neque
512 696 570 767 vel
597 696 703 769 semel
723 697 930 791 priusquam
955 720 1002 770 ex
1022 698 1087 773 hac
1108 703 1180 774 vita

96 841 156 892 seu
170 817 293 891 verius
309 828 421 890 morte
432 817 666 904 discedamus,
680 819 773 891 vivis
786 841 851 894 nos
865 818 1012 894 vocibus
1030 821 1177 897 invicem

95 942 305 1035 compellare
330 941 571 1035 permittimur.
599 941 770 1026 Quamvis
789 943 880 1014 enim
907 954 946 1017 ut
964 954 1020 1018 est
1043 945 1179 1024 animus

96 1063 182 1136 liber
203 1072 308 1157 atque
328 1063 364 1135 in
385 1062 507 1156 primis
531 1064 722 1137 amantium
742 1063 889 1137 honeste
913 1064 958 1138 ab
978 1065 1181 1158 imaginario

95 1206 288 1280 congressu
307 1186 410 1257 nullis
431 1184 591 1259 obicibus
611 1207 805 1274 arceamur,
828 1189 989 1281 quamvis
1010 1182 1099 1262 inter
1118 1188 1181 1262 bo

96 1333 157 1383 nos
185 1309 335 1382 amicitia
362 1330 486 1383 recens
511 1331 650 1404 semper
674 1323 833 1396 maneat,
860 1334 924 1385 neo
949 1334 1017 1406 ego
1037 1324 1071 1386 te
1095 1312 1179 1385 mihi

99 1431 213 1516 sciam,
233 1453 299 1504 nec
321 1453 377 1504 me
395 1430 457 1503 tihi
478 1430 593 1503 minus
610 1431 716 1505 bodie
737 1455 856 1506 carum
877 1456 966 1520 rear,
988 1457 1091 1529 quam
1109 1455 1180 1529 quo

95 1555 244 1651 primum
264 1553 323 1626 die
342 1554 435 1651 apud
456 1555 588 1648 regiam
609 1555 788 1660 Neapolim
814 1577 876 1650 per
899 1555 995 1629 illum
1016 1579 1101 1630 vere
1125 1581 1180 1632 re·

96 1701 184 1771 gem,
202 1677 262 1771 qui
280 1698 364 1749 mox
383 1679 510 1750 coelum
531 1678 641 1772 petiit,
659 1678 696 1749 in
716 1678 902 1751 amicitiam
922 1681 1030 1754 vincti
1050 1682 1179 1756 fuimus

97 1802 165 1900 (qui
190 1804 344 1895 proiecto
364 1800 432 1872 nisi
453 1799 712 1873 similitudinem
735 1802 887 1896 aliquam
907 1804 1080 1896 insignem
1106 1805 1180 1877 ani·

96 1926 341 1999 madvertisset
360 1924 396 1997 in
415 1923 527 2009 nobis,
546 1912 728 2016 nunquam
747 1933 785 1996 ut
806 1923 927 1998 divino
945 1935 1022 1996 erat
1041 1925 1179 2019 ingenio

96 2047 160 2122 suh
186 2037 295 2120 unum
320 2047 441 2140 iugum
467 2045 622 2138 disparia
647 2036 735 2118 colla
759 2045 957 2119 iunxisset:
989 2048 1055 2118 etsi
1086 2048 1178 2120 enim

95 2170 186 2265 quod
206 2192 310 2243 nemo
336 2154 404 2240 nisi
425 2178 462 2241 tu
484 2171 581 2243 solus
605 2178 727 2262 neget,
749 2190 850 2242 esses
874 2169 949 2264 ipse
974 2168 1175 2255 candidior,

96 2316 200 2366 unum
222 2301 338 2365 tamen
360 2292 525 2378 studium,
548 2315 617 2365 una
636 2302 737 2378 actae,
760 2314 851 2366 unus
871 2312 961 2379 mos,
983 2313 1054 2365 una
1079 2315 1177 2366 mens

96 2415 179 2511 erat)
193 2414 357 2510 quamvis
375 2414 451 2486 haec
464 2415 605 2508 inquam
621 2416 673 2488 ita
685 2416 765 2502 sint,
780 2437 845 2488 nec
862 2418 969 2488 ullum
987 2416 1023 2487 in
1038 2424 1177 2490 nostros

98 2538 229 2610 animos
251 2536 306 2610 ius
323 2535 475 2609 habeant
497 2540 572 2625 loca
593 2540 649 2609 vel
664 2546 843 2632 tempora,
864 2547 989 2624 tamen,
1009 2539 1038 2611 si
1059 2549 1178 2613 nostra

95 2680 168 2733 sors
196 2660 327 2733 sineret
353 2659 451 2746 mihi,
479 2672 681 2754 pergratum
711 2660 817 2734 credo
849 2656 969 2734 itidem
996 2660 1058 2735 tibi
1082 2671 1177 2736 esset

95 2783 269 2856 interdum
289 2784 395 2857 etiam
415 2807 475 2855 oro
493 2785 580 2854 tueri
603 2795 641 2856 nt
660 2792 717 2856 est
737 2784 831 2877 apud
850 2786 1039 2870 Maronem,
1061 2794 1097 2858 et
1116 2807 1177 2857 no-

96 2918 140 2978 tos
159 2905 277 2978 audire
294 2929 333 2979 or
349 2904 487 2979 reddere
504 2927 621 2978 voces:
641 2904 870 3000 vicissimque
887 2930 951 2980 nos
971 2908 1016 2981 ad
1033 2931 1075 2981 ea
1094 2929 1178 3004 quae

95 3040 226 3105 restant
244 3041 281 3103 et
304 3030 350 3103 ad
375 3029 559 3103 terminum
586 3029 770 3103 cohortari.
796 3028 835 3101 ld
861 3030 891 3102 si
916 3031 986 3104 fato
1010 3031 1173 3122 uetitum,

95 3154 184 3246 quod
204 3154 318 3226 vetari
348 3153 469 3248 nequit
488 3153 603 3227 animo
620 3163 656 3226 et
672 3153 880 3246 cogitatione
893 3152 1123 3250 supplebitur:
1136 3164 1176 3226 tu

95 3297 145 3348 me
166 3275 239 3350 tuis
258 3275 448 3362 affectibus,
467 3297 534 3368 ego
557 3287 591 3347 te
611 3277 822 3369 complectar
843 3274 954 3348 meis:
975 3277 1069 3347 nulia
1086 3274 1171 3358 dies,

94 3403 183 3472 nulla
208 3420 297 3482 nox,
324 3401 418 3471 nulla
444 3398 691 3492 peregrinatio,
723 3400 816 3471 nulla
844 3397 1053 3482 lucubratio,
1080 3398 1174 3468 nulla

94 3521 331 3617 confabulatio,
345 3525 440 3595 nulla
452 3520 659 3607 iucunditas,
674 3523 792 3593 nullus
803 3519 911 3605 labor,
926 3520 1020 3589 nulla
1034 3518 1173 3610 requies

94 3615 186 3719 alteri
207 3647 283 3718 sine
295 3647 405 3719 altero
418 3643 642 3738 transigetur.
653 3644 765 3728 Quem
778 3641 901 3714 librum
916 3643 1002 3713 alter
1014 3648 1172 3711 nostrum

94 3768 282 3863 arripuerit,
306 3770 392 3841 alter
412 3769 564 3862 aperiet:
586 3764 645 3837 ubi
667 3767 754 3837 alter
774 3767 894 3836 oculos
914 3761 1108 3845 coniecerit,
1124 3763 1173 3832 al-

95 3896 141 3962 ter
160 3892 275 3983 leget:
301 3909 510 3984 quocunque
530 3889 619 3959 alter
645 3886 778 3982 cespite
799 3885 930 3958 sederit
954 3882 1169 3956 assidentem

94 4015 234 4085 alterum
260 4011 424 4084 habebit:
451 4009 611 4105 quotiens
645 4030 764 4082 secum
790 4016 850 4080 aut
874 4028 952 4078 cum
984 4006 1052 4079 alio
1076 4004 1170 4098 loqui

96 4133 191 4227 coepit
207 4131 387 4206 absentem
405 4130 552 4205 amicum
570 4130 712 4204 intentis
729 4128 872 4203 auribus
889 4129 1017 4203 adesse
1034 4130 1171 4221 conspi-

209 4265 244 4302 ιιι.
1000 4251 1016 4300 9
