2934 4650
184 309 241 372 382
639 323 799 374 usaraauu

183 477 297 538 ratum
323 475 427 558 atque
456 477 627 536 armatum
651 467 815 536 animum·
833 465 1009 536 haberem.
1032 464 1153 536 Telum
1177 465 1267 550 boc,

183 588 263 682 quia
283 610 460 681 nunquam
482 592 550 663 tale
571 588 702 681 aliquid
714 586 889 673 videram,
905 589 956 658 ull
975 588 1088 659 simile
1109 599 1268 682 prorsus

183 710 376 795 audieram,
394 721 456 788 aut
475 714 643 802 legeram,
659 710 814 803 cogitare
830 722 869 783 et
889 711 1083 806 praeuidere
1102 714 1173 783 uon
1197 735 1266 807 po

183 834 248 904 tui:
277 846 313 905 et
338 835 417 907 ideo
436 837 603 906 inermem
623 835 926 928 improvidumque
952 833 1152 906 traustixit,
1169 836 1259 906 Hei!

184 955 364 1049 mibivquid
381 960 536 1050 querar?
554 957 646 1029 uude
660 959 801 1030 ordiar‘.l
815 957 907 1042 Quid
924 959 1061 1030 diuam?
1072 956 1263 1030 accusabo

127 1062 131 1069 ’
181 1079 392 1151 Fortunam?
417 1080 529 1156 Surda
552 1093 618 1152 est
645 1080 828 1153 Accusabo
853 1082 1030 1152 mollitiem
1049 1080 1164 1164 amici,
1196 1083 1261 1174 qui

168 1196 250 1274 wsibi
276 1215 443 1286 mortem,
471 1204 557 1273 mibi
582 1203 797 1274 mortiferum
821 1201 977 1275 dolorem
1003 1205 1143 1275 attulit?
1166 1203 1261 1274 Sera

183 1336 237 1397 est
258 1326 431 1397 accusatio
459 1327 600 1411 erroris,
626 1325 856 1396 irrevocabile
881 1326 1047 1398 damnum
1072 1335 1138 1408 est,
1161 1325 1261 1417 quod

183 1457 337 1521 aucturae
356 1449 470 1543 potius
490 1447 628 1520 inutiles
640 1449 712 1520 siut
722 1450 889 1542 querelae.
908 1449 952 1520 Et
970 1458 1102 1518 tamea:
1118 1447 1164 1518 olr
1179 1446 1262 1518 dul-

183 1573 269 1644 cedo
289 1570 411 1642 effera!
436 1573 532 1643 iuvat
551 1572 725 1655 insistere,
747 1585 783 1642 et
802 1571 905 1643 faudo
923 1572 1085 1642 alimenta
1107 1568 1262 1640 miserias

184 1692 362 1789 praestare.
381 1695 472 1781 Quid
488 1696 581 1766 euim
599 1695 714 1789 aptius
732 1697 842 1788 possit
856 1694 996 1765 aruimus
1013 1688 1135 1772 tristis,
1148 1713 1259 1784 quam

183 1816 219 1888 iu
240 1818 329 1890 tristi
350 1815 493 1891 materia
514 1817 672 1891 versari‘.l
693 1818 805 1889 Habet
830 1829 864 1888 et
889 1839 1019 1888 moeror
1042 1818 1259 1909 voluptatem

183 1962 295 2026 suam,
318 1941 440 2012 duram
462 1940 612 2034 quidem,
637 1939 698 2012 sed
717 1941 787 2011 sibi
809 1940 1078 2013 accomodatam.
1108 1940 1144 2010 lu
1170 1938 1260 2010 Arte

182 2067 317 2159 poetica
338 2064 504 2159 scriptam
526 2075 598 2137 est:

744 2184 854 2274 Tristia
868 2189 1016 2251 mostra

380 2282 506 2371 Vultum
522 2283 622 2359 verba
633 2283 747 2346 decent

183 2439 266 2509 Utar
291 2434 434 2507 oonsilio
459 2434 555 2526 quod
571 2457 635 2505 wme
659 2436 772 2506 decet.
799 2436 868 2507 Sed
891 2457 962 2529 quo
988 2436 1120 2529 pergo?
1144 2446 1181 2507 ut
1199 2438 1257 2509 filli

182 2559 266 2629 nibil
291 2556 438 2650 prosim,
465 2554 548 2624 milri
574 2578 733 2641 noceam,
762 2560 850 2629 forle
877 2579 981 2631 aures
1007 2570 1110 2652 atque
1134 2560 1257 2630 occulos

182 2693 260 2754 tuos
278 2677 428 2750 laudaut
456 2678 508 2748 Oh
527 2701 622 2751 coeca
652 2703 750 2752 meus
778 2681 1024 2754 homiuumet
1051 2704 1118 2754 uon
1147 2685 1258 2754 futuri

181 2802 296 2888 modo,
320 2801 387 2875 sod>
406 2822 505 2896 saepe
520 2804 705 2895 praesentis
732 2804 915 2876 etiamslati
944 2805 1000 2876 sui
1028 2807 1169 2877 nescia!
1198 2804 1255 2877 Ad

179 2929 322 2999 Paulum
340 2925 632 2998 Hannibaleusem
654 2949 761 2998 uuum
777 2949 825 2998 err
842 2929 1006 2999 Romanis
1021 2927 1253 3021 principibus

180 3052 235 3121 oui
254 3071 311 3120 me
333 3049 640 3125 familiarissimum
667 3028 778 3122 virtus
804 3059 840 3121 et
864 3052 1061 3122 humaui-tas
1086 3050 1253 3135 lacerant,

180 3173 308 3268 quibus
326 3172 421 3243 illum
441 3173 641 3245 mirabiliter
657 3176 781 3245 natura
798 3174 995 3260 dotaverat,
1013 3175 1176 3246 mandata
1190 3175 1256 3247 de—

179 3296 300 3368 deram
326 3294 404 3379 tibi,
431 3296 576 3387 ignarus
602 3296 698 3367 illum
723 3297 793 3366 iam
818 3296 924 3368 rebus
945 3298 1105 3368 hamanis
1129 3318 1256 3368 exem-

179 3431 288 3514 ptum,
311 3417 426 3489 taliter
446 3419 594 3512 quidem
608 3429 646 3489 ut
665 3440 734 3490 nou
750 3430 910 3506 mortem,
929 3441 1010 3514 quae
1029 3421 1120 3490 uatis
1141 3421 1255 3491 omni—

180 3541 248 3613 bus
260 3542 441 3634 aequa'est,
457 3541 522 3614 sed
535 3542 787 3633 geausmortis
802 3544 914 3616 unicae
926 3542 1092 3614 miserum
1108 3563 1255 3634 cogerer

181 3666 349 3759 usquead
360 3686 472 3737 meam
488 3665 562 3758 ipse
574 3675 720 3736 mortem
733 3667 985 3737 lamentariob
1000 3668 1007 3735 l
1023 3666 1253 3758 cogitationes

181 3785 487 3872 hominumvauas
499 3789 543 3860 oh
555 3787 714 3860 liuauem
730 3790 909 3883 spemohl
926 3790 1096 3861 lubricum
1110 3800 1251 3873 statum,

181 3914 224 3984 oh
234 3917 241 3983 l
252 3913 447 3985 instabilem
458 3914 638 3995 fortunam,
648 3912 693 3987 ob
703 3915 709 3983 l
720 3912 1144 4008 ancipi-tesvitaeviaS,ohl
1160 3916 1254 4007 prae-

181 4037 303 4131 cipites
321 4037 449 4122 exitus,
464 4038 528 4107 ola!
546 4035 795 4130 prosperitates
814 4036 1005 4129 ambiguae,
1025 4036 1087 4107 obl
1105 4034 1255 4107 inevita-

181 4158 268 4232 biles
282 4159 600 4232 aeruurnas.rlmisil
613 4159 719 4232 lilium
734 4163 874 4234 Paulus:
890 4161 1008 4234 tritum
1022 4171 1056 4232 et
1070 4159 1251 4233 tolerabile
