2804 4656
297 291 961 365 'clunaulcaslltusraurws.-urlsaout
983 318 1034 364 llll.
1096 285 1101 295 ι
1156 304 1215 369 243

132 457 250 527 minus
276 455 396 549 utique
421 457 563 528 tacitum
592 478 662 550 quo
694 459 872 550 loquacior
890 470 946 531 est
970 471 1148 544 senectus,
1176 472 1215 533 ut

131 579 251 652 Catoni
274 577 349 649 seni
373 580 502 672 optimo
529 580 677 652 videtur.
711 582 812 654 Haud
838 581 945 654 dubie
967 582 1122 656 crebrior
1146 586 1215 657 illic

130 699 213 770 eris.
232 700 368 773 Interea
390 710 482 773 tuam
501 712 633 774 sortem
652 703 702 772 ler
718 702 934 796 aequanimis,
950 727 1018 777 non
1031 706 1215 779 mediatori

131 832 204 907 tuo,
224 824 285 916 qui
304 821 366 894 tibi
383 832 524 896 strenue
542 847 697 919 vereque
717 826 912 898 militariter
934 849 1064 899 morem
1086 829 1211 920 gessit,

129 967 199 1018 non
222 947 316 1030 mihi,
338 947 399 1040 qui
422 946 486 1019 sibi
512 948 676 1041 quamvis
700 948 902 1021 haesitanter
922 951 1034 1043 parui,
1063 952 1126 1024 sed
1154 950 1214 1022 tibi

129 1068 316 1141 dumtaxat
335 1070 581 1164 imputaturus
605 1071 740 1164 siquid
762 1072 878 1144 minus
906 1072 1082 1145 inveneris
1106 1094 1212 1165 quam

129 1191 314 1282 sperabas,
339 1203 408 1266 tam
429 1194 530 1266 lacile
555 1193 687 1267 utinam
715 1216 859 1289 compos
889 1216 1028 1288 semper
1058 1195 1213 1267 omnium

129 1325 308 1398 votorum,
337 1316 464 1389 sedin
491 1317 659 1390 electione
683 1318 823 1390 felicior.
854 1320 948 1392 Vale.

270 1481 396 1550 Patavii,
406 1481 453 1536 Vl.
470 1480 537 1537 ldus
552 1482 739 1554 Septembris,
755 1484 824 1540 hora
839 1498 921 1537 nona.

627 1688 707 1696 ιιι-...-

538 1876 717 1941 EPISTOLA
738 1879 806 1940 xxi.

208 2048 401 2099 rutnclscus
421 2046 591 2097 PETRARCA
614 2046 739 2096 canoto
760 2048 792 2096 lv
814 2047 876 2095 llll’.
900 2047 971 2096 ΑΗΘ.
994 2048 1020 2095 S.
1043 2049 1070 2096 P.
1094 2049 1123 2097 u.

205 2180 316 2236 Rursus
329 2181 459 2236 hortatur
471 2180 506 2235 ad
521 2178 641 2234 Romani
655 2177 767 2250 Imperii
783 2180 898 2249 gloriam
914 2180 1123 2235 restituendam.

221 2414 352 2487 Fessus
374 2413 541 2508 praeteriti
566 2434 631 2485 nee
656 2413 765 2485 futuri
798 2410 919 2497 fideus,
954 2415 1086 2499 Caesar,
1115 2417 1205 2487 cala·
1295 2478 1300 2485 .

123 2558 219 2607 mum
241 2539 310 2608 tuis
331 2536 367 2607 in
392 2537 696 2610 exhortationibus
730 2559 819 2632 pene
851 2538 1006 2609 attritum
1040 2559 1207 2610 recusan-

122 2669 262 2753 temque
293 2680 530 2754 seposueram.
557 2658 627 2730 Alit
651 2660 741 2731 inter
760 2659 982 2732 difficultates
1003 2662 1206 2752 refovetque

121 2783 274 2855 animum
298 2804 381 2877 spes
403 2803 605 2864 successus,
633 2804 704 2874 qua
731 2781 881 2864 sublata,
903 2782 983 2874 quis
1008 2794 1063 2852 est
1083 2803 1204 2853 amens

120 2906 296 2987 adeunt
328 2929 396 2978 non
429 2906 645 2978 infructuoso
671 2902 779 2975 labori
806 2904 962 2995 requiem
992 2907 1204 2997 anteponat?

120 3029 166 3099 Ut
186 3026 231 3099 ad
253 3027 368 3097 stilum
391 3027 532 3098 redeam
555 3027 660 3096 Sacer
679 3023 787 3095 Amor
806 3026 907 3116 cogit,
931 3024 1007 3096 sive
1028 3025 1126 3096 miles
1147 3025 1204 3097 bic

120 3162 202 3222 tuus
224 3147 329 3220 huius
356 3146 521 3233 nominis,
553 3147 629 3219 sive
663 3145 719 3217 ille
754 3167 852 3217 sacer
878 3147 984 3219 animi
1005 3149 1114 3233 calor,
1142 3149 1203 3241 qui

119 3271 205 3343 mihi
225 3269 471 3364 aparentibus
492 3270 633 3343 relictus
654 3280 758 3363 atque
779 3292 863 3362 erga
884 3280 978 3343 tuam
1000 3293 1139 3365 semper
1153 3292 1201 3342 ex

118 3418 189 3490 quo
209 3395 293 3467 mibi
316 3395 468 3488 primum
489 3405 593 3466 notus
613 3414 667 3474 es,
689 3414 773 3485 erga
793 3415 875 3465 vero
890 3394 1037 3465 Romani
1059 3391 1197 3485 lmperii

118 3518 337 3590 maiestatem
371 3517 430 3595 ab
449 3517 592 3588 infantia
624 3515 790 3599 nutritus,
827 3516 861 3585 in
881 3514 1085 3609 praecordiis
1112 3513 1199 3586 meis

117 3639 218 3724 vivit,
237 3650 272 3712 et
292 3638 425 3712 indies
445 3639 578 3723 crescit,
603 3638 680 3712 sive
700 3638 795 3732 quod
815 3653 870 3709 est
887 3638 1018 3723 verius,
1038 3647 1196 3729 uterque.

115 3764 201 3835 Nam
224 3785 338 3858 neque
355 3785 456 3837 meus
474 3786 580 3848 amor,
604 3774 653 3835 tot
675 3764 743 3834 iam
764 3760 974 3835 clamoribus
997 3769 1115 3852 totque
1136 3781 1199 3846 coss

65 3944 69 3949 .
116 3885 255 3958 natibus
275 3886 432 3980 perditis,
468 3889 558 3958 ultro
582 3886 627 3958 ad
654 3884 808 3959 laborem
833 3885 989 3956 inutilem
1017 3883 1194 3966 rediisset;
1243 3972 1244 3975 Ἴ

116 4030 230 4100 neque
268 4010 324 4079 hic
362 4010 472 4095 milae,
515 4011 677 4101 quamvis
716 4007 848 4080 amicus
886 4016 922 4078 et
956 4006 1129 4079 facundus
1161 4018 1196 4078 et

114 4130 254 4223 sapiens
276 4154 331 4202 me
355 4132 539 4218 movisset,
563 4130 629 4203 nisi
651 4131 745 4203 intus
766 4131 799 4200 iu
821 4130 936 4203 anima
956 4129 1059 4229 vivas
1080 4130 1195 4203 adhuc
