2940 4650
209 302 265 364 502
332 378 341 383 ,
550 286 707 361 rrrrrnx
729 313 943 363 truuunnnuu.

208 461 378 531 maiorum
400 480 479 529 cum
506 459 643 531 fortuna
664 426 882 529 ceciderunt·
899 457 1020 541 animi,
1045 459 1219 551 adeoque
1244 459 1307 530 de·
1405 554 1406 560 ἵ

208 591 412 675 generatum
432 594 488 653 est
509 593 546 653 ut
565 582 731 653 iustitiam
752 600 897 674 poscere
917 581 1100 652 temeritas
1131 582 1304 654 videatur
1406 584 1407 587 ’

208 707 263 776 his
282 728 430 799 quorum
452 705 608 799 patribus
629 704 713 774 nihil
738 704 819 775 olim
845 703 985 775 difficile
1011 704 1134 776 visum
1163 717 1238 788 est,
1266 717 1300 777 at

208 832 332 901 saltem
349 829 443 920 quod
465 827 510 899 ab
529 827 622 899 omni
635 820 721 919 'quae
738 826 877 917 legibus
895 827 992 897 vivat
1008 825 1178 898 barbarie
1199 830 1297 920 posci

153 994 156 999 ν
207 962 332 1047 potest,
353 952 484 1044 poscite
505 959 544 1021 ut
564 951 631 1021 civi
652 959 780 1021 vestro
793 947 970 1020 audientia
991 948 1150 1042 publica,
1175 960 1216 1021 et
1235 951 1296 1022 de-

207 1075 372 1146 fensionis
405 1074 571 1165 legitimae
604 1093 674 1142 non
706 1081 854 1161 negetur
879 1072 1000 1162 copia3
1026 1093 1143 1163 neque
1168 1075 1234 1165 qui
1260 1074 1293 1144 in

207 1201 283 1269 luce
304 1197 383 1267 lecit
403 1199 529 1281 omnia,
552 1196 620 1267 imo
641 1194 700 1287 qui
727 1205 895 1285 quantum
921 1216 983 1286 per
1010 1195 1192 1266 hominem
1219 1194 1293 1268 lieri

207 1333 342 1413 poterat
363 1322 475 1390 lucem
496 1317 626 1389 mundo
652 1316 817 1400 reddidit,
840 1318 1052 1390 intenebris
1078 1319 1293 1391 condemne-

207 1453 274 1512 tur.
309 1440 491 1512 Ostendite
523 1460 588 1510 vos
620 1440 772 1530 denique
792 1461 934 1510 causam
957 1462 997 1511 ac
1018 1442 1198 1512 fortunam
1225 1463 1292 1513 non

206 1565 386 1652 negligere
419 1563 507 1633 civis
547 1561 668 1633 vestri.
710 1563 875 1633 Resistite
912 1561 1072 1633 iniuriae:
1107 1565 1292 1656 prohibete

89 1664 95 1678 ⁵
207 1688 325 1756 nefas:
349 1686 519 1777 protegite
542 1686 778 1769 innocentem,
798 1707 895 1756 reum
917 1688 974 1757 vel
996 1696 1183 1758 nocentem
1203 1687 1292 1759 iudi-

206 1821 292 1891 cate,
315 1819 376 1879 aut
397 1810 536 1890 saltem,
570 1830 616 1899 ne
642 1829 707 1900 pro
738 1808 910 1900 cuiusque
936 1806 1078 1880 libidine
1104 1809 1290 1895 iudicetur,

206 1932 389 2002 occurrite.
410 1931 513 2001 Ferte
533 1953 637 2021 quam
660 1929 821 2021 potestis,
844 1940 880 2002 et
898 1953 1005 2023 quam
1029 1929 1168 2002 debetis
1192 1954 1292 2028 opem

207 2051 359 2134 tribuum
384 2053 441 2123 vel
464 2053 494 2121 si
515 2050 548 2120 id
576 2073 702 2123 nomen
723 2051 882 2136 evanuit,
905 2052 973 2122 civi
1000 2060 1118 2123 vestro
1140 2036 1291 2123 multum

207 2176 250 2249 de
282 2173 459 2266 republica
486 2172 714 2257 benemerito,
737 2184 844 2266 atque
869 2174 954 2247 illud
979 2175 1015 2243 in
1047 2173 1171 2268 primis
1200 2174 1294 2268 quod

208 2299 439 2388 quaestionem
462 2318 626 2388 magnam
646 2305 751 2387 atque
774 2295 891 2367 utilem
914 2295 1060 2380 mundo,
1084 2274 1211 2368 multis
1239 2318 1295 2370 so·

209 2419 313 2511 pitam
347 2441 388 2489 ac
421 2421 593 2511 sepultam
627 2419 767 2489 saeculis
799 2418 998 2501 suscitavit,
1032 2438 1114 2511 quae
1149 2443 1222 2493 una
1252 2420 1295 2493 ad

210 2539 488 2609 reformationem
517 2548 631 2608 status
663 2536 791 2628 publici
826 2551 929 2630 atque
960 2539 1005 2611 ad
1038 2539 1137 2611 aurei
1170 2542 1295 2613 saeculi

209 2636 344 2729 initium
364 2659 422 2729 via
442 2672 507 2731 est.
529 2659 728 2731 Succurrite
748 2660 796 2730 illi
816 2662 906 2746 viro,
935 2684 1046 2755 neque
1071 2672 1296 2758 contempse-

210 2781 287 2852 ritis
314 2783 459 2853 salutem
486 2783 578 2868 eius,
605 2783 665 2875 qui
696 2805 761 2875 pro
790 2795 911 2856 vestra
946 2787 1058 2857 salute
1092 2807 1175 2858 sese
1203 2787 1296 2858 mille

209 2904 375 2998 periculis
395 2928 436 2977 ac
457 2907 681 3000 sempiternae
702 2906 829 2977 obiecit
854 2908 1007 2980 invidiae.
1035 2909 1131 2979 Illius
1165 2931 1296 3006 propo·

211 3028 314 3098 situm
342 3042 447 3121 atque
479 3031 633 3102 animum
667 3033 831 3122 cogitate,
854 3041 890 3101 et
910 3020 1139 3104 memineritis
1159 3028 1295 3125 quoin

210 3160 301 3220 statu
323 3172 380 3221 res
402 3161 532 3221 vestrae
551 3154 700 3235 fuerant,
723 3163 760 3222 et
781 3174 886 3244 quam
915 3165 1058 3246 repente
1091 3154 1199 3226 unius
1228 3159 1297 3228 viri

209 3272 479 3365 consilioatque
493 3293 605 3364 opera
625 3285 790 3365 quantam
815 3277 848 3344 in
871 3297 968 3368 spem
994 3299 1063 3348 non
1085 3276 1196 3350 Roma
1219 3292 1298 3352 tan-

210 3405 298 3476 tum,
331 3394 393 3466 sed
427 3395 523 3465 ltalia
556 3396 669 3465 omnis
702 3405 820 3468 erecta
859 3406 936 3469 est:
969 3406 1140 3490 quantum
1175 3399 1298 3476 subito

208 3537 335 3588 nomen
361 3517 529 3600 Italicum,
561 3538 665 3607 quam
693 3529 861 3590 renovata
895 3542 935 3590 ac
968 3519 1109 3591 detersa
1134 3521 1300 3598 Romana

209 3639 340 3727 gloria:
374 3648 527 3731 quantus
560 3637 712 3710 hostium
753 3651 867 3715 metus
901 3663 942 3713 ac
970 3642 1083 3725 dolor,
1119 3657 1301 3734 quantum

208 3759 391 3848 gaudium·
414 3761 625 3846 amicorum,
664 3771 794 3852 quanta
830 3766 1036 3856 populorum
1073 3772 1299 3861 expectatio

207 3903 312 3972 quam
335 3882 540 3953 immutatus
563 3873 679 3954 rerum
702 3893 818 3967 tenor,
840 3907 946 3976 quam
966 3887 1073 3958 facies
1094 3885 1196 3961 orbis
1217 3894 1299 3978 alia,

207 4023 313 4091 quam
339 4005 505 4076 diversus
527 4005 668 4076 habitus
686 4007 894 4094 animorum,
916 4031 1020 4101 quam
1042 4007 1128 4079 nibil
1151 4012 1223 4084 sibi
1254 4019 1306 4089 si-

208 4124 288 4194 mile
320 4147 367 4195 ex
400 4127 563 4199 omnibus
597 4149 677 4220 quae
707 4128 774 4198 sub
799 4134 887 4203 coelo
913 4143 1015 4204 sunt:
1046 4143 1114 4202 tam
1141 4137 1238 4211 mira
1266 4155 1306 4214 et
