2934 4650
147 301 206 364 380
604 309 766 361 vlnrlnuu

146 463 295 557 gentiam
319 471 426 546 lanam,
452 471 491 532 ut
517 460 628 532 videri
660 461 773 553 possis
801 457 885 529 nibil
913 454 1007 528 aliud
1030 476 1137 548 quam
1166 477 1227 526 me

147 608 253 658 unum
274 585 443 681 cogitare3
460 584 508 656 ita
528 581 736 654 dicovideri
757 580 871 674 possis
889 577 1019 671 ignaris
1036 577 1227 650 industriae

146 706 344 800 ingeniique
371 704 433 777 tui.
466 705 555 778 Nam
586 705 646 798 qui
681 715 714 775 te
748 713 920 774 noverunt
950 722 1019 771 non
1050 700 1225 770 mirantur

147 851 252 924 posse
272 829 424 901 animum
447 839 542 900 tuum
565 829 610 901 ad
631 829 739 899 multa
758 835 795 897 et
814 827 958 897 multum
984 824 1126 896 diversa
1148 826 1224 894 sul-

147 952 263 1039 ficere,
285 953 479 1045 praesertim
504 951 565 1023 ubi
591 950 686 1021 illum
710 950 785 1021 suis
807 946 955 1018 stimulis
980 955 1080 1039 urget
1107 926 1222 1029 amor,

147 1099 251 1170 quem
276 1075 389 1147 omnis
415 1075 624 1147 difficultatis
649 1074 831 1156 victorem,
851 1058 894 1143 ¹et
910 1092 1029 1163 regem
1056 1068 1223 1140 novimus

148 1201 350 1272 animorum.
366 1201 449 1270 llaec
461 1221 524 1269 cur
541 1200 706 1293 praelatus
721 1197 785 1268 sim
800 1196 1020 1285 interroges?
1030 1192 1119 1279 Quia
1134 1192 1223 1264 dum

149 1336 182 1396 te
203 1322 325 1394 litteris
345 1319 521 1416 prioribus
541 1323 672 1392 sessum
695 1341 786 1402 reor,
810 1340 890 1389 ecoe
910 1317 991 1388 dnae
1017 1318 1117 1388 simul
1143 1317 1224 1388 aliae

149 1469 169 1518 a
195 1456 229 1517 te
250 1443 353 1528 mihi,
368 1445 424 1514 vir
443 1445 583 1536 optime,
612 1441 804 1514 redduntur
829 1462 951 1512 omnes
973 1438 1224 1532 impigerrimis

149 1563 267 1657 digitis
290 1566 356 1636 tuis
378 1567 533 1658 scriptae;
555 1566 602 1637 ita
624 1565 782 1660 (mirum)
805 1565 883 1659 plns
905 1564 965 1637 tibi
986 1574 1087 1636 vacat
1105 1566 1141 1635 in
1159 1585 1226 1634 ne-

149 1688 243 1780 gotio
262 1709 365 1779 quam
388 1690 423 1758 in
444 1688 524 1760 otio.
545 1687 627 1759 Mihi
646 1688 785 1773 mirum,
803 1688 953 1781 inquam,
976 1687 1042 1758 nisi
1059 1687 1224 1757 celeritas

149 1832 241 1906 quae,
258 1823 295 1884 ut
311 1813 430 1885 Cicero
450 1823 568 1883 noster
588 1813 645 1898 ait,
662 1812 789 1904 ingenii
807 1813 884 1882 laus
902 1822 971 1895 est,
993 1810 1118 1881 mirum
1141 1829 1226 1879 esse

150 1908 350 2006 discuteret.
373 1933 440 2005 Sed
460 1932 562 2004 venio
579 1932 622 2003 ad
644 1954 733 2018 rem,
755 1943 789 2004 et
809 1932 892 2003 illud
914 1942 1053 2003 transeo
1073 1929 1167 2022 qnod
1188 1929 1227 1997 in

150 2056 272 2150 primis
292 2058 393 2150 quasi
411 2044 528 2149 magni
545 2056 700 2128 criminis
721 2066 755 2127 te
780 2054 864 2126 mihi
885 2075 1015 2148 purgas
1035 2053 1223 2136 infamiam,

151 2190 186 2252 et
205 2203 313 2277 prope
333 2181 503 2273 sacrilegii
523 2181 632 2250 instar
652 2179 768 2264 ducis,
790 2178 826 2248 in
843 2177 914 2250 tuis
934 2198 990 2248 me
1011 2177 1131 2248 litteris
1154 2177 1229 2245 sin-

151 2303 318 2394 gulariter
337 2303 576 2394 compellasse.
604 2301 724 2393 ltaque
746 2301 863 2371 stilum
891 2311 1018 2383 mutas,
1040 2297 1141 2391 quasi
1166 2299 1228 2368 vel

151 2447 220 2518 ego
245 2423 486 2505 blanditiarum
513 2444 652 2514 egeam,
679 2444 769 2515 quas
798 2424 947 2515 primum
974 2421 1048 2491 lnlii
1074 2420 1229 2491 Caesaris

151 2548 286 2621 fortuna
303 2545 434 2617 mundo
451 2545 579 2631 intulit,
602 2556 662 2617 ant
683 2555 717 2616 te
737 2545 839 2616 vilior
860 2546 960 2617 stilus
980 2545 1228 2637 robustiorque

94 2680 97 2682 ’
152 2679 223 2740 non
248 2667 386 2752 deceat,
409 2689 478 2760 quo
505 2667 559 2739 usi
583 2678 722 2739 veteres
748 2689 870 2739 omnes
898 2669 1110 2762 quicumque
1134 2668 1229 2737 cala·

153 2813 246 2861 mum
279 2789 440 2881 attigere:
474 2811 578 2883 quem
608 2789 790 2863 articulum
819 2790 982 2883 qnoniam
1011 2788 1094 2860 alibi
1121 2789 1226 2859 latius

151 2912 296 3006 digessi,
319 2936 411 2986 nnnc
438 2935 610 3008 suspenso
632 2915 721 3009 pede
746 2915 1058 3007 praetervehor,·et
1083 2912 1113 2983 si
1138 2911 1227 3008 qnid

152 3036 366 3109 auctoritatis
384 3035 477 3129 apud
498 3048 532 3109 te
552 3059 621 3109 non
641 3036 781 3131 quidem
805 3037 915 3109 merui
936 3036 998 3108 sed
1018 3037 1147 3120 inveni,
1167 3057 1226 3107 me

83 3215 85 3219 v
152 3158 541 3252 quoquenovissimum
562 3163 715 3234 omnium
742 3159 850 3232 habes
871 3172 1056 3245 auctorem,
1078 3159 1138 3253 qui
1158 3159 1226 3232 hnc

153 3285 238 3355 stilo·
257 3300 326 3355 non
352 3294 484 3359 tantum
510 3284 555 3358 ad
580 3285 723 3370 amicoS,
745 3307 834 3378 qnos
854 3307 901 3356 ex
925 3305 1028 3377 aeqno
1048 3285 1222 3378 alloquor,

154 3407 217 3480 scd
237 3407 282 3478 ad
307 3407 420 3499 Reges
443 3418 547 3502 atque
567 3406 749 3479 Pontifices
772 3409 1018 3501 Caesaremque
1037 3408 1152 3503 ipsum
1173 3409 1224 3479 nti

155 3531 264 3615 soleo,
285 3551 374 3623 qnos
400 3531 616 3603 reverentius
640 3530 736 3601 affari
761 3531 815 3602 ins
841 3551 1051 3625 aequumque
1070 3540 1135 3602 est.
1156 3531 1225 3602 Ve

154 3678 229 3726 rum
251 3675 318 3746 ego
336 3653 568 3725 reverentiam
589 3675 708 3724 veram
726 3653 761 3724 in
782 3651 969 3726 mendaciis
987 3676 1055 3727 non
1077 3673 1224 3750 repon03

154 3776 292 3848 mentiri
310 3785 427 3847 autem
440 3774 590 3848 dominis
612 3774 666 3847 bis
689 3775 842 3859 vocibus,
863 3775 992 3870 quibus
1009 3799 1101 3848 nunc
1116 3777 1225 3868 vulgo

154 3901 292 3984 utimur,
312 3911 414 3972 aetate
431 3900 542 3994 ipsius
563 3900 712 3971 Caesaris
737 3899 916 3971 inventum
936 3900 1096 3972 Lucanus
1127 3910 1226 3972 assess

156 4024 233 4095 ruit.
255 4023 372 4097 Sentio
389 4033 503 4096 antem
522 4021 606 4116 qnid
626 4032 657 4096 te
677 4021 799 4108 movit,
816 4045 931 4115 neque
948 4033 985 4093 tu
1005 4023 1223 4095 dissimulas:

100 4170 105 4177 ·
158 4152 285 4217 motum
309 4153 340 4218 te
360 4146 520 4220 litterulis
537 4146 637 4231 meis,
661 4145 695 4218 in
716 4143 844 4239 quibus
862 4145 979 4231 stilum
1003 4145 1093 4218 huno
1119 4145 1226 4218 inter-
