2738 4680
215 338 252 398 86
550 348 591 394 DE
612 345 712 394 REBUS
734 346 957 395 nulllumnlssus

213 484 366 576 loquitar
392 483 486 574 quod
506 493 602 553 certe
623 483 851 553 meminerim.
878 484 923 553 Et
944 483 974 552 si
995 479 1077 574 quid
1100 481 1188 550 forte
1214 501 1295 549 con·

214 620 266 677 tra
292 607 420 677 Christi
447 605 640 677 doctrinam
668 608 892 699 loqueretur,
920 606 955 676 id
982 627 1086 675 unum
1111 612 1178 688 est,
1200 601 1297 695 quod

214 753 277 802 nec
310 731 486 812 Ciceroni,
519 752 583 800 nec
615 728 793 801 Aristoteli
826 728 1019 814 crederem,
1053 749 1119 798 neo
1150 726 1294 797 Platoni.

214 853 359 936 Quando
380 854 471 925 enim
500 853 628 925 homini
654 853 856 936 crederem,
884 854 945 945 qui
972 874 1035 923 neo
1065 853 1190 942 angelo
1223 872 1300 920 cre-

214 979 350 1047 dituros
377 977 443 1046 sim
469 976 669 1069 Apostolico
695 978 839 1047 oonsilio
868 979 977 1046 fretus
1004 974 1062 1045 ubi
1088 975 1137 1044 ait
1162 973 1208 1043 ad
1232 971 1300 1042 Ga.-

214 1103 317 1171 latas:
348 1097 416 1168 Sed
445 1100 520 1168 licet
544 1121 601 1168 oos
626 1111 685 1168 orit
717 1101 856 1188 capetus
881 1097 920 1166 de
946 1100 1025 1167 ooelo
1052 1096 1299 1184 conopolizoret

214 1226 304 1294 cobis
328 1236 452 1316 proter
482 1247 580 1313 quant
605 1223 690 1313 qood
715 1225 1015 1313 encopolizooimos
1041 1222 1132 1290 cobis
1161 1220 1300 1289 anatlie-

214 1371 270 1417 mo
293 1348 358 1417 sit?
382 1348 478 1417 Neve
504 1369 524 1417 a
550 1347 715 1418 Cicerone
740 1345 935 1438 digrediar,
965 1365 1058 1438 saepe
1079 1346 1135 1415 ille
1155 1342 1298 1436 quidem

215 1473 305 1543 Deos
324 1473 478 1542 nominat
504 1471 622 1541 sacculi
650 1472 703 1541 sui
726 1491 858 1541 morem
880 1490 1050 1561 sequens:
1072 1468 1156 1561 quin
1175 1475 1211 1536 et
1236 1487 1300 1536 vo-

216 1594 346 1662 lumine
361 1572 507 1683 integro
524 1595 676 1664 Deorum
697 1603 855 1664 naturam
883 1602 1019 1677 tractat,
1046 1590 1105 1660 uhi
1132 1591 1162 1661 si
1184 1591 1299 1662 acrius

218 1715 425 1800 attendatur,
449 1717 600 1787 Deorum
619 1715 753 1786 turham
775 1725 810 1787 et
830 1717 946 1786 inania
972 1715 1113 1816 nomina
1132 1735 1202 1785 non
1230 1724 1299 1784 tam

218 1838 370 1910 celebrat
394 1862 498 1931 quam
526 1838 645 1910 irridet
665 1861 705 1910 ac
726 1838 868 1930 detegit.
896 1839 940 1908 Et
959 1850 1052 1910 certe
1072 1836 1132 1908 uhi
1152 1860 1200 1908 ex
1221 1858 1301 1928 pro-

218 1962 331 2052 posito
352 1963 520 2056 loquitur,
543 1985 648 2033 unum
676 1964 787 2032 Deum
808 1984 959 2054 eumque
985 1961 1176 2054 principem
1199 1983 1301 2030 mun·-

218 2085 324 2179 dique
342 2098 510 2158 rectorem
531 2097 644 2157 vocat.
663 2087 707 2156 Et
727 2085 822 2171 licet,
846 2096 884 2156 ut
905 2106 1000 2178 saepe
1021 2084 1096 2155 dixi
1112 2094 1148 2155 et
1164 2084 1300 2178 scripsi,

217 2213 306 2282 forte
327 2222 486 2305 paratum
508 2210 646 2281 veritati
663 2211 855 2304 periculum
875 2209 1025 2293 timeret,
1045 2208 1170 2279 alicubi
1186 2220 1301 2279 tamen

219 2336 370 2426 ingenue
390 2336 507 2405 lassus
539 2344 594 2405 est
626 2355 695 2404 non
727 2334 915 2404 convenire
948 2331 1154 2427 philosopho
1186 2332 1303 2405 dicere

219 2459 312 2528 Deos
332 2478 422 2528 esse.
445 2457 531 2539 Quis
552 2457 636 2526 mihi
654 2456 759 2548 igitur
780 2478 876 2528 verae
893 2456 975 2529 fidei
992 2457 1143 2529 obiicere
1164 2457 1303 2528 Cicero-

220 2602 300 2650 nem
334 2590 464 2651 statuat
501 2591 539 2651 ut
563 2580 665 2673 quasi
687 2582 871 2673 peregrini,
895 2584 952 2652 vel
973 2581 1068 2673 quod
1089 2582 1231 2652 maioris
1252 2583 1304 2652 in·

222 2704 331 2774 scitiae
361 2704 406 2773 sit
434 2702 563 2773 inimici
592 2705 744 2775 nominis
777 2701 905 2775 'conllet
927 2706 1119 2777 invidiam?
1141 2705 1302 2777 Christus

220 2826 382 2917 equidem
404 2828 499 2897 Deus
520 2837 654 2897 noster:
691 2828 811 2899 Cicero
845 2838 962 2899 autem
995 2828 1105 2899 nostri
1137 2827 1302 2921 princeps

221 2951 358 3042 eloquii.
382 2951 528 3023 Diversa
550 2953 672 3024 fatear:
696 2953 847 3024 adversa
872 2975 1009 3044 negem.
1039 2953 1201 3023 Christus
1223 2975 1304 3023 ver-

220 3071 303 3144 bum
324 3082 380 3143 est
398 3085 433 3145 et
449 3077 563 3145 virtus
585 3086 620 3147 et
641 3077 811 3170 sapientia
828 3077 889 3147 Dei
907 3077 1032 3148 Patris:
1052 3077 1173 3148 Cicero
1194 3079 1303 3148 multa

221 3194 265 3264 de
285 3193 475 3266 verborum
492 3205 580 3282 arte,
602 3198 716 3292 deque
733 3198 923 3270 virtutibus
940 3212 976 3270 et
993 3201 1146 3271 humana
1164 3201 1305 3292 sapien-

202 3319 268 3391 ÷tia
289 3321 453 3411 loquutus
479 3330 547 3405 est,
575 3343 661 3392 vera
686 3323 807 3414 utique
833 3323 1020 3394 etidcirco
1047 3322 1204 3394 veritatis
1232 3325 1305 3395 Deo

222 3443 357 3536 absque
379 3446 447 3515 ulla
467 3443 682 3516 dubitatione
716 3447 925 3538 gratissima.
961 3447 1046 3517 Cum
1080 3447 1173 3516 enirn
1209 3448 1304 3518 Deus

221 3569 353 3640 veritas
370 3567 452 3639 viva
475 3570 531 3640 sit:
553 3591 647 3654 oum,
679 3580 715 3640 ut
740 3571 788 3641 ait
813 3581 911 3663 pater
931 3567 1171 3662 Augustinus,
1200 3592 1305 3642 omne

201 3714 344 3795 3verum
367 3715 387 3763 a
407 3693 556 3764 veritate
576 3713 700 3762 verum
727 3693 784 3777 sit,
815 3693 908 3764 haud
933 3693 1039 3765 dubie
1063 3692 1235 3785 quidquid
1261 3692 1306 3762 ab

200 3818 293 3889 'ullo
313 3839 437 3888 verum
460 3816 598 3901 dicitur,
616 3839 637 3888 a
654 3818 726 3888 Deo
751 3825 815 3888 est.
843 3817 1019 3890 Christum
1046 3819 1169 3901 lateor,
1197 3838 1305 3888 nosse

222 3960 292 4010 non
313 3941 424 4033 potuit
443 3943 546 4033 paulo
565 3952 647 4011 ante
667 3939 774 4012 rebus
796 3941 958 4013 humanis
979 3951 1174 4034 exemptae,
1197 3963 1304 4033 quam

222 4061 381 4133 Christos
415 4065 508 4136 Deus
541 4065 645 4137 homo
677 4063 786 4136 fieret.
816 4065 946 4137 Flenda
979 4085 1105 4157 nempe
1124 4064 1191 4134 viri
1214 4084 1304 4135 sors.

224 4185 311 4256 Nam
332 4196 370 4256 ut
388 4189 545 4261 altissimi
564 4200 600 4260 et
616 4186 726 4259 divini
742 4181 889 4281 'prorsus
907 4192 1020 4259 fuerat
1038 4186 1179 4278 ingenii,
1203 4185 1231 4256 si
1254 4187 1304 4256 vi-
