2940 4650
215 307 273 368 520
489 338 491 341 ·
557 320 716 368 arrnnnur
737 320 952 369 nrrrnnanun.

216 473 330 554 potest
349 462 474 531 animis
498 460 666 531 modestis
692 471 728 531 et
753 482 835 532 sese
860 463 1174 556 componentibus
1197 464 1247 536 ad
1267 488 1325 536 na·

216 594 339 655 turam.
374 585 420 653 Et
445 584 474 653 si
502 582 607 655 babet
638 582 884 675 unusquisque
904 584 1013 677 quod
1051 587 1213 670 sufficit,
1241 588 1324 680 quid

215 705 442 778 metuendum
464 704 706 795 suspicemur?
726 703 895 777 Omnibus
916 704 1218 792 abundabimus,
1241 710 1320 778 mibi

215 831 335 912 crede,
372 830 555 921 magisque
587 832 706 902 forsan
737 829 869 900 invidia
903 831 1006 902 nobis
1039 855 1161 926 quarn
1205 835 1320 928 inopia

215 955 404 1028 metuenda
424 964 489 1025 est.
510 952 601 1037 Quid
615 961 847 1059 expectamus
869 953 998 1043 igitur?
1018 955 1095 1025 Cur
1117 956 1232 1042 mari,
1256 979 1319 1028 cur

216 1078 407 1161 montibus,
425 1074 698 1167 fluminibusque
714 1076 1050 1166 disiungimur‘lcur
1067 1099 1145 1148 non
1166 1081 1314 1151 eosdem

215 1201 328 1290 iungit
352 1222 420 1271 una
441 1199 568 1269 domus
587 1219 677 1290 quos
699 1198 812 1266 iunxit
828 1197 873 1269 ab
894 1199 976 1269 olim
997 1199 1120 1271 unitas
1145 1205 1312 1274 volunta-

216 1328 315 1395 tum?
339 1324 438 1406 Quid,
462 1343 593 1414 precor,
615 1321 800 1405 obstaculi,
829 1332 888 1393 aut
907 1321 992 1413 quid
1012 1322 1241 1396 difficultatis
1262 1328 1312 1396 in-

217 1446 382 1526 tervenit,
407 1444 473 1513 nisi
493 1444 576 1534 quia
593 1464 685 1513 nova
701 1453 737 1513 et
753 1446 891 1513 insueta
909 1443 1078 1534 quaelibet
1097 1448 1309 1519 reformidat

216 1569 377 1661 animus‘.l
390 1567 467 1656 Ego
478 1566 620 1657 quidem
636 1587 704 1636 non
720 1567 829 1637 solum
844 1566 1066 1637 conscientiae
1080 1590 1189 1655 meae,
1199 1571 1264 1642 sed
1275 1583 1306 1643 et

216 1691 401 1781 praesentis
427 1688 584 1780 epistolae
604 1691 714 1759 fretus
740 1688 951 1770 testimonio,
973 1690 1114 1780 culpam
1145 1714 1303 1776 omnem,

216 1812 383 1902 ignoscite
396 1813 521 1882 iratres
537 1811 619 1895 mei,
637 1811 671 1880 in
690 1831 765 1890 vos,
786 1830 848 1880 seu
871 1819 1030 1880 vestrum
1051 1813 1210 1904 aliquos,
1229 1818 1304 1908 qui·

214 1956 364 2026 cumque
384 1934 432 2002 illi
450 1935 592 2017 luerint,
615 1932 661 2003 ad
681 1933 833 2003 salutare
852 1932 1034 2002 consilium
1049 1933 1230 2008 tardiores
1252 1960 1303 2009 re-

215 2070 375 2148 torqueo,
398 2076 515 2126 coram
538 2057 610 2125 Deo
630 2065 666 2125 et
686 2054 887 2125 bominibus
912 2058 1138 2147 proclamans
1161 2083 1229 2152 per
1250 2083 1301 2131 me

214 2200 283 2249 non
305 2191 398 2250 stare
419 2179 607 2270 quominus
637 2177 851 2249 identitatem
874 2179 1074 2249 animorum
1096 2193 1301 2254 nostrorum

214 2297 404 2394 corporalis
437 2299 624 2395 praesentia
659 2299 853 2370 comitatur.
884 2300 1045 2370 Omnium
1078 2324 1210 2395 nempe
1239 2306 1302 2373 mi·

218 2424 333 2493 nimus
361 2444 452 2504 sum,
473 2433 508 2494 et
529 2423 557 2492 si
579 2443 648 2492 non
669 2441 795 2506 essem,
818 2419 894 2492 fieri
914 2423 1005 2492 volo.
1027 2423 1090 2493 Vel
1113 2438 1299 2498 vocantem

215 2543 412 2634 sequimini,
437 2544 493 2612 vel
513 2541 724 2612 unanimiter
743 2554 899 2615 evocate.
920 2542 1012 2626 Quid
1034 2553 1187 2629 stamus
1217 2547 1300 2640 quid

213 2673 458 2753 expectamus
481 2662 566 2753 quid
586 2662 828 2734 somniamus?
848 2667 911 2735 Vel
931 2666 1124 2757 praecipite,
1155 2672 1216 2739 vel
1240 2693 1301 2763 pa-

214 2793 309 2853 rete:
338 2782 422 2853 mibi
453 2806 538 2856 sane
572 2785 763 2882 praecipere
785 2786 927 2866 durum,
949 2809 1073 2880 parere
1093 2792 1198 2863 facile
1223 2806 1299 2875 est;

212 2907 363 2998 ideoque
394 2908 535 2979 vocanti
566 2927 660 2998 saepe
690 2908 870 2979 Ludevico
903 2920 1021 2981 nostro
1051 2921 1218 3002 paratum
1246 2938 1301 2987 me

212 3010 334 3113 obtuli,
346 3031 376 3101 si
390 3032 574 3121 negocium
590 3008 828 3101 Cavallicense
842 3033 1060 3116 succederet,
1076 3055 1138 3124 per
1152 3035 1255 3126 quod
1266 3046 1302 3107 et

214 3150 383 3221 honestus
416 3151 544 3250 inillis
570 3154 654 3222 locis
682 3152 846 3222 manendi
875 3156 986 3236 color,
1008 3164 1044 3224 et
1064 3154 1149 3225 vitae
1171 3179 1301 3229 neces-

214 3273 306 3344 saria
325 3283 580 3366 quaererentur,
604 3276 655 3346 ire
675 3295 746 3367 quo
767 3274 833 3344 sibi
854 3275 1031 3361 libuisset,
1057 3297 1126 3346 non
1149 3278 1302 3370 ignarus

213 3394 354 3486 quidem
380 3417 497 3466 rerum
523 3396 646 3467 barum
681 3405 717 3465 et
748 3396 897 3480 illarum,
926 3395 989 3466 sed
1016 3397 1131 3468 sciens
1157 3421 1229 3489 vos
1253 3399 1303 3471 ibi
1403 3436 1406 3449 ·

212 3539 291 3589 esse
312 3534 400 3610 quos
421 3518 505 3588 mibi
528 3521 620 3590 solos
642 3520 779 3589 fortuna
798 3518 998 3609 reliquerat,
1026 3522 1156 3591 amoris
1186 3527 1303 3596 nostri

212 3642 318 3713 veluti
339 3643 437 3712 uncis
454 3640 682 3712 validissimis
700 3663 740 3711 ac
757 3641 940 3712 tenacibus
959 3639 1176 3727 retrahebar,
1202 3645 1301 3732 licet,

213 3764 308 3834 utin
333 3765 478 3858 epistola
512 3762 663 3855 quadam
698 3770 845 3835 testatus
872 3783 963 3844 sum,
992 3763 1132 3834 viderer
1165 3767 1304 3840 mibie

211 3897 315 3978 portu
335 3885 370 3957 in
392 3896 616 3978 tempestates
635 3885 772 3973 xmedias
800 3906 1032 3956 reversurus:
1056 3881 1185 3970 sedat
1210 3891 1302 3975 dixi,

212 4009 327 4077 omnia
340 4007 492 4078 vincens
513 4017 578 4079 aut·
595 4006 751 4076 vinciens
774 4027 888 4090 amor,
915 4028 984 4076 non
1010 4005 1306 4084 dissimulantem

212 4148 301 4218 quos
321 4130 355 4198 in
378 4129 539 4225 scopulos
554 4149 689 4220 agerer,
713 4128 871 4219 urgebat.
895 4129 1000 4211 Nunc,
1022 4131 1135 4214 trater,
1165 4145 1306 4209 mutata

974 4340 1010 4424 ld
