2730 4680
555 301 596 347 Ill}
618 301 718 348 llEBUS
739 300 959 348 l‘ltltttlfltsstts

536 710 539 715 ,
626 634 803 698 nrrsrom
823 634 891 697 vm.

299 792 492 875 Ffllttctscus
514 825 683 874 rutulam
703 826 797 876 ANNAE
819 825 934 876 cauom
955 829 994 878 lV.
1016 826 1231 876 lurussarorus

637 931 734 980 UXOlll
755 932 781 980 S.
803 932 832 980 P.
853 933 884 981 D.

288 1118 385 1173 Filiam
399 1119 486 1172 enixae
500 1117 654 1187 gratulatur
669 1122 696 1170 et
709 1117 859 1172 illustrium
873 1117 1050 1174 foeminarum
1064 1121 1228 1176 memoriam

431 1222 571 1275 revocans,
587 1205 732 1260 muliebris
745 1222 828 1261 sexus
843 1207 939 1263 laudes
952 1209 1082 1264 celebrat.

318 1539 402 1607 Tuae
420 1535 618 1607 serenitatis
639 1535 830 1627 epistolam,
851 1536 1103 1627 gloriosissima
1123 1536 1294 1630 Augusta,

219 1667 321 1734 laetus
342 1680 577 1751 reverensque
603 1658 765 1749 suscepi;
792 1657 849 1727 nbi
876 1658 959 1750 quid
986 1661 1136 1753 primum
1162 1661 1298 1734 mirer?

221 1787 364 1856 Tantam
383 1805 427 1853 ne
445 1783 599 1870 bactani
618 1781 758 1852 iuvenili
776 1792 879 1853 aetate
896 1784 1123 1875 sapientiam?
1139 1782 1195 1855 An
1211 1787 1297 1855 emi-

222 1909 426 1980 nentissima
451 1907 517 1978 hac
546 1908 684 1978 fortuna
717 1919 786 1977 tam
813 1905 984 1977 insolitam
1018 1919 1053 1979 et
1082 1919 1153 1979 tam
1179 1930 1298 1980 raram

223 2032 470 2105 humanitatem
493 2040 598 2115 tuam,
619 2052 690 2122 qua
711 2053 767 2100 me
788 2052 894 2099 unum
912 2052 959 2099 ex
978 2031 1113 2126 pusillis
1134 2032 1203 2103 tuis
1221 2042 1296 2104 toto

221 2179 310 2250 pene
329 2155 414 2228 orbe
436 2155 646 2226 disiunctum
669 2152 920 2226 iucundissimo
940 2156 1077 2239 nuntio,
1100 2165 1135 2224 et
1153 2157 1299 2229 familia-

221 2280 370 2351 rissimis
387 2279 511 2351 litteris
529 2276 648 2368 gaudii
669 2278 719 2348 tui
736 2276 937 2369 participem
955 2274 1032 2347 lieri
1048 2279 1137 2349 velle
1154 2277 1299 2371 dignata

165 2484 167 2490 ¹
222 2406 281 2473 es?
306 2402 372 2473 Pro
396 2421 466 2492 quo
491 2397 631 2492 quidem
665 2420 734 2469 non
759 2399 915 2485 Lucina,
943 2411 981 2470 ut
1011 2400 1090 2472 olim
1117 2423 1212 2474 verae
1245 2407 1299 2475 lu-

222 2525 272 2596 cis
306 2521 416 2614 ignari
451 2520 607 2612 gentiles,
642 2520 703 2591 sed
735 2519 872 2592 Christo
902 2521 1042 2592 luciset
1066 2524 1149 2595 vitae
1174 2533 1210 2596 et
1235 2525 1298 2596 bo-

222 2668 346 2718 norum
366 2645 520 2715 omnium
541 2640 674 2714 auctori
694 2653 846 2734 quantas
867 2665 1008 2735 possum
1032 2657 1144 2716 tecum
1165 2646 1298 2738 gratias

222 2789 305 2860 ago,
326 2765 388 2859 qui
413 2765 679 2837 adolescentiam
701 2777 796 2838 tuam
818 2789 885 2836 non
913 2764 973 2837 tibi
993 2777 1124 2838 tantum
1147 2768 1209 2840 sod
1235 2770 1298 2840 toti

222 2889 370 3013 Imperio
395 2888 514 2960 votiva
538 2889 761 2966 foecunditate
781 2889 942 2976 laetificat.
970 2889 1045 2960 Tibi
1069 2913 1208 2990 quoque
1232 2916 1298 2988 pro

221 3012 288 3084 hae
306 3023 363 3083 tua
383 3011 594 3103 dignatione,
613 3014 776 3104 quoniam
798 3014 891 3085 aliud
914 3011 997 3083 nihil
1014 3024 1070 3084 est
1088 3014 1184 3101 mihi,
1203 3018 1298 3109 quod

223 3145 318 3208 tanto
345 3137 478 3206 muneri
506 3158 569 3229 par
595 3137 798 3229 rependam,
825 3137 861 3206 in
885 3137 940 3206 his
965 3113 1125 3209 litterulis
1150 3161 1298 3211 venera-

220 3258 360 3330 bundus
381 3279 540 3350 assurgo,
566 3258 687 3351 Neque
717 3282 803 3332 vero
828 3270 924 3332 tuum
953 3262 1034 3346 boo,
1061 3273 1096 3333 et
1120 3284 1237 3334 meum
1263 3277 1298 3337 et

222 3403 406 3485 commune
432 3381 597 3472 gaudium
619 3381 810 3466 imminuat,
832 3384 924 3476 quod
951 3384 1082 3476 primus
1104 3385 1164 3455 tibi
1184 3387 1297 3462 foemi-

223 3527 312 3577 neus
331 3515 452 3600 partus
471 3517 535 3576 est.
557 3505 643 3579 Nam
662 3515 701 3577 ut
722 3503 934 3597 sapientibus
953 3510 1071 3600 placet,
1094 3529 1186 3602 saepe
1202 3513 1298 3605 prin-

224 3632 348 3724 cipium
384 3629 498 3701 debile
528 3629 647 3714 melior
671 3629 805 3699 fortuna
833 3632 1066 3723 prosequitur.
1094 3633 1212 3704 Solent
1236 3638 1298 3728 qui

223 3756 374 3827 maxima
393 3753 580 3823 moliuntur
598 3751 773 3822 humiliter
788 3754 951 3825 exordiri.
971 3756 1071 3838 Quod
1088 3757 1123 3825 in
1142 3767 1175 3829 te
1192 3760 1297 3832 modo

224 3876 389 3949 credibile
414 3888 469 3947 est
493 3875 609 3967 egisse
630 3884 800 3958 naturam,
828 3888 862 3946 et
883 3875 948 3948 hoc
973 3879 1051 3950 laeto
1072 3878 1173 3951 unico
1193 3895 1295 3976 partu

156 3981 158 3984 ⁵
224 4008 284 4068 tuo
312 3979 439 4070 multos
473 3999 534 4069 tibi
566 3998 766 4069 laetissimos
794 3998 956 4092 polliceri.
990 4005 1080 4076 Satis
1113 4016 1168 4077 est
1196 4006 1296 4080 nobis

224 4119 433 4214 quicumque
453 4122 504 4194 de'
522 4132 555 4192 te
580 4122 695 4214 deque
719 4120 844 4192 illustri
868 4136 1026 4196 consorte
1057 4139 1116 4200 tuo
1142 4140 1296 4204 tumores
