2992 4664
186 318 243 379 356
650 335 811 384 vluruuuu

186 474 382 546 amantibus
414 486 449 548 et
481 498 544 548 sua
570 476 700 550 cuncta*
729 477 948 563 mirantibus,
982 479 1131 550 alienum
1158 502 1265 552 omne

187 598 367 671 sordescit.
390 600 463 670 Tibi
481 600 727 675 aninusidem
748 614 852 695 atque
872 603 1053 674 uniformis
1073 610 1144 672 est:
1168 623 1265 674 sem-

187 723 249 816 per
273 700 391 821 itaque
424 733 481 795 tua
510 727 630 816 legens
663 725 756 797 dixi:
789 720 915 817 magua
940 736 995 796 est
1025 724 1166 797 Barbati
1195 722 1262 796 'mei

186 844 377 931 humilitas,
397 868 546 939 magnus
559 869 668 931 amor3
690 842 929 920 adamantinas
949 848 1127 942 opiniones
1148 856 1186 919 et
1207 869 1262 918 ra-

187 966 317 1038 dicatos
331 969 367 1040 iu
384 971 479 1042 silice
500 991 625 1041 sensus
651 970 765 1040 habet.
793 970 845 1039 En
870 980 907 1041 ut
924 972 1038 1055 anxie,
1060 971 1161 1062 qnasi
1187 991 1263 1039 ma-

132 1149 138 1158 .
187 1090 275 1181 gnas
288 1114 384 1187 opes,
400 1115 492 1164 nuuc
509 1092 611 1165 etiam
632 1093 781 1186 ineptias
794 1088 891 1164 meas
907 1095 1041 1186 quaerit.
1054 1092 1151 1163 Unde
1171 1093 1264 1163 hoo?

187 1214 355 1286 Nimirum
376 1236 445 1286 non
466 1217 596 1307 ingenii
628 1217 707 1300 mei,
732 1217 794 1288 sed
816 1216 906 1287 illius
932 1215 1158 1307 indulgentiae
1184 1216 1262 1285 laus

188 1344 260 1421 est3
286 1338 350 1407 has
371 1338 418 1406 illi
438 1359 539 1410 curas
560 1361 673 1423 amor,
696 1339 760 1411 hoc
778 1339 943 1424 studium,
966 1339 1029 1410 hos
1047 1338 1183 1408 labores
1210 1337 1264 1406 in·

188 1462 279 1531 tulit:
305 1459 501 1552 quiesceret
528 1461 593 1532 nisi
624 1459 765 1532 amaret.
797 1462 896 1533 Haud
913 1481 1006 1531 nova
1025 1458 1165 1552 quidem
1192 1480 1261 1529 res.

188 1583 289 1674 lnops
323 1582 438 1654 iudicii
464 1584 576 1654 omnis
597 1605 735 1655 amans:
760 1585 871 1679 lippos
891 1585 1023 1656 amicus
1048 1584 1167 1653 oculos
1189 1585 1263 1652 lau-

188 1702 304 1788 dabit3
344 1704 519 1799 obliquum
554 1727 691 1791 nasum,
726 1708 878 1780 nodosos
917 1708 1059 1799 digitos,
1100 1717 1260 1777 mcestam

186 1831 352 1916 frontem,
375 1829 485 1923 genas
509 1831 639 1914 aridas,
669 1831 861 1924 squalidam
890 1852 1035 1903 comam.
1058 1828 1149 1911 Quid
1168 1828 1262 1900 onim

188 1954 277 2024 inter
297 1954 494 2025 adulantem
515 1966 550 2026 et
563 1964 735 2026 amantem
756 1955 915 2039 interest,
929 1955 996 2024 nisi
1010 1953 1104 2046 quod
1124 1952 1181 2022 ille
1200 1954 1263 2022 fal-

189 2071 243 2155 lit,
267 2072 324 2142 hio
345 2073 487 2157 fallitur,
506 2073 562 2143 ille
583 2073 795 2166 persuadere
820 2075 896 2142 vult
915 2071 1005 2155 aliis,
1025 2071 1079 2141 hic
1100 2072 1166 2140 iam
1184 2090 1263 2163 per·

189 2196 300 2268 suasit
321 2195 414 2268 sibi?
441 2196 522 2266 ,Vidi
543 2218 622 2288 ego,
649 2195 811 2280 Barbate,
833 2195 947 2265 virum
973 2193 1139 2288 optimum
1160 2213 1276 2283 quem

190 2331 385 2393 strumosae'
408 2320 591 2403 humerus,
626 2325 739 2412 quem
767 2317 990 2390 claudicantis
1024 2315 1200 2399 incessus,
1229 2324 1264 2385 et

187 2466 301 2536 quem·
319 2442 427 2513 blesae
453 2440 683 2512 confabulatio
713 2441 910 2512 delectaret.
937 2439 1172 2509 Novissimum
1198 2436 1264 2508 hoc

188 2566 303 2637 ettibi
329 2564 467 2635 accidit:
490 2563 575 2656 quid
600 2570 691 2634 euim
717 2564 876 2656 flagitas?
900 2563 985 2658 quid
1014 2562 1170 2654 quaeris‘l
1197 2562 1265 2631 Fa-

189 2698 306 2758 cessat
326 2688 370 2759 ad
396 2687 516 2757 horam
541 2708 659 2770 amor:
683 2709 751 2758 non
778 2709 873 2759 ames
894 2686 1044 2781 parcius,
1068 2685 1131 2756 sed
1152 2685 1265 2757 inccr-

189 2809 324 2903 ruptius
349 2809 500 2883 iudices:
515 2808 653 2880 videbis
674 2832 813 2903 quoque
833 2808 1055 2880 balbutientis
1068 2807 1169 2879 amici
1190 2829 1265 2878 ser-

190 2936 370 3006 munculos
402 2946 496 3007 tanto
517 2933 633 3006 studio
659 2930 690 3006 te
723 2945 857 3026 optare,
891 2943 1033 3026 quanto,
1067 2932 1133 3002 nisi
1166 2935 1265 3005 amor

188 3066 295 3139 esset,
318 3055 497 3129 abiiceres.
520 3057 570 3128 Sit
592 3069 706 3128 tamen
726 3057 786 3128 ita:
808 3056 919 3127 errori
943 3056 1035 3126 enim
1061 3065 1119 3126 tuo
1144 3065 1263 3146 gratu-

188 3184 257 3252 lor:
284 3194 365 3249 nam
391 3191 425 3249 et
448 3201 632 3251 examore
665 3179 774 3252 oritur
806 3178 922 3250 radice
940 3177 1197 3271 pulcherrima,
1227 3188 1264 3249 et

187 3307 382 3400 plusculum
414 3305 501 3374 forte
533 3325 635 3395 quarn
670 3301 858 3395 suspiceris
887 3300 1016 3370 nomini
1042 3307 1108 3371 tno'
1132 3301 1263 3370 confert

187 3423 271 3501 num
292 3429 425 3519 integre
446 3425 578 3498 iudices
594 3426 769 3496 haesitare.
784 3425 870 3509 Quis
891 3423 956 3496 scit
972 3445 1016 3496 an
1033 3431 1068 3494 et
1087 3423 1263 3494 interdum

187 3551 358 3625 derebus
385 3550 471 3631 meis
496 3558 629 3619 mutare
664 3549 869 3618 sententiam
901 3550 1002 3639 cogat
1027 3544 1268 3617 testimonium

187 3674 264 3746 talis
287 3674 375 3744 viri?
394 3673 587 3766 Utcumque
608 3670 654 3741 ita
675 3671 733 3754 sit,
750 3673 902 3765 profecto
920 3671 1148 3742 litterularum
1166 3687 1266 3738 mea·

186 3821 272 3880 rum,
294 3818 375 3892 quae
394 3796 454 3869 tibi
477 3797 551 3868 sinc
572 3796 642 3866 ullo
661 3793 861 3866 discrimine
880 3796 1017 3890 placent
1028 3801 1160 3879 omnes,
1179 3813 1264 3887 par·
1448 3768 1452 3805 ¹

187 3933 255 3994 tem
275 3922 439 4013 exiguam
464 3932 556 3992 tanta
583 3919 799 3990 solicitudine
832 3917 1073 4010 congregasti,
1101 3938 1178 3986 cum
1202 3914 1267 3987 tibi
1448 3812 1454 4068 ι

188 4046 321 4116 interim
342 4034 416 4118 uoti
442 4046 491 4116 tui
516 4040 677 4117 conscius
707 4045 814 4112 multa
840 4041 1046 4135 paraverim.
1066 4040 1139 4110 Tibi
1165 4038 1267 4130 equi-¹

187 4167 266 4238 dem
284 4159 525 4261 quodcumque
544 4165 627 4238 mihi
648 4175 702 4238 est
721 4166 906 4258 epistolare
923 4186 1061 4236 carmen
1083 4163 1260 4255 inscripsi,

1454 4518 1457 4549 Ι
