2992 4664
381 325 472 373 ttnnn
495 324 1030 383 vtunstuusoutnrus.-arrsrotl
1058 329 1085 374 v.
1203 315 1263 376 lte

180 469 276 540 nium
293 467 404 538 Graeci
421 467 563 559 vocant)
581 467 735 541 Marcum
753 469 964 554 Varronem,
981 471 1132 541 Homero
1148 481 1264 541 autem

180 588 374 679 Virgilium,
387 589 607 661 Demostheni
621 591 777 661 Marcum
788 589 936 661 Tullium
950 590 1264 675 obiecissetausus

179 722 236 781 est
251 708 296 780 ad
308 720 524 805 postremum
542 721 577 782 et
591 711 717 783 ducum
735 714 1009 785 controversiam
1030 736 1181 799 movere,
1200 737 1265 791 nec
1329 763 1356 805 ,,

179 856 260 905 eum
287 833 371 903 tanti
395 838 518 906 saltem
540 834 701 927 discipuli
725 837 908 906 veneratio
930 835 1111 906 continuit:
1139 835 1173 906 in
1197 859 1265 906 uno

181 978 266 1027 sane
304 977 448 1027 suorum
489 954 630 1047 ingenia
665 975 813 1046 prorsus
842 956 988 1050 imparia
1025 980 1093 1029 non
1125 956 1265 1029 erubuit

179 1076 352 1161 confiteri,
374 1077 595 1171 quodquam
615 1070 749 1149 tibi'ex
769 1099 873 1170 aequo
899 1079 935 1148 in
960 1078 1152 1150 moralibus
1175 1100 1265 1172 prae

162 1200 291 1294 ceptis
312 1198 479 1271 obiiceret
499 1222 567 1272 non
590 1200 744 1272 baberet.
767 1203 861 1271 Laus
879 1201 1003 1292 ingens
1025 1223 1072 1272 ex
1092 1223 1153 1272 ore
1173 1221 1265 1295 prae·
1343 1197 1348 1207 ’

181 1323 300 1394 sertim
335 1321 485 1392 bominis
512 1322 674 1404 animosi,
703 1322 822 1414 etqui
856 1331 978 1394 nostro
1011 1323 1099 1394 lulio
1132 1323 1264 1393 Caesari

180 1466 284 1516 suum
300 1443 781 1516 Alexandrumlllacedonem
796 1456 1043 1539 comparasset.
1060 1446 1130 1517 Sed
1146 1447 1265 1517 nescio

180 1567 354 1660 quomodo
368 1567 457 1638 sicut
469 1589 654 1660 corporum
672 1567 722 1638 sic
739 1567 930 1639 animorum
946 1568 1107 1659 egregias
1121 1570 1262 1647 formas,

179 1690 293 1781 aliqua
315 1710 411 1783 saepe
429 1690 549 1781 gravis
568 1689 693 1759 iniuria
711 1699 845 1759 naturae
863 1688 1032 1761 variantis
1055 1689 1262 1781 insequitur,

179 1811 255 1882 sive
275 1812 370 1904 quod
390 1813 544 1901 omnium
566 1832 694 1905 parens
712 1812 958 1904 perlectionem
980 1811 1187 1884 mortalibus
1213 1811 1266 1881 in-
1296 1822 1297 1829 ’

178 1932 275 2011 vitet
296 1934 421 2028 (eoque
442 1934 568 2025 magis,
592 1955 662 2026 quo
684 1933 728 2004 ad
749 1935 840 2005 illam
861 1935 1003 2027 propius
1023 1934 1187 2005 videntur
1208 1953 1264 2004 ac-

179 2055 329 2147 cedere),
347 2057 422 2129 sive
439 2057 535 2151 quod
553 2057 642 2127 inter
660 2059 767 2127 multa
785 2056 912 2128 decora
929 2056 1132 2128 deformitas
1150 2056 1263 2126 omnis
1284 2066 1287 2085 ¹

178 2191 333 2272 apparet,
356 2190 391 2250 et
409 2179 504 2272 quod
521 2181 556 2248 in
574 2178 724 2250 obscura
741 2180 826 2250 sacie
840 2179 948 2250 facilis
962 2198 1101 2262 naevus,
1122 2180 1156 2248 in
1174 2199 1263 2274 prae-

177 2305 271 2372 clara
291 2302 434 2375 cicatrix
455 2302 548 2375 loeda
565 2313 632 2385 est3
652 2310 747 2376 tanta
768 2303 830 2372 lux
847 2301 882 2370 in
900 2299 1007 2372 rebus
1025 2299 1199 2392 ambiguis
1216 2323 1263 2378 ex

178 2425 428 2497 contrariorum
456 2424 635 2496 vicinitate
661 2422 848 2495 suboritur.
872 2424 922 2494 Tu
943 2445 1041 2506 vero,
1063 2421 1263 2494 venerande

178 2547 237 2617 vir
261 2559 467 2631 almorum,
497 2547 526 2619 si
550 2548 736 2620 Plutarcho
762 2547 953 2632 credimuS,
981 2546 1262 2640 incomparabilis

177 2679 386 2765 praeceptor,
415 2692 569 2742 errorem
598 2671 682 2741 vitae
708 2682 791 2754 tuae,
821 2673 851 2742 si
879 2694 948 2743 non
975 2675 1160 2744 molestum
1193 2683 1259 2753 est,

177 2814 314 2865 mecum
348 2813 571 2884 recognosce.
603 2794 640 2863 ln
667 2794 821 2863 omnium
855 2797 1065 2865 saeculorum
1093 2793 1261 2865 crudelis·

178 2919 304 2987 simum
333 2915 521 3006 principem
557 2913 719 2996 incidisti,
750 2923 785 2983 et
811 2916 1017 3006 tranquillus
1048 2925 1155 2987 nauta
1184 2938 1262 3007 prc-

179 3036 278 3108 tiosis
292 3034 465 3106 mercibus
479 3046 639 3107 onustam
661 3036 779 3106 navim
797 3035 841 3106 ad
859 3037 1020 3107 infamem
1042 3048 1076 3109 et
1093 3041 1261 3131 procello-

179 3181 257 3231 sum
280 3160 461 3254 scopulum
478 3157 652 3252 appulisti.
675 3159 744 3229 Cur
765 3167 881 3230 autern
899 3159 967 3230 illic
987 3160 1123 3233 haesisti
1139 3183 1261 3255 quaeso

179 3288 238 3355 te?
258 3283 312 3353 An
334 3283 423 3353 utin
446 3291 652 3375 tempestate
673 3303 799 3374 aspera
825 3281 1064 3374 magisterium
1090 3283 1261 3376 approba·

179 3399 260 3477 res?
286 3405 356 3479 Sed
377 3406 443 3477 hoc
467 3426 569 3476 nemo
590 3404 657 3476 nisi
683 3426 804 3476 amens
830 3405 938 3498 eligia
965 3428 1079 3499 neque
1104 3407 1197 3477 enim
1222 3416 1261 3476 ut

176 3528 275 3600 fortis
295 3528 441 3623 perpeti,
465 3530 515 3599 sic
535 3528 716 3620 prudentis
733 3540 792 3599 'est
811 3538 930 3622 optare
948 3528 1154 3623 periculum:
1176 3529 1273 3657 quinp'

177 3651 281 3720 etiam
297 3650 325 3720 si
338 3649 445 3722 libera
459 3651 654 3742 prudentiae
670 3652 883 3742 relinquatur
895 3651 1028 3736 electio,
1043 3649 1154 3720 otiosa
1168 3671 1268 3737 sem-s¹

176 3795 238 3866 per
251 3776 317 3845 erit
330 3776 507 3847 fortitudo:
522 3775 604 3845 nihil
619 3777 710 3847 enim
723 3776 859 3861 incidet,
871 3775 1044 3846 adversus
1058 3772 1152 3866 quod
1168 3773 1266 3846 illiusl

177 3897 345 3970 auxilium
373 3900 627 3992 implorandum
655 3900 708 3968 sit.
737 3899 894 3971 Modesta
920 3897 1036 3990 potius
1064 3897 1137 3968 suis
1157 3905 1258 3969 utens

176 4013 333 4106 partibus
352 4024 388 4086 et
405 4015 559 4085 laetitiam
572 4014 733 4087 fraenabit
746 4015 910 4087 etvotiva
927 4012 1173 4084 moderabitur.
1191 4015 1259 4086 Sed

176 4138 338 4226 quoniam
355 4138 626 4211 innumerabiles
641 4137 1093 4222 casuseveninnt,etmulta
1109 4139 1173 4209 lert
1186 4138 1257 4208 vita
1362 4229 1364 4232 Α
