2730 4680
217 321 235 379 6
553 331 595 378 ΒΕ
616 331 718 380 REBUS
740 330 964 382 Fautttautntts

91 530 93 533 .
215 468 330 538 omnia
357 468 541 538 nuntiaret.
574 466 682 539 Multa
707 467 866 561 quidem,
895 469 955 561 qui
980 466 1085 538 fessis
1110 487 1151 536 ac
1175 487 1296 559 prope-

215 587 372 661 rantibus
393 610 470 660 mos
491 600 558 672 est,
582 593 701 684 paucis
723 592 780 663 illa
799 590 916 663 verbis
937 589 1104 684 expediit,
1131 597 1166 660 et
1190 587 1296 680 quali-

216 723 268 785 ter
293 714 436 785 affectus
460 714 596 806 singula
621 725 723 808 putas
750 714 931 785 audierim.
958 713 1073 806 Atque
1106 711 1141 780 in
1178 711 1297 804 primis

136 891 140 899 .
215 837 313 908 Laelii
334 839 401 908 mei
420 858 559 924 nomen,
581 861 659 910 cum
675 859 745 932 quo
762 838 846 910 dum
862 844 977 930 putee,
992 835 1116 931 cupide
1129 857 1203 918 oro,
1219 855 1298 904 ver-

215 979 306 1043 sare,
329 967 469 1052 totaque
486 960 581 1032 illum
599 971 713 1032 mente
730 961 970 1052 complectere.
990 959 1092 1050 Digni
1109 957 1194 1028 estis
1215 958 1298 1028 alte-

214 1090 322 1152 rutro.
342 1082 433 1154 Sane
460 1083 554 1176 quod
581 1083 740 1176 sequitur
761 1092 893 1153 nostrae
915 1080 1030 1173 gentis
1051 1079 1219 1165 adventu,
1244 1078 1297 1148 Pi-

215 1225 339 1276 sanum
360 1207 525 1299 populum
546 1207 647 1297 graui
669 1204 867 1300 suspicione
889 1204 1067 1276 turbatum
1090 1202 1209 1275 mirari
1229 1223 1299 1273 non

214 1326 338 1399 debes:
358 1350 438 1398 nam
452 1351 566 1421 neque
580 1313 668 1421 gens
690 1332 760 1401 ulla
778 1327 1018 1422 suspiciosior,
1037 1338 1073 1400 et
1091 1327 1212 1421 uipera
1233 1326 1299 1397 ista

214 1449 391 1534 terribilis,
416 1451 598 1524 rubentem
617 1434 781 1524 dentibus
798 1452 916 1523 virum
941 1451 1133 1544 stringens,
1155 1470 1299 1523 securos

215 1594 367 1666 quoque
384 1573 556 1647 sollicitat.
584 1577 620 1644 ln
640 1597 711 1667 quo
728 1573 878 1646 Caesaris
904 1573 1157 1667 providentiam
1179 1573 1297 1658 laudo,

214 1716 296 1786 quae
309 1704 345 1766 et
363 1697 486 1791 pauori
506 1696 637 1769 civium
658 1697 843 1782 succurrit,
862 1708 898 1768 et
918 1697 1043 1789 pudori
1061 1675 1212 1767 militum
1242 1715 1301 1766 oc-

214 1817 332 1888 currit.
347 1817 449 1902 Quod
460 1841 548 1891 vero
568 1820 613 1891 de
627 1819 738 1912 patria
756 1843 835 1892 mea
853 1818 995 1904 scribis,
1014 1820 1094 1890 laete
1111 1817 1300 1890 admodum

214 1939 407 2025 audieram,
424 1940 487 2012 sed
498 1943 616 2033 laetius
635 1941 721 2034 legi,
743 1953 778 2015 et
796 1942 950 2014 Romano
968 1940 1117 2035 principi
1137 1939 1300 2012 ohedien-

215 2060 296 2135 tiam
310 2087 380 2137 non
393 2064 529 2157 negari,
544 2077 580 2136 et
597 2065 627 2136 si
646 2089 716 2159 qua
737 2067 804 2138 iam
820 2075 893 2137 toto
906 2065 991 2136 orbe
1009 2053 1178 2156 neglectae
1195 2061 1300 2135 liher-

214 2186 295 2259 tatis
312 2210 396 2260 cura
416 2196 485 2273 est,
507 2209 585 2259 eam
607 2188 642 2258 in
663 2188 775 2282 patria
805 2211 883 2260 mea
902 2209 994 2259 esse.
1021 2186 1188 2260 Ultimum
1214 2185 1301 2256 nihil

214 2310 337 2393 miror,
359 2308 455 2401 quod
472 2310 517 2381 de
530 2310 607 2381 auri
618 2321 791 2404 potestate
810 2309 1024 2382 facetissime
1045 2311 1226 2382 cauillatus
1246 2329 1299 2379 es:

215 2428 287 2500 scio
311 2431 405 2500 enim
422 2452 503 2503 esse
525 2431 751 2503 verissimum
770 2433 856 2505 illud
876 2434 1002 2504 Flacci:
1072 2442 1074 2446 '

414 2697 533 2760 hurum
547 2713 603 2777 per
618 2699 736 2762 medius
752 2699 800 2762 ire
816 2699 957 2763 satellites

452 2795 489 2858 llt
504 2810 705 2875 perrumpere
722 2802 802 2859 amat
819 2812 890 2860 saxa
906 2797 1059 2875 potentius

452 2894 515 2956 Ictu
531 2895 689 2958 fulmineo.

213 3091 314 3176 Quod
334 3091 447 3184 ipsum
469 3094 505 3165 in
524 3094 622 3166 lihris
643 3097 963 3191 Metamorphoseos
990 3096 1086 3191 ponit
1115 3098 1296 3190 Apuleius

214 3214 339 3285 Certus
359 3236 436 3284 sum
461 3213 595 3309 (inquit)
615 3218 811 3309 fragilitatis
832 3220 995 3292 humanae
1016 3220 1113 3304 fidei,
1141 3230 1176 3291 et
1202 3222 1299 3312 quod

212 3336 370 3432 pecuniae
387 3345 521 3408 cunctae
547 3347 628 3409 sunt
645 3339 864 3415 difficultates
891 3343 1037 3438 pervim,
1060 3361 1216 3433 auroque
1238 3363 1297 3414 so-

213 3464 307 3532 leant
326 3460 559 3532 adamantinae
575 3464 680 3534 etiam
699 3464 866 3557 perfringi
887 3469 993 3550 fores3
1011 3487 1117 3558 quam
1141 3466 1211 3536 late
1235 3487 1298 3559 pa-

136 3658 138 3661 .
214 3595 290 3656 tens
315 3591 350 3655 et
369 3605 473 3675 quam
495 3596 576 3656 nota
598 3585 769 3659 sententia
796 3599 863 3672 est,
888 3610 968 3682 quae
995 3611 1064 3660 uon
1090 3588 1194 3660 modo
1219 3588 1297 3681 phi-

213 3708 359 3802 losopho
381 3706 445 3779 sed
459 3706 716 3802 philosophanti
730 3708 893 3781 tribuitur
906 3714 1026 3784 asello.
1041 3713 1176 3806 Legisti
1189 3710 1296 3781 credo

214 3829 539 3926 apudP0mp0nium
549 3831 686 3918 Melam,
696 3832 980 3928 cosmographiae
995 3835 1083 3909 lihro
1091 3834 1204 3921 tertio,
1215 3854 1295 3905 esse

213 3961 352 4042 gentem
374 3930 573 4048 AEthiopum
591 3955 666 4027 auri
686 3954 912 4041 ditissimam,
936 3961 1020 4031 aeris
1042 3959 1212 4052 indigam,
1240 3958 1295 4029 cui

213 4073 353 4145 raritate
385 4087 420 4147 et
445 4078 638 4171 frequentia
667 4079 778 4170 pretia
810 4102 928 4152 rerum
962 4083 1231 4164 alternantibus
1260 4088 1296 4151 et

211 4207 415 4270 ornamenta
441 4221 540 4273 aenea
567 4213 601 4273 et
634 4203 749 4273 vincla
777 4213 859 4273 sunt
878 4224 995 4275 aurea.
1018 4203 1143 4289 Nobis
1166 4205 1293 4287 amice,
1320 4185 1327 4195 ’
