2730 4680
306 302 400 350 LIBEII
425 303 599 351 I'ICESIIIL'S.
618 324 644 331 -⁷
663 303 815 352 EPISTULA
839 306 903 352 lIIlI.
1098 295 1132 356 II

464 593 641 657 EPISTULA
662 595 729 658 XIII.

223 766 419 846 rannelsetts
442 765 610 814 PE'I'IIIRL'A
632 766 735 815 LAELIO
757 767 816 816 SUO
838 770 863 816 S.
886 771 913 817 P.
937 772 965 818 II.

61 921 135 975 Euixe
150 921 283 974 hortatur
298 926 328 973 ut
347 921 489 974 Socratem
508 920 536 974 in
555 925 677 974 veterem
697 921 845 976 amicitiam
864 923 990 994 recipiat,
1011 932 1039 980 et
1062 927 1137 982 hunc

104 1011 299 1065 nihilomnino
312 1011 445 1065 adversus
459 1026 524 1065 eum
539 1010 643 1082 aliquid
657 1010 840 1082 obloquutam
849 1012 934 1067 fuisse
949 1015 1081 1070 defendit.

147 1297 264 1368 Animi
287 1298 336 1368 tui
359 1306 489 1368 statum
512 1318 559 1367 ex
580 1298 703 1367 litteris
726 1297 939 1388 intelligens
962 1308 997 1368 et
1017 1321 1136 1372 causae

59 1425 192 1495 nescius
221 1420 403 1505 hortabar,
432 1432 471 1492 ut
496 1419 781 1512 tranquillitatem
808 1420 944 1492 solitam
973 1443 1136 1495 servares

59 1560 84 1618 et
103 1547 265 1618 mortalia
283 1547 350 1615 ista
368 1553 619 1625 contemneres
640 1564 721 1636 quae
743 1552 926 1617 transeunt
945 1558 980 1616 et
1000 1547 1045 1619 ad
1066 1569 1136 1619 nou

59 1693 130 1742 esse
155 1671 333 1740 Iestmaut.
360 1670 484 1739 Postea
510 1687 686 1738 veronen
708 1667 783 1740 sine
810 1670 910 1759 gravi
934 1671 1040 1742 animi
1067 1670 1136 1742 mei

59 1797 197 1866 vulnere
219 1812 328 1863 causa
349 1790 433 1861 mihi
455 1801 524 1863 ture
550 1789 823 1883 perturbationis
850 1792 1013 1878 innotuit,
1041 1795 1136 1886 quod

59 1916 167 1987 nescio
186 1916 306 1999 cuius,
330 1913 394 1986 sed
414 1917 567 2007 prolecto
589 1914 745 1985 maledici
761 1916 832 1985 oris
850 1915 992 1987 llatibus
1009 1938 1134 1994 acoen-

59 2063 125 2126 sus,
149 2052 273 2112 contra
294 2052 392 2112 tuum
411 2062 452 2110 ac
470 2062 587 2130 meum
605 2041 784 2110 Socratem
802 2040 1016 2111 exarsisses:
1034 2051 1134 2113 tuum

57 2165 192 2259 inquam
220 2165 397 2235 Socratem
426 2173 504 2234 ante
529 2186 635 2256 quam
664 2184 803 2233 meum:
831 2162 936 2254 idque
969 2173 1002 2234 te
1031 2162 1133 2246 mihi,

57 2289 143 2380 quod
163 2286 277 2380 probe
296 2308 448 2358 noveras
469 2286 679 2377 gravissime
699 2285 862 2370 doliture,
886 2288 1034 2357 celatum
1055 2308 1136 2358 esse

58 2412 208 2483 voluisse
229 2433 323 2482 nuuc
341 2411 508 2500 intelligo,
529 2410 609 2481 hinc
627 2409 780 2480 maxime
797 2408 894 2501 quod
912 2432 986 2480 rem
1006 2420 1135 2482 tantam

59 2547 193 2628 tamque
214 2545 366 2606 atrocem
389 2556 459 2605 non
480 2556 526 2604 ex
546 2544 578 2604 te
596 2533 660 2604 sed
677 2534 816 2606 aliunde
842 2533 1037 2606 didicerim.
1064 2536 1148 2617 Ohl

58 2658 134 2752 quid
155 2659 298 2729 dicam?
319 2667 379 2728 aut
400 2658 492 2729 unde
513 2657 643 2740 ordiar,
665 2657 726 2748 qui
748 2656 888 2728 omniuo
907 2658 991 2727 nihil
1006 2669 1137 2756 praeter

58 2806 167 2855 meros
195 2781 336 2854 dolores
362 2792 421 2851 aut
449 2781 602 2872 cogitare
632 2781 768 2850 valeam
798 2791 858 2850 aut
882 2780 1002 2873 loqui?
1026 2782 1082 2852 Sic
1102 2794 1137 2855 et

58 2907 206 2977 animum
229 2906 368 2991 stravit,
391 2917 426 2976 et
443 2905 583 2976 solitum
602 2903 700 2974 vocis
713 2906 784 3001 iter
801 2903 979 2976 obstruxit
997 2928 1135 2978 moeror.

58 3030 108 3112 llt,
123 3029 189 3103 oh!
208 3029 340 3099 utinam
357 3028 441 3098 nihil
457 3050 607 3120 unquam
625 3029 740 3099 laetius
754 3027 801 3098 illi
819 3028 967 3113 accidat,
987 3029 1048 3120 qui
1065 3030 1137 3101 dis-

58 3151 140 3225 sidio
162 3161 285 3224 vestro
307 3163 344 3222 et
364 3151 475 3224 dolori
496 3174 575 3223 meo
595 3173 736 3222 eausam
754 3151 859 3223 dedit.
874 3153 969 3244 Ergo
986 3175 1053 3244 ego
1070 3154 1138 3224 Ira-

59 3286 103 3346 tcr
125 3288 196 3346 tam
218 3275 351 3366 exigui,
376 3285 445 3346 tam
468 3274 598 3344 nullius
620 3274 721 3368 pretii
742 3295 819 3348 sam
847 3275 939 3369 apud
967 3286 1014 3358 te,
1040 3287 1077 3348 ut
1102 3279 1136 3347 in

60 3407 147 3469 tanta
161 3399 354 3470 mutatione
367 3398 485 3482 animi,
498 3400 533 3468 in
548 3397 741 3470 abdicando
755 3399 812 3470 tali
827 3400 951 3483 amico,
968 3409 1038 3471 tam
1052 3397 1137 3470 fide·

60 3519 90 3607 Ii,
107 3533 176 3594 tam
201 3521 326 3606 veteri,
349 3530 417 3592 tam
445 3521 589 3614 probato
611 3543 678 3592 non
697 3522 820 3592 luerim
842 3525 900 3593 vel
922 3544 983 3613 per
1003 3523 1136 3592 litteras

61 3644 302 3737 requirendus,
326 3647 391 3728 vel,
416 3645 445 3716 si
466 3645 502 3716 id
515 3666 584 3715 uon
600 3667 750 3734 mereor,
773 3647 893 3717 saltem
912 3657 992 3739 post
1008 3645 1136 3714 Iactum

62 3786 117 3854 per
136 3769 273 3839 litteras
300 3766 515 3851 edocendus
544 3769 739 3863 praesertim
759 3791 837 3839 cum
858 3767 937 3839 mali
960 3766 1075 3850 totius,
1099 3775 1137 3836 ut

63 3886 195 3975 dicitur,
224 3913 333 3962 causa
361 3891 449 3961 sim‘?
480 3890 593 3962 Audio
619 3891 709 3962 enim
743 3890 922 3984 vipeream
950 3891 1044 3961 illam
1073 3889 1137 3960 lin-

65 4031 172 4098 guam,
196 4035 279 4105 quae
299 4013 358 4083 tibi
380 4015 558 4107 indignum
579 4014 663 4085 illud
677 4016 775 4086 virus
790 4012 964 4096 tutuderit,
982 4015 1029 4084 nil
1043 4014 1136 4086 aliud

67 4131 121 4222 ipsi
143 4138 277 4210 Socrati
298 4137 462 4222 obiicere,
486 4137 550 4208 nisi
574 4137 667 4230 quod
686 4139 742 4208 ille
765 4137 847 4206 milii
866 4149 986 4210 contra
1006 4148 1037 4210 te
1053 4140 1136 4210 sori-
