2992 4664
602 322 757 371 narsronu
781 323 821 369 tx.
974 294 976 296 ’
1197 311 1250 370 att

171 472 240 542 tius
257 471 372 541 animo
393 490 470 539 meo
487 477 554 553 est,
568 469 740 560 refugium
764 480 861 540 tunm
884 470 1001 540 offers.
1020 471 1192 541 Caeterum
1213 471 1257 543 de

170 594 325 665 adventu
346 614 424 662 meo
440 584 598 663 'breviter
625 593 674 663 sic
701 592 801 662 habe,
831 591 1075 663 Libentissime
1101 594 1256 664 venirem

172 727 210 788 ut
230 723 266 787 et
282 722 346 784 tuo
366 713 423 805 pio
443 713 621 785 desiderio
636 715 886 796 satisfacerem,
908 724 942 784 et
957 735 1042 784 meo.
1063 713 1130 784 Sed
1150 716 1259 783 multa

171 837 328 909 obstant:
364 856 492 927 corpus
528 838 617 907 ultra
651 837 792 907 modum
829 837 969 927 fragile,
1006 847 1141 928 tempus
1174 839 1260 907 sorte

172 959 275 1030 nimis
311 979 498 1050 asperum,
534 960 601 1030 iter
633 958 776 1042 durum,
812 958 1049 1041 intractabile,
1084 970 1120 1029 et
1151 970 1261 1050 'super

171 1082 290 1154 omnia
330 1081 443 1176 pudor
478 1081 545 1153 boc
585 1083 620 1152 in
652 1091 746 1152 statu
780 1104 897 1152 rerum
938 1080 1100 1152 abeundi.
1146 1079 1191 1152 At
1218 1082 1261 1149 si

176 1226 231 1276 res
265 1205 343 1275 istae
376 1203 615 1287 mitescerent,
638 1202 715 1274 lieri
748 1214 886 1298 posset,
920 1204 1134 1295 quodcirca
1166 1205 1262 1274 veris

175 1325 363 1398 adventum
387 1337 419 1397 te
446 1325 650 1409 inviserem,
670 1325 767 1418 quod
794 1326 828 1396 in
861 1325 967 1397 rebus
989 1348 1082 1397 nunc
1102 1326 1264 1401 humanis

177 1448 277 1528 unice
300 1446 422 1539 cupio,
449 1467 563 1537 neque
596 1457 651 1517 est
682 1468 772 1538 opus
804 1458 841 1517 ut
870 1448 1027 1518 locorum
1067 1447 1267 1517 amoenitate

177 1569 349 1641 solliciter.
373 1567 450 1638 Scio
480 1568 555 1637 loca
577 1590 658 1640 esse
678 1570 792 1663 qualia
821 1567 856 1639 in
878 1569 1000 1640 litteris
1022 1571 1091 1640 tuis
1114 1571 1202 1660 lego,
1229 1574 1266 1639 el

178 1693 252 1784 ipse
272 1691 388 1782 aliqua
407 1711 495 1782 puer
516 1689 604 1773 vidi,
632 1701 668 1761 et
689 1704 860 1782 praeterea
882 1693 977 1762 locus
998 1690 1125 1776 omnis,
1147 1691 1206 1762 ubi
1227 1700 1266 1761 tu

178 1833 228 1896 es,
248 1833 423 1903 nunquam
447 1811 514 1881 nisi
529 1811 790 1883 amoenissimus
803 1833 843 1881 ac
858 1811 1131 1883 iucundissimus
1149 1812 1264 1882 auimo

178 1954 256 2005 meo
274 1932 387 2005 videri
406 1944 540 2027 posset.
560 1933 701 2003 Iuvenis
723 1943 803 2003 tuus
824 1943 860 2005 et
880 1932 996 2004 studio
1018 1931 1101 2002 mibi
1128 1934 1266 2003 iunctus

178 2064 213 2126 et
231 2055 385 2137 nomine,
413 2053 616 2149 iampridem
639 2064 676 2125 et
698 2063 840 2148 propter
871 2056 921 2134 tui
950 2054 1201 2137 reverentiam,
1231 2065 1267 2124 et

181 2184 323 2270 propter
349 2176 403 2247 sui
437 2176 645 2247 industriam
677 2177 761 2247 milui
788 2198 893 2246 carus
927 2187 1164 2268 acceptusque
1188 2195 1268 2246 esse

181 2300 292 2393 coepit.
323 2299 409 2369 Nolo
434 2311 550 2371 tamen
580 2321 661 2370 eum
682 2298 750 2371 buc
775 2298 892 2369 mittas
913 2297 958 2368 ad
979 2298 1024 2368 nil
1046 2295 1141 2368 aliud
1161 2319 1266 2392 quam

171 2415 288 2492 ¹taedia
308 2431 344 2492 et
363 2443 532 2512 angores;
553 2445 633 2493 narn
664 2444 728 2494 nec
749 2445 816 2514 ego
842 2444 920 2492 snm
946 2422 1046 2492 cuius
1073 2443 1120 2491 ex
1147 2429 1269 2492 contn-

184 2529 303 2615 beinio
328 2542 411 2613 boni
432 2543 564 2635 aliquid
583 2544 628 2615 sit
652 2544 883 2639 sperandum,
906 2556 941 2616 et
962 2544 992 2613 si
1012 2542 1098 2634 quid
1116 2563 1267 2642 unquam

181 2666 319 2749 luisset,
331 2687 424 2736 nune
436 2676 529 2736 certe
542 2677 577 2736 ct
590 2678 796 2760 temporum,
812 2679 847 2739 et
866 2670 1029 2745 locorum,
1052 2675 1088 2735 et
1107 2665 1267 2736 innume-

182 2786 341 2858 rabilium
369 2788 634 2879 occupationum
662 2790 923 2861 circumventus
949 2799 1054 2880 atque
1076 2807 1268 2881 oppressus

183 2910 291 2990 mole,
319 2927 466 2997 prorsus
497 2909 532 2978 in
561 2911 675 2979 virum
703 2912 849 2979 alterum
879 2910 989 2978 evasi.
1010 2910 1085 2979 Non
1108 2931 1185 2979 snm
1207 2908 1268 3000 qui
1346 2984 1349 2986 ,

183 3032 332 3099 fueram:
363 3028 448 3097 mibi
477 3029 550 3122 ipse
567 3019 695 3119 gravis
731 3032 765 3099 in
791 3030 867 3100 dies
887 3051 929 3100 ac
949 3033 1117 3102 molestus
1138 3028 1200 3102 fio:
1223 3029 1268 3101 de

183 3151 346 3224 omuibus
372 3152 445 3223 Deo
477 3152 607 3242 gratias
641 3173 763 3242 agens,
798 3172 978 3245 annosque
1005 3175 1102 3227 meos
1127 3175 1264 3224 mecum

183 3275 259 3370 ipse
282 3277 484 3359 remetiens,
508 3287 543 3347 et
564 3276 718 3347 divinam
741 3278 854 3369 magis
880 3299 921 3348 ac
942 3277 1057 3369 magis
1074 3279 1109 3347 iu
1130 3299 1186 3347 me
1205 3276 1270 3345 mi-

185 3397 410 3470 sericordiam
444 3420 711 3490 recognoscens.
745 3400 830 3473 Nolo
855 3400 960 3493 igitur
993 3401 1111 3469 veniat
1137 3398 1269 3468 amicus

185 3540 286 3589 mens
307 3518 399 3589 unde
420 3518 566 3590 libenter
587 3519 830 3605 abscederem,
844 3520 902 3592 nbi
923 3542 988 3591 nec
1002 3519 1099 3603 mihi,
1117 3538 1182 3588 nec
1203 3515 1269 3586 sibi

186 3642 273 3712 usul-
286 3641 350 3711 sim
373 3644 526 3728 futurus,
551 3642 608 3714 nbi
631 3664 731 3715 caros
746 3657 850 3715 'meos
868 3642 953 3713 alios
973 3663 1054 3712 esse
1074 3640 1185 3711 doleo.
1203 3639 1270 3709 Ac-

184 3762 292 3834 cessit
327 3763 418 3834 enim
457 3763 504 3834 ad
541 3767 719 3836 molestias
758 3765 854 3858 quod
875 3763 1036 3835 familiola
1070 3785 1161 3846 mea,
1189 3781 1270 3853 quae

185 3885 299 3977 Papiae
321 3907 457 3957 mecum
474 3896 558 3970 erat,
583 3887 637 3957 hic
658 3893 727 3968 est3
750 3886 842 3958 unde
863 3884 1113 3976 angustissime
1135 3884 1271 3955 babita-

187 4029 275 4091 mus,
294 4008 506 4101 poenitetque
529 4031 620 4080 nunc
641 4032 696 4080 me
717 4031 780 4081 eos
800 4009 870 4109 buc
894 4028 1054 4078 vocasse.
1079 4007 1148 4080 Sed
1170 4006 1271 4076 mini-

187 4150 240 4198 me
262 4128 326 4200 ista
348 4129 620 4222 praesagiebam,
649 4132 827 4225 quamvis,
852 4140 889 4200 nt
910 4128 1029 4214 audio,
1060 4129 1106 4199 ibi
1132 4148 1270 4223 quoqne

313 4259 347 4297 ur.
1078 4249 1104 4297 at
