2992 4664
593 332 745 381 arrsronn
771 333 822 381 vn.
1187 322 1245 385 3llt

160 470 376 564 impossibile
397 472 585 542 amicorum
606 471 818 553 arbitrabar,
836 475 938 545 huius
952 477 1068 547 victus
1083 478 1247 549 instantia

159 596 266 677 cessi,
289 605 325 665 et
344 593 490 666 desueta
513 595 596 686 iugo
620 597 707 667 colla
735 597 893 668 submisi.
924 599 1022 670 Tanti
1057 611 1113 671 est
1147 602 1247 673 liber·

161 719 240 790 tatis
262 728 299 790 el
316 717 379 788 ocii
401 739 544 800 nomen,
573 739 654 809 quae
678 717 744 789 sub
766 722 857 792 illius
875 721 1020 815 imperio
1039 725 1247 817 promittun-

160 854 225 914 tur.
240 861 390 934 qnorum
407 862 461 911 me
479 842 525 911 ita
542 839 706 933 cupidum
728 854 856 915 norunt
872 867 1010 927 omnes,
1032 858 1069 917 nt
1084 847 1245 941 quisquis

160 988 216 1035 me
241 986 366 1056 capere
395 964 605 1048 decreverit,
640 986 708 1037 non
741 971 957 1060 voluptates,
994 990 1061 1038 non
1089 969 1243 1053 divitiae

74 1156 77 1163 ,
160 1112 227 1161 non
250 1089 412 1165 honores,
430 1085 489 1156 sed
512 1086 588 1158 haec
605 1089 675 1159 duo
696 1101 828 1161 tantum
854 1095 952 1162 velut
972 1113 1090 1162 escam
1115 1095 1246 1185 laqueis

160 1210 324 1281 adhibeat
347 1208 549 1280 dulciorem.
574 1213 625 1281 ‘In
646 1235 733 1283 vero
756 1214 817 1285 tibi
844 1215 1060 1307 persuadeas
1096 1238 1149 1286 me
1171 1217 1247 1288 sive

160 1332 228 1402 sub
259 1331 402 1416 Austro
432 1332 506 1402 sive
529 1333 596 1403 sub
630 1336 737 1406 Arcto
771 1357 889 1427 agam,
913 1336 1045 1408 tamdiu
1065 1337 1245 1409 robiScum

160 1455 275 1526 animo
295 1457 467 1535 loturum,
490 1456 655 1547 quamdiu
688 1480 821 1528 mecum
849 1461 965 1541 luero,
1002 1481 1065 1531 oee
1093 1483 1246 1552 unquam

160 1576 205 1647 ab
226 1577 317 1646 illius
340 1576 459 1670 optimi
479 1577 544 1647 viri
569 1576 636 1647 lide
665 1588 771 1669 alque
791 1579 962 1673 obsequio
990 1579 1247 1666 discessurum,

160 1700 225 1770 nisi
244 1722 264 1771 a
283 1722 337 1770 me
358 1700 454 1794 prius
473 1700 548 1792 ipse
569 1699 778 1773 discessero.

663 1928 741 1940 —-

566 2131 743 2196 EPISTOLA
765 2132 833 2196 VIII.

283 2309 477 2359 rnnnclscus
499 2309 669 2358 PETRAIICII
690 2309 791 2358 monto
814 2307 972 2358 elenensi
994 2307 1019 2355 S.
1043 2309 1071 2357 P.
1094 2310 1123 2357 D.

243 2448 454 2503 Adolescentem
468 2447 568 2502 litteris
582 2447 785 2503 instituendum
805 2449 864 2505 eius
879 2466 953 2504 curae
966 2449 1152 2505 commendat.

256 2685 387 2755 Amice.
409 2685 556 2755 Carmen
571 2687 751 2778 egregium
773 2685 869 2778 qnod
891 2684 1242 2778 misistisresponso,
1272 2680 1276 2687 ’

158 2828 228 2877 non
247 2806 389 2888 inficior,
409 2806 553 2898 dignum
575 2819 659 2878 erat.
680 2808 808 2879 Verum
824 2819 1016 2898 occupatos
1042 2806 1245 2877 mirabiliter

158 2941 194 3001 et
215 2928 419 3006 distractus,
443 2941 582 3020 tempus
609 2927 653 2998 ad
678 2927 744 2997 ista
770 2949 839 2998 non
866 2926 987 2996 habeo.
1017 2927 1119 3017 Agite
1142 2926 1243 2998 modo

158 3069 300 3121 summo
322 3046 437 3118 studio
461 3050 559 3142 pueri
581 3049 728 3140 insigms
754 3061 788 3120 et
811 3047 941 3120 divinae
967 3049 1093 3120 indolis
1112 3073 1241 3121 curam

158 3173 249 3262 Ego,
274 3170 459 3264 siquidm
485 3194 537 3241 me
563 3173 639 3266 opIs
660 3181 731 3249 est.
755 3172 789 3242 in
817 3184 972 3267 tempore
997 3174 1122 3245 adero:
1151 3184 1187 3246 et
1207 3190 1244 3247 ut

159 3295 317 3387 Apostoli
338 3294 448 3366 verbo
470 3303 559 3365 utar:
573 3305 608 3362 to
625 3295 794 3388 plantatis
813 3317 871 3384 epo
889 3298 1016 3387 ripato:
1034 3297 1122 3366 Deos
1134 3309 1243 3367 notem

159 3418 397 3486 incrementum
417 3417 516 3486 dabit.
540 3419 680 3487 litteras
700 3427 831 3488 vestrae
850 3419 911 3487 XV
939 3417 1072 3489 dierum
1093 3418 1241 3510 spatium

160 3539 192 3607 in
214 3539 336 3609 itinere
361 3552 574 3632 posuerunt:
601 3539 695 3631 quod
721 3540 800 3610 ideo
817 3539 978 3623 dixerim,
1001 3561 1045 3610 ne
1071 3542 1187 3610 forsan
1208 3540 1242 3608 in

160 3660 425 3732 admirationem
446 3662 597 3754 aliquam
621 3664 780 3756 responsi
803 3662 947 3735 tarditas
965 3682 1031 3733 vos
1048 3664 1241 3754 compellat.

160 3783 281 3853 Valete
314 3783 467 3854 feliciter.
497 3784 608 3854 XVIII
642 3783 867 3878 Septembris.
890 3784 1085 3856 MedIolani.
1113 3783 1240 3856 Ianne.

160 3918 280 3976 vester
303 3928 369 3977 ser.
