2730 4680
321 328 413 375 uranu
436 298 827 377 vrussruusss-smsrom
850 331 913 377 vrrs.
1029 390 1033 399 .
1135 321 1169 381 aa

92 463 206 556 paucis
227 462 428 535 nominibus
447 466 569 546 claris,
594 474 665 536 tam
690 469 812 558 procul
835 475 1019 558 tantasque
1040 488 1102 559 per
1124 481 1171 540 te·

90 586 212 658 nebras
244 585 364 657 stilum
389 590 498 659 ferre:
526 586 675 678 ideoque
709 591 765 660 vel
799 591 954 663 materiae
980 593 1036 662 vel
1064 591 1174 663 labori

92 732 245 802 parcens
262 711 366 801 longe
380 720 461 781 ante
477 712 543 782 boc
562 714 729 784 saeculum
742 711 898 784 historiae
913 714 1054 786 limitem
1069 717 1173 787 statui

91 857 127 903 ac
154 831 276 905 delixi.
298 833 447 905 Proinde
468 835 560 925 quia,
585 846 622 904 ut
642 834 727 917 dixi,
749 833 922 906 obiectum
945 830 1028 906 mihi
1049 838 1112 908 abs
1140 851 1173 908 te

91 957 218 1027 crimen
245 955 330 1026 illud
357 956 533 1046 geminum
562 959 670 1028 vestis
692 980 732 1028 ac
756 958 905 1027 nominis
933 962 1076 1030 omuino
1103 984 1172 1034 non

91 1081 201 1171 capio,
230 1089 271 1149 ut
295 1077 350 1148 bis
376 1077 518 1152 omissis
539 1079 585 1150 ad
605 1080 781 1154 intellecta
807 1083 1052 1173 respondeam,
1075 1085 1109 1154 in
1130 1106 1174 1155 eo

92 1202 182 1295 quod
202 1203 482 1275 detortunarum
503 1224 660 1274 mearum
683 1205 912 1297 prosperitate
933 1204 1069 1290 dixisti,
1092 1207 1173 1278 vide

93 1348 130 1394 ne
149 1327 206 1395 vel
233 1335 266 1394 te
290 1323 416 1415 aliquis
449 1324 502 1394 vel
538 1332 574 1393 tu
608 1344 664 1395 me
697 1325 836 1395 luseris.
865 1323 1011 1396 lnficiari
1037 1350 1174 1419 nequeo

93 1447 170 1517 mibi
198 1446 318 1518 nescio
351 1445 437 1539 qnid
470 1448 575 1517 annui
600 1468 728 1519 census
755 1448 964 1533 accrevisse,
991 1450 1174 1544 otiosoque

93 1594 129 1642 ac
150 1569 286 1641 sedenti
309 1572 482 1661 ingestum
507 1571 602 1663 quod
625 1572 741 1642 multis
760 1573 937 1664 occupatis
959 1572 1174 1666 solicitisqus

93 1704 252 1786 negatum
274 1705 339 1764 cst.
361 1691 535 1775 Quantum
554 1715 656 1764 ·vero
689 1695 794 1766 simul
820 1694 900 1765 anni
928 1708 1089 1791 sumptus
1116 1719 1173 1769 ac-

94 1816 255 1900 creverit,
286 1815 321 1886 id
349 1837 475 1907 nempe
501 1839 572 1889 non
600 1818 776 1888 aestimant
800 1819 861 1909 qui
886 1817 1038 1911 obliquis
1063 1820 1173 1893 oculis

94 1960 191 2011 omne
230 1937 334 2010 alieni
369 1939 562 2031 patrimonii
599 1941 782 2019 metientes
815 1952 1057 2032 augmentum,
1090 1964 1173 2034 quae

94 2086 229 2157 semper
253 2061 306 2135 eis
323 2064 453 2152 exigua
474 2062 641 2135 videntur
663 2064 870 2136 detrimenta
891 2085 960 2139 non
978 2077 1171 2139 numerant.
1202 2063 1203 2068 ’

92 2187 154 2258 lllis
180 2207 250 2278 ego
275 2186 322 2255 nil
346 2187 508 2278 amplius,
535 2208 626 2278 quos
654 2185 740 2258 satis
773 2207 840 2257 sua
872 2195 1010 2280 torquet
1029 2187 1170 2260 invidia.

35 2358 39 2369 .
93 2309 161 2380 Tibi
188 2319 323 2395 autem,
346 2308 401 2380 cui
422 2309 507 2379 vitae
527 2331 618 2381 meae
640 2309 809 2381 rationem
837 2310 1009 2384 redditam
1030 2333 1071 2382 ae
1094 2332 1172 2403 prn-

92 2432 200 2504 batam
237 2433 356 2517 velim,
391 2432 458 2504 hoc
491 2443 662 2526 praeterea
693 2433 853 2504 dixerim.
889 2435 1086 2509 Plusculum
1118 2445 1173 2506 est

92 2566 279 2647 proventus
297 2563 333 2624 et
351 2556 547 2646 plusculum
568 2564 623 2625 est
644 2557 825 2648 impensae.
845 2557 918 2628 Sub
935 2558 1017 2629 anni
1037 2559 1170 2631 exitum

92 2679 249 2761 attritior,
265 2677 517 2769 rubiginosior,
539 2679 650 2750 laxior
668 2690 723 2749 est
741 2703 921 2765 crumena,
940 2702 1010 2752 non
1026 2682 1171 2774 plenior.

91 2803 221 2895 Imque,
238 2814 334 2872 lanto
347 2803 414 2873 iam
434 2812 590 2895 tempore
603 2803 693 2873 inter
706 2802 848 2875 divitias
869 2817 1004 2888 exacto,
1025 2807 1116 2876 nulla
1135 2828 1173 2875 re

92 2924 204 3008 ditior,
233 2925 301 2994 nisi
327 2925 458 3017 aliquot
478 2945 648 2996 annorum
669 2928 887 3011 accessione,
915 2939 950 2998 et
973 2937 1173 3021 contemptu

92 3047 250 3119 liberiore
281 3069 397 3118 rerum
424 3045 643 3138 pereuntium
678 3049 791 3117 lactus
822 3069 910 3118 sum.
945 3051 1008 3120 11ae
1040 3049 1173 3122 divitiae
1226 3110 1228 3113 .

94 3193 177 3242 meae
210 3182 307 3253 sunt,
342 3192 411 3243 non
444 3192 533 3263 quas
568 3169 699 3241 invidia
730 3171 911 3263 praedinat,
934 3173 999 3244 sed
1024 3174 1173 3245 maiores

94 3297 197 3365 multo
209 3305 246 3365 et
258 3314 336 3365 meo
353 3293 512 3386 quidem,
527 3316 605 3364 reor
619 3293 737 3366 itidem
758 3305 816 3369 tuo
834 3296 975 3379 iudicio,
995 3296 1172 3366 certiores.

94 3414 208 3509 Neque
231 3426 344 3487 tamen
367 3415 435 3494 ista
456 3417 506 3486 sic
526 3416 693 3510 accipies,
717 3419 819 3509 quasi
845 3416 901 3488 me
926 3420 1075 3489 lortunae
1100 3438 1173 3508 poe·

19 3612 21 3617 ,
93 3537 208 3621 niteat,
225 3545 286 3609 aut
303 3538 400 3629 vulgi
419 3559 513 3609 more
530 3550 650 3610 contra
669 3539 759 3611 illam
778 3540 1006 3631 querimoniis
1024 3538 1175 3628 attingas

94 3659 268 3744 inanibus;
290 3658 389 3752 ,quod
415 3671 450 3730 et
476 3660 567 3732 illam
594 3664 702 3754 vulgo
728 3664 862 3757 aliquid
896 3685 1061 3755 magnum
1090 3661 1172 3744 dici,

94 3805 173 3856 vere
194 3792 313 3855 aulem
335 3783 420 3875 nihil
440 3805 520 3857 esse
543 3808 605 3879 per
624 3788 792 3881 seipsam
811 3788 948 3878 magnis
970 3783 1173 3856 auctoribus

96 3905 193 3996 fidem
228 3906 346 4001 habui.
375 3911 419 3980 Et
445 3910 492 3981 illi
518 3912 577 3981 uni
604 3935 683 3995 mea
703 3914 816 3983 omnis
837 3908 994 3981 innititur
1023 3910 1173 3992 fortuna,

95 4031 145 4101 cui
163 4053 245 4104 cum
267 4033 452 4109 Psalmista
474 4033 555 4105 olim
578 4034 665 4107 dixi:
690 4034 776 4104 Deus
796 4055 886 4103 meus
910 4053 942 4100 es
970 4042 1020 4115 tn,
1045 4034 1081 4102 ia
1105 4055 1177 4102 aaa·

97 4156 183 4225 aitrus
211 4159 276 4234 tuis
301 4168 402 4224 sortes
433 4180 522 4228 ntae.
562 4157 722 4241 Abunde,
762 4161 871 4242 large,
910 4154 1083 4241 munifice,
1111 4155 1175 4224 etsi
