2934 4650
569 307 725 370 arisroun
746 323 786 371 or.
1158 308 1218 368 litt

137 463 228 535 enirn
249 462 344 555 quod
364 481 449 553 erga
470 483 656 554 personam
683 472 839 535 vestram
867 460 980 535 fidelis
1001 462 1214 547 invenietur,

137 595 172 656 et
191 585 226 654 in
247 585 434 656 commisso
456 582 522 654 sibi
548 583 661 656 offioio
679 585 977 678 circumspectus:
999 593 1034 655 et
1055 606 1129 674 ego,
1158 587 1216 677 qui

136 715 257 778 vester
275 725 363 790 sum,
378 703 480 775 vobis
496 727 543 775 ex
561 704 626 776 boo
643 704 818 777 obnoxius
836 704 1027 796 obligabor.
1048 704 1082 774 Si
1101 676 1217 776 autern

137 849 206 920 ego
223 827 300 898 vice
313 847 417 898 versa
430 846 570 918 possem
586 829 672 897 forte
685 827 814 920 aliquid
830 826 930 898 vobis
945 835 1094 916 gratum,
1108 826 1219 896 Deum

140 956 256 1033 testor,
280 969 420 1040 semper
449 947 565 1019 animo
591 968 669 1019 sum
691 959 846 1040 paratus.
869 948 1030 1019 Christus
1062 945 1219 1039 omnipo·

141 1081 217 1142 tens
239 1090 306 1142 vos
327 1081 514 1160 conservet
535 1071 570 1141 in
593 1081 686 1143 statu
707 1091 876 1164 prospero
896 1078 932 1140 et
953 1069 1148 1161 tranquillo.

212 1194 365 1264 Devotus
382 1200 502 1263 vester
513 1193 722 1265 Franoiscus
743 1194 904 1264 Petrarca
925 1213 974 1276 se,
997 1190 1026 1260 si
1047 1190 1132 1283 quid
1151 1203 1216 1263 est.

249 1337 402 1408 Arquadae‚
419 1335 485 1390 XIII
500 1335 673 1392 Novembris.

518 1759 695 1824 EPISTOLA
716 1760 771 1823 LII.

197 1926 390 1977 Fannclscus
413 1925 583 1975 ruraliter
604 1923 771 1972 srssrunno
794 1923 952 1974 GOLUMNAE
975 1925 1160 1975 PRAEPOSITO

506 2024 531 2072 S.
554 2021 699 2071 nodnnltl
720 2020 746 2070 S.
769 2022 796 2070 P.
820 2023 850 2070 D.

217 2157 402 2213 Solitudinem
415 2155 524 2223 laudat,
540 2155 671 2228 doletque
686 2171 716 2209 se
732 2155 792 2210 eius
807 2154 913 2210 visendi
928 2171 978 2227 spe
991 2155 1132 2210 cecidisse.

238 2400 330 2484 Quid
362 2399 600 2472 delectationis
626 2411 661 2472 ot
686 2401 771 2494 quid
792 2402 909 2492 gaudii
938 2401 1006 2471 tuis
1029 2421 1076 2470 ox
1097 2399 1221 2471 litteris

138 2524 273 2618 oapiam
300 2543 369 2594 non
392 2524 489 2595 taoile
508 2522 682 2594 dixerim:
705 2523 767 2607 ita,
802 2536 933 2618 praeter
965 2523 1062 2616 quod
1093 2544 1158 2614 per
1183 2543 1222 2594 se

141 2648 261 2719 faciles
285 2669 325 2719 ao
346 2646 520 2733 iucundae,
541 2646 747 2719 ardentibus
768 2647 872 2718 etiam
900 2644 945 2717 ad
971 2645 1136 2716 virtutem
1161 2645 1223 2716 sti-

142 2768 245 2838 mulis
272 2771 385 2859 plenae
411 2767 456 2840 ad
488 2791 542 2838 me
574 2769 736 2851 veniunt,
764 2779 800 2839 et
825 2767 919 2838 illum
947 2766 1029 2836 mibi
1050 2775 1224 2858 praeterea

141 2899 413 2980 repraesentant,
453 2913 559 2983 quem
592 2890 712 2982 quanti
747 2891 872 2959 faciam
913 2888 1094 2958 honestius
1131 2885 1224 2980 apud

142 3029 354 3102 quemquam
391 3011 495 3081 alium
530 3011 594 3082 sim
627 3011 798 3081 dicturus.
824 3009 901 3080 Nou
927 3029 1085 3100 exequar
1117 3031 1221 3101 quam

143 3131 402 3223 penetrabiliter
422 3132 458 3201 in
479 3153 540 3204 oor
563 3155 679 3227 meum
706 3131 928 3204 descenderit
954 3130 1011 3203 illa
1041 3153 1123 3225 pars
1150 3132 1223 3224 epi-

144 3256 243 3324 stolae
270 3252 329 3323 ubi
353 3255 501 3326 fortunae
523 3254 648 3325 iniuria
668 3265 882 3348 praereptum
906 3253 1006 3326 nobis
1032 3256 1141 3325 otium
1162 3253 1223 3324 de-

144 3372 232 3445 tles:
257 3375 434 3466 quamvis,
458 3376 552 3482 quod
572 3377 617 3449 ad
639 3397 695 3446 me
720 3375 857 3461 attinet,
880 3383 916 3446 et
933 3376 994 3445 Dei
1021 3397 1168 3446 munere
1188 3385 1224 3444 et

145 3494 259 3567 studio
279 3507 383 3589 atquo
405 3508 479 3570 arte
498 3499 649 3591 quadam
670 3497 923 3570 non'omnibus
950 3497 1055 3582 sacili,
1082 3496 1223 3589 quando

143 3617 238 3688 aliud
258 3639 327 3689 non
351 3641 510 3711 possum,
533 3619 567 3689 in
590 3620 714 3693 mediis
737 3619 882 3692 urbibus
904 3620 980 3713 ipse
997 3619 1083 3690 mihi
1101 3619 1223 3691 solitu-

145 3741 261 3812 dinem
284 3750 387 3832 atque
413 3743 522 3812 otium
548 3742 699 3814 oonllare
724 3740 926 3824 didicerim
953 3751 1144 3833 contraque
1169 3762 1224 3811 re·

146 3886 222 3934 rum
251 3873 355 3955 atque
381 3863 559 3936 hominurn
595 3864 731 3937 fastidia
765 3886 869 3936 aures
905 3873 1010 3956 atque
1043 3864 1163 3934 oculos
1189 3871 1224 3932 et

146 3988 289 4078 proinde
310 3987 463 4059 animum
485 3986 679 4058 obstruere.
700 3985 802 4071 Quod
825 4009 915 4056 nuno
937 3985 1091 4055 maxime
1111 3981 1220 4054 facio:

147 4108 297 4203 alioquin
318 4113 420 4203 plane
440 4109 597 4202 perditus
619 4118 654 4186 et
678 4120 907 4203 consumptus
941 4128 1068 4181 essem.
1097 4107 1222 4180 Veram
