2738 4680
221 311 279 372 138
556 323 597 375 ne
617 323 718 374 nanus
739 323 962 375 renuntiamus

219 488 378 564 praeceps
398 477 433 540 et
448 467 578 540 nimius
596 470 706 539 nostri
731 490 829 539 amor
854 468 1010 562 impellit,
1032 468 1115 542 dum
1137 473 1210 564 pati
1231 495 1300 544 non

218 613 408 690 possumus
425 592 551 664 deesse
570 590 702 684 aliquid
718 589 819 663 nobis
840 590 992 662 omnium
1011 613 1091 686 quae
1110 592 1296 683 delectant,

220 714 406 788 etidcirco
431 715 518 787 torte
543 713 709 788 confitear
736 718 862 788 multos
890 736 970 790 esse
999 718 1058 811 qni
1086 739 1125 790 se
1154 718 1299 790 nimium

218 850 346 912 ament:
359 836 466 932 atqui
481 839 576 926 satis,
592 861 731 933 pancos.
748 840 931 925 Quomodo
947 841 1038 913 enirn
1052 862 1174 934 qnaeso
1192 865 1232 913 se
1246 861 1301 914 sa-

219 965 273 1049 tis,
301 962 366 1034 hoc
390 973 446 1033 est
471 962 596 1047 sobrie,
623 973 718 1036 amat
736 963 797 1056 qni
819 964 886 1035 sibi
905 967 1028 1036 volens
1050 965 1301 1058 sempiternam

218 1097 364 1158 mortem
382 1085 530 1178 quaerit?
549 1085 732 1170 Quomodo
751 1108 789 1159 se
810 1097 904 1159 amat
929 1087 989 1180 qui
1016 1107 1055 1159 se
1081 1088 1303 1181 inexpiabili-

219 1207 285 1281 bus
302 1206 439 1302 probris
453 1208 590 1282 obruit?
603 1211 756 1302 Denique
770 1210 944 1302 quomodo
958 1232 997 1282 se
1014 1219 1108 1282 amat
1119 1212 1179 1304 qui
1198 1211 1303 1283 Crea-

218 1339 328 1403 torem
352 1351 455 1401 suum
476 1328 571 1400 editt
589 1330 748 1402 Profecto
768 1333 861 1403 enim
877 1331 937 1424 qui
956 1353 995 1403 se
1012 1332 1128 1426 ipsum
1148 1341 1244 1404 amat
1264 1332 1304 1402 il-

219 1454 291 1525 lum
312 1464 406 1525 amet
425 1460 575 1545 oportet,
597 1454 715 1545 quise
735 1453 831 1539 fecit,
853 1475 957 1547 quem
981 1454 1010 1525 si
1031 1456 1105 1528 odit
1126 1455 1246 1549 utique
1264 1477 1302 1527 se

218 1595 288 1646 non
307 1584 409 1646 amat.
432 1575 552 1668 Neque
570 1598 657 1648 vero
671 1576 705 1648 id
719 1577 752 1647 in
768 1597 806 1647 se
824 1586 970 1660 tantum,
993 1597 1063 1670 quo
1082 1576 1131 1649 nil
1151 1586 1207 1649 est
1223 1601 1303 1673 pre

220 1694 384 1790 pinquius
404 1696 582 1789 cogitanti,
603 1698 718 1770 sedin
740 1697 846 1769 rebus
859 1699 937 1769 aliis
950 1699 1104 1790 cogitare
1117 1699 1304 1792 promptis-

109 1911 112 1914 ψ
221 1820 348 1893 simum
370 1831 435 1894 est.
463 1822 550 1906 Quis
577 1819 709 1891 umbris
735 1821 899 1894 arborum
924 1830 960 1893 et
985 1833 1155 1894 concentu
1183 1822 1303 1894 fidium

221 1944 378 2034 gaudens
393 1945 527 2018 radices
546 1943 619 2016 odit
636 1955 671 2015 et
687 1945 881 2016 citharam?
897 1945 984 2029 Quis
997 1967 1099 2038 aquae
1116 1945 1231 2017 rivum
1251 1945 1303 2018 di-

221 2067 297 2158 ligit
316 2068 421 2138 tontis
442 2067 545 2138 osor?
565 2065 669 2159 Atqui
693 2065 721 2136 si
743 2075 878 2136 amator
904 2066 1050 2138 uxorius
1083 2075 1179 2138 tanto
1207 2089 1305 2140 soce-

221 2213 298 2262 rum
319 2204 508 2264 veneratur
533 2193 658 2266 affectu
683 2194 743 2286 qui
769 2192 804 2263 in
830 2190 936 2263 tiliam
962 2201 1089 2287 praeter
1115 2211 1242 2262 nomen
1264 2213 1304 2263 ac

222 2324 402 2405 peccatum
423 2315 507 2385 nihit
529 2316 644 2397 habet,
672 2315 756 2407 quid
781 2314 951 2386 debemus
978 2316 1050 2385 Deo
1074 2315 1135 2406 qui
1157 2335 1303 2385 uxorem

222 2437 283 2527 qui
300 2433 389 2507 filios
402 2447 437 2508 et
450 2458 668 2530 quaecunque
681 2458 855 2523 amamus,
875 2436 933 2530 qui
948 2434 1100 2531 denique
1120 2456 1186 2509 nos
1199 2446 1304 2530 atquc

223 2558 357 2628 animas
383 2570 531 2643 nostras,
558 2558 686 2652 quibus
712 2579 776 2629 nos
804 2560 899 2653 ipsos
926 2569 1030 2650 atque
1051 2559 1119 2630 atio
1140 2557 1306 2651 quaelibet

222 2701 431 2765 amaremus,
445 2680 621 2754 condidit?
633 2682 668 2751 Si
682 2683 808 2754 dentur
824 2680 882 2775 (sic
896 2682 932 2751 io
950 2678 1121 2751 Codicidus
1135 2680 1305 2750 Florenti-

224 2804 284 2886 nis
305 2806 342 2872 in
363 2806 478 2894 quitus
498 2803 622 2898 aliquid
641 2804 747 2874 deesse
767 2804 977 2893 manifestum
998 2801 1056 2897 est)
1078 2813 1114 2874 et
1131 2803 1304 2896 intrepide

222 2937 379 3019 repetam
398 2949 545 2999 necesse
561 2937 616 3000 est
633 2949 714 3000 sese
733 2927 859 3012 oderit,
874 2927 956 3020 quia
969 2925 1129 3021 idipsum,
1146 2926 1306 3019 qnoddi-

222 3047 360 3133 cebam‚
383 3050 487 3122 nimis
508 3074 626 3124 amare
647 3051 765 3124 odisse
786 3061 850 3122 est.
873 3050 999 3122 Contra
1023 3049 1130 3120 amati
1156 3051 1304 3122 salutem

224 3181 279 3242 est
303 3170 411 3255 enim,
432 3193 537 3263 quam
563 3182 601 3243 ut
628 3194 731 3244 suum
757 3171 860 3243 finem
887 3169 1031 3264 respicit
1055 3190 1163 3241 verus
1190 3193 1303 3255 amor3

224 3296 333 3366 falsus
346 3293 382 3364 in
399 3296 611 3367 contrarium
632 3298 755 3379 fertur,
774 3295 870 3387 quod
888 3316 991 3365 suum
1005 3315 1045 3364 ac
1056 3292 1236 3389 proprium
1251 3303 1306 3365 est

224 3417 305 3490 odii.
327 3419 471 3490 Possem
492 3439 560 3510 ego
576 3439 715 3513 quoque
736 3428 770 3492 te
790 3439 859 3489 non
876 3437 1041 3511 spernere
1055 3414 1123 3487 nisi
1140 3424 1178 3486 tu
1191 3417 1303 3487 Deum

224 3550 329 3634 atque
350 3540 509 3613 homines
530 3542 750 3645 animumque
770 3549 866 3612 tuam
886 3559 1088 3633 sperneres:
1107 3558 1249 3631 possem
1272 3546 1305 3610 te

225 3664 296 3756 pati
316 3664 382 3736 nisi
402 3675 441 3736 tu
461 3665 624 3759 patientia
637 3664 698 3737 diu
716 3665 932 3755 multumque
948 3681 1047 3736 esses
1059 3660 1205 3733 abusus.
1219 3662 1305 3733 Pos-

226 3808 300 3858 sem
327 3786 389 3858 tihi
414 3789 529 3860 mitior
553 3786 645 3874 fieri,
673 3786 740 3858 nisi
767 3794 805 3857 tu
829 3807 942 3858 meam
968 3785 1086 3856 nescio
1115 3806 1159 3855 an
1189 3781 1302 3855 dicam

225 3911 529 3984 mansuetudinem
544 3934 588 3983 an
605 3908 801 3982 facilitatem
820 3929 865 3979 an
883 3907 1060 3980 mollitiem
1079 3908 1185 3978 stulte
1200 3905 1305 3996 simul

227 4043 331 4124 atque
348 4034 452 4127 impie
469 4037 604 4107 calcare
622 4054 690 4104 non
706 4033 855 4116 veritus,
878 4050 977 4102 meos
997 4029 1143 4102 diurnos
1163 4037 1305 4100 noctur-

226 4174 361 4248 nosque
377 4170 477 4231 actus
494 4169 553 4233 tuo
565 4159 691 4231 diurno
704 4177 744 4228 ac
758 4162 927 4228 nocturno
939 4173 1008 4228 non
1022 4151 1097 4224 ocio
1112 4150 1176 4224 sed·
1188 4161 1305 4245 torpe
