2738 4680
264 333 357 380 numn
380 332 544 384 vrcnsmos
566 333 953 385 senonens—nemnem
974 337 1026 384 xn.
1133 326 1190 388 153

103 479 177 548 lum
199 497 318 547 meum
333 473 513 559 viderem3
532 474 615 546 nibil
636 477 728 550 enim
748 477 854 551 lenme
874 477 942 550 iam
965 478 1088 571 reliqui
1104 490 1189 565 erat,

102 609 377 694 pnaeterrcorpus
394 621 435 672 ac
452 597 569 683 libros,
589 599 624 670 in
643 598 1010 693 quodavidipossent
1026 623 1067 672 no
1085 602 1190 674 lame*

103 724 159 794 lici
180 721 314 797 saevire
334 721 529 795 carnifices.
556 710 644 794 Dum
671 723 749 794 illos
768 721 877 813 fugio,
900 725 1014 795 nullas
1039 724 1191 798 latebras

102 847 222 917 nullas
238 847 420 936 angustias
440 858 652 918 recusarem.
672 847 755 915 Tam
777 843 856 916 latis
873 847 966 916 enim
988 855 1056 919 tem
1078 862 1191 919 remoss

104 970 150 1040 tis
171 970 209 1065 in3
228 967 374 1042 aedibus
385 967 558 1040 habitanti
580 970 637 1039 vel
656 967 824 1039 familiare
844 967 1031 1040 discrimen
1053 968 1098 1042 de
1121 991 1191 1063 quo

104 1093 178 1164 dixi
200 1093 338 1176 aderet,
360 1093 419 1163 vel
441 1091 569 1162 siillos
590 1090 769 1174 eiicerem,
792 1100 870 1161 erat
891 1092 925 1161 in
940 1113 982 1164 eo
995 1102 1092 1165 statu:
1111 1093 1192 1165 soli-

104 1217 189 1288 tudo
209 1214 504 1309 ipsa-discrimen.
525 1214 559 1284 Si
581 1214 723 1307 quidem
745 1214 902 1306 paucitas
923 1235 1004 1307 quae
1024 1219 1139 1309 ampla
1155 1216 1189 1289 in

103 1339 207 1410 domo
228 1337 379 1410 solitudo
397 1325 467 1420 est,
491 1337 536 1408 ad
557 1345 743 1428 angustam
760 1337 789 1406 si
810 1346 977 1421 transeat,
994 1337 1095 1412 turba
1113 1339 1189 1413 erit.
1299 1414 1304 1423 ,

104 1460 158 1537 Sic
179 1459 368 1553 hospitium
386 1467 422 1529 et
442 1478 571 1549 magna
590 1480 638 1529 ex
659 1466 757 1550 parte
766 1457 918 1530 „modum
939 1460 1022 1532 vitae
1042 1462 1088 1533 ad
1106 1473 1192 1546 tcm-

103 1603 180 1677 pus-
197 1591 333 1657 mutare
358 1592 500 1657 coactus
527 1602 628 1658 sum:
662 1600 742 1653 non„
759 1581 834 1654 sine
864 1586 1062 1675 cogentium
1080 1587 1188 1676 ‘grnvi

103 1704 466 1806 tamen-incommodo.
481 1704 568 1777 Nam
587 1726 667 1775 cum
681 1723 854 1798 colusque
874 1729 1083 1801 progressus
1097 1722 1192 1783 esset

103 1830 239 1903 illorum
260 1816 355 1903 l‘uror
376 1827 543 1911 avaritiae,
568 1827 774 1902 stimulis-et
796 1828 897 1900 rabie
912 1840 1011 1901 actus
1028 1831 1189 1916 invidiae,

103 1961 139 2026 ut
157 1974 215 2024 me
236 1974 353 2031 coram
374 1968 492 2043 neque
508 1952 612 2024 vultu
630 1969 716 2033 meo.
741 1969 856 2044 neque
877 1952 980 2029 minis
1001 1962 1061 2023 aut
1081 1954 1191 2045 preci-

103 2075 168 2148 bus
190 2074 311 2145 inflexi
341 2094 431 2153 sesew
444 2072 569 2164 gladiis
592 2094 704 2166 usque
721 2073 767 2146 ad
784 2085 930 2153 mortem
950 2073 1188 2160 confoderent,

103 2199 193 2272 vieta
214 2199 361 2270 demum
376 2195 555 2292 patientia,
571 2195 731 2273 abdicavi
757 2197 833 2270 illos
854 2221 875 2270 a
900 2184 1073 2269 mel-Utor
1098 2197 1189 2269 enim

103 2319 211 2392 verbo
225 2321 356 2414 patrio,
378 2319 472 2413 quod
492 2340 560 2411 ego
582 2319 647 2389 illis
667 2343 760 2393 vene·
774 2331 872 2413 pater
891 2323 1045 2405 sueram,
1067 2341 1191 2412 quam-

103 2465 207 2535 quam
234 2442 282 2512 illi
304 2442 387 2519 mihi
413 2464 482 2513 non
504 2441 563 2514 filii
586 2443 649 2515 sed
674 2443 897 2516 insidiatores
918 2453 1055 2530 essent,
1078 2465 1118 2516 ac
1144 2444 1191 2515 si·

102 2566 183 2636 carii
210 2567 379 2657 furesque
411 2564 605 2640 domestici.
640 2568 684 2638 Et
708 2589 802 2638 nunc
826 2567 980 2639 habeant
1013 2567 1189 2651 sane;eibi

102 2691 251 2761 fructum
280 2692 452 2760 scelerum
477 2710 644 2762 suornm:
667 2713 793 2784 nempe
818 2691 1061 2788 nonsopitum
1086 2690 1190 2772 modo

104 2811 165 2884 sed
186 2812 425 2884 insensibilem
452 2835 508 2885 me
526 2814 607 2904 rati,
632 2832 752 2906 eoque
768 2812 834 2885 sibi
860 2822 1069 2907 perpetuam
1090 2835 1191 2905 gras-

104 2933 203 3009 sandi
216 2933 392 3011 licentiam
404 2937 659 3030 promittentes
674 2945 709 3007 et
726 2938 905 3019 furtorum,
923 2938 1000 3029 prol
1019 2934 1085 3021 Dii,
1105 2935 1189 3007 nihil

103 3057 167 3129 sibi
187 3080 237 3128 ex
262 3059 356 3140 otmni
376 3052 448 3131 'sua
468 3060 626 3153 nequitia
652 3070 782 3157 praeter
803 3059 936 3131 fluxum
964 3060 1059 3150 gulae
1081 3079 1192 3151 nego
1254 3046 1257 3051 ’

102 3181 190 3261 cium
213 3203 256 3252 ac
275 3181 428 3263 libidinis
450 3184 662 3276 quaesivere.
679 3186 799 3276 ltaque
819 3181 910 3254 bene
930 3183 1053 3254 babet:
1067 3182 1187 3268 brevi,

103 3305 136 3374 ni
154 3305 268 3390 fallor,
291 3308 457 3377 esurient.
476 3309 547 3379 lam
561 3307 653 3384 enim
671 3311 764 3379 fastu
775 3306 945 3400 deposito,
964 3305 1130 3378 submissi
1147 3327 1189 3377 nc

102 3426 225 3499 deiecti
247 3426 397 3500 reditum
415 3438 539 3502 vorant:
560 3452 664 3523 quem
686 3430 716 3502 si
736 3432 930 3523 impetrent,
954 3431 1054 3522 plane
1073 3429 1187 3500 omnis

101 3550 289 3641 praeteritae
303 3553 501 3644 futuraeque
518 3550 675 3645 perfidiae
693 3552 831 3624 veniam
850 3552 1091 3642 licentiamque
1108 3571 1188 3641 per-

101 3674 456 3767 cipientzegoautem
477 3697 546 3748 non
568 3677 672 3748 modo
688 3676 839 3759 damnis,
862 3673 1010 3758 iniuriis,
1037 3672 1185 3744 fastidiis

101 3818 240 3888 premar
273 3812 311 3870 nt
344 3802 456 3884 soleo,
491 3800 555 3872 sed
582 3799 704 3871 solatio
738 3801 840 3870 etiam
867 3798 987 3892 priver
1012 3794 1183 3866 inutilium

102 3922 335 4009 querelarum.
355 3922 462 3993 Multo
487 3923 616 4016 qnippe
642 3922 776 3994 facilius
802 3922 947 3991 inducar
971 3917 1186 4012 quibuslibet

102 4036 339 4116 hostibusne
364 4043 509 4130 dedere,
532 4040 646 4138 quam'
663 4045 705 4117 iis
731 4050 878 4137 quorum
900 4043 975 4134 ipse
994 4041 1191 4134 segnitiem·

102 4166 341 4261 saevitiamque
362 4186 468 4258 cogar
485 4170 597 4249 alere3
621 4189 700 4239 nam
716 4179 753 4238 ut
766 4176 799 4237 te
823 4163 931 4236 bostis
953 4164 1070 4250 laedat,
1090 4186 1184 4237 com<-
