2738 4680
218 303 276 367 108
555 315 597 365 nn
618 313 720 363 nunus
741 311 964 369 rnummumus

217 475 316 549 spem
336 453 420 523 vitae
440 451 593 525 melioris
611 449 742 521 erexit:
763 449 916 542 deniqne
935 450 996 541 qui
1017 457 1121 522 aetate
1142 461 1302 526 extrema

216 576 377 650 omnihus
411 575 488 646 aliis
518 573 635 645 multis
666 571 813 666 quidem
847 580 882 643 et
911 572 1108 664 insignibus
1143 576 1232 647 viris
1259 578 1304 650 ad

216 701 452 796 episcopatum
487 697 590 767 huius
622 697 692 767 iam
722 707 805 767 tunc
835 717 973 787 magnae
1006 694 1103 767 urbis
1138 697 1303 772 obeuntis

216 821 394 894 Ambrosii
413 820 553 904 indicio,
578 821 628 890 sic
644 822 825 913 praelatus,
847 819 909 912 qui
927 827 966 888 ut
983 819 1069 889 tanti
1090 820 1304 913 suffragato-

217 946 265 1016 ris
281 945 487 1016 sententiam
505 943 715 1027 honestaret,
735 943 958 1034 assumptum
973 963 1102 1014 munus
1116 945 1302 1034 pastoralis

217 1089 311 1140 curae
333 1087 470 1138 summa
491 1065 584 1136 rexit
603 1064 801 1155 integritate
826 1072 931 1156 atque
956 1063 1086 1135 eximia
1108 1067 1303 1140 sanctitate.

216 1193 301 1262 Haec
332 1189 416 1260 mihi
449 1189 619 1259 haetenus
653 1187 697 1259 de
730 1185 797 1257 hoc
828 1207 921 1258 novo
943 1206 1032 1257 meo
1062 1185 1203 1280 hospite
1224 1200 1305 1264 nota

218 1322 315 1385 sunt:
335 1321 465 1384 coetera
486 1312 584 1383 novit
604 1308 782 1381 aethereus
802 1306 933 1402 hospes
954 1329 1053 1380 suus.
1076 1311 1121 1380 Et
1142 1310 1222 1385 haec
1244 1315 1305 1386 tihi

217 1435 338 1507 dolore
355 1434 510 1529 corporis
531 1456 612 1506 cum
638 1434 753 1505 animo
779 1432 982 1505 decertante
1007 1433 1223 1526 intempesto
1243 1459 1306 1508 no-

142 1536 143 1540 *
218 1559 283 1629 ctis
305 1558 444 1629 silentio
476 1559 594 1628 iacens
628 1556 753 1649 scripsi
786 1555 988 1627 difficillimo
1009 1556 1184 1629 accubitu.
1214 1559 1306 1644 Quid

219 1679 276 1752 vis
295 1679 433 1751 dicam?
452 1679 577 1750 Omnia
596 1699 676 1751 cum
697 1678 830 1752 labore:
852 1682 910 1752 vel
930 1680 1082 1773 requies.
1105 1682 1206 1754 Vale.

729 1907 808 1918 ——-

639 2134 818 2199 EPISTOLA
838 2135 897 2199 XV.

293 2304 487 2355 Fatuclsuus
508 2304 679 2354 pernhach
699 2300 832 2354 IOHANNI
852 2304 895 2354 DE
917 2304 1083 2354 chessuto
1105 2305 1132 2354 S.
1155 2307 1184 2355 Ρ.
1206 2307 1238 2355 lt.

294 2461 437 2518 Obiectam
450 2461 502 2516 sibi
515 2460 683 2516 calumniam
698 2459 786 2514 reiicit
801 2476 831 2514 se
845 2430 941 2532 gloriae
964 2461 1062 2517 Dantis
1076 2460 1240 2534 Allighierii

696 2548 829 2606 invidere.

323 2778 518 2864 Multasnnt
530 2792 774 2864 inlitteristnis
785 2791 1058 2886 haudquaquam
1070 2793 1311 2886 responsionis

225 2914 380 3008 egentia,
416 2923 456 2985 ut
470 2935 552 3008 qnae
571 2914 711 3006 singula
727 2936 838 3010 nuper
855 2913 938 2985 viva
954 2936 1042 2986 voce
1061 2914 1310 3007 transegimus.

222 3041 302 3111 ssDuo
334 3061 382 3110 ex
413 3037 576 3110 omnibus
608 3061 678 3110 non
711 3037 955 3132 praetereunda
980 3037 1132 3131 seposui.
1159 3036 1217 3111 Ad
1238 3038 1313 3108 haec

226 3159 381 3232 breviter
410 3180 491 3252 quae
518 3182 557 3232 se
587 3159 791 3247 obtulerint,
827 3160 952 3233 dicam.
986 3161 1140 3233 Primum
1166 3183 1254 3254 ergo
1282 3171 1313 3234 te

226 3282 312 3357 mihi
330 3303 497 3368 excusas,
525 3282 631 3376 idque
657 3306 726 3356 non
753 3285 881 3371 otiose,
908 3286 1005 3379 quod
1030 3286 1066 3356 in
1091 3285 1313 3358 conterranei

228 3405 343 3479 nostri
367 3405 545 3500 popularis
565 3404 706 3497 quidem
728 3405 824 3499 quod
844 3406 889 3478 ad
911 3408 1029 3478 stilum
1050 3407 1189 3492 attinet,
1219 3406 1314 3500 quod

228 3529 274 3602 ad
308 3548 382 3599 rem
416 3527 512 3599 haud
544 3525 650 3599 dubie
681 3525 825 3614 nobilis,
852 3540 966 3623 poetae
992 3529 1156 3602 laudibus
1182 3531 1313 3602 multus

228 3652 342 3725 fuisse
363 3649 515 3722 videare.
536 3649 651 3743 Atque
677 3650 725 3721 ita
750 3662 785 3723 te
810 3675 958 3746 purgas,
980 3653 1084 3747 quasi
1103 3675 1170 3745 ego
1192 3657 1251 3725 vel
1276 3653 1314 3722 il-

229 3775 297 3846 lius
319 3776 377 3846 vel
397 3775 605 3868 cuiusquam
637 3773 760 3845 laudes
795 3796 884 3848 meae
918 3777 1033 3848 laudis
1064 3776 1315 3849 detrimentum

230 3898 497 3994 putem..ltaqu'e
508 3898 680 3994 quidquid
696 3899 740 3970 de
757 3899 814 3970 iilo
831 3901 1018 3996 praedicas,
1041 3914 1149 3974 totum
1169 3901 1199 3972 si
1217 3923 1316 3998 pres-

231 4022 306 4094 sius
326 4024 516 4119 inspiciam,
539 4024 574 4094 in
595 4045 710 4097 meam
731 4025 879 4116 gloriam
899 4024 989 4095 verti
1007 4024 1072 4095 ais.
1091 4023 1222 4097 inseris
1250 4044 1311 4094 no-

232 4145 389 4220 minatim
409 4147 501 4220 hanc
520 4147 626 4233 huius
648 4146 752 4220 officii
774 4146 823 4220 tui
844 4147 1126 4235 excusationem,
1146 4149 1242 4241 quod
1260 4147 1315 4218 ille
