2738 4680
240 326 333 374 traua
355 324 519 375 vronsnrus
542 327 929 402 suounnus—nrrsronn
952 331 982 378 u.
1107 317 1164 379 123

80 494 192 565 eaque
214 483 252 544 ut
269 474 464 545 communia
485 474 519 545 in
539 486 668 570 aperto,
688 475 774 547 etin
796 478 872 570 ipso
890 489 928 550 ut
946 480 994 551 ita
1015 480 1166 552 dixerim

77 598 260 668 memoriae
281 596 478 669 vestibulo:
500 597 548 668 ita
569 608 608 670 ut
628 601 790 692 quotiens
811 603 869 672 vel
890 602 1011 673 audire
1032 601 1089 673 illa
1109 606 1165 674 vel

75 723 234 816 proferre
255 719 446 811 contigerit,
469 743 537 792 non
559 744 638 792 mea
659 743 737 793 esse
759 724 938 795 confestim
962 725 1079 810 sciam,
1102 747 1166 798 nec

74 867 129 916 me
150 846 264 929 fallat,
291 845 392 916 euius
418 845 501 931 sint,
523 866 604 938 quae
630 845 676 918 ab
696 844 754 916 illo
781 848 865 931 scio,
892 848 1054 940 eoquod
1081 871 1165 921 vere
1186 886 1192 931 ,1

73 968 122 1040 sic
144 976 185 1038 ut
205 967 318 1037 aliena
339 966 514 1059 possideo.
533 967 618 1059 Legi
639 968 732 1062 apud
748 967 940 1059 Virgilium,
960 969 1052 1061 apud
1069 971 1165 1042 Flac·

69 1113 168 1175 cum,
194 1090 288 1183 apud
309 1090 459 1172 Livium,
483 1091 577 1184 apud
597 1090 759 1175 Tullium,
787 1112 852 1162 nec
877 1094 984 1162 semel
1010 1093 1079 1183 legi
1101 1093 1163 1165 sed

69 1213 211 1298 millies
232 1234 296 1284 nec
312 1213 450 1284 cucurri
473 1211 537 1284 sed
555 1212 705 1297 incubui,
727 1223 763 1285 et
780 1214 861 1285 totis
882 1213 1012 1306 ingenii
1028 1214 1164 1288 viribus

69 1335 282 1406 immoratus
309 1357 398 1406 sum.
426 1337 525 1408 Mane
553 1337 691 1407 comedi
715 1337 809 1429 quod
839 1359 919 1409 sero
944 1338 1161 1430 digererem3

69 1460 176 1532 hausi
197 1483 284 1553 puer
307 1461 402 1553 quod
424 1461 541 1532 senior
565 1461 789 1532 ruminarem.
817 1463 899 1534 Haee
921 1483 960 1534 se
981 1463 1066 1532 mibi
1092 1476 1162 1535 tarn

69 1584 288 1656 familiariter
308 1585 503 1676 ingessere,
531 1593 567 1656 et
587 1608 655 1657 non
675 1584 781 1656 modo
801 1588 980 1657 memoriae
1006 1589 1070 1660 sed
1091 1610 1163 1659 me·
1184 1664 1186 1685 ,

72 1707 180 1778 dullis
206 1709 312 1779 affixa
339 1717 434 1793 sunt,
470 1730 647 1800 unumque
679 1730 758 1780 eum
792 1708 932 1799 ingenio
958 1712 1048 1782 facta
1081 1724 1163 1785 sunt
1184 1708 1195 1791 [t

73 1852 164 1912 meo,
190 1836 229 1900 ut
248 1828 315 1900 etsi
335 1852 397 1923 per
422 1853 561 1902 omnem
584 1831 689 1903 vitam
713 1832 860 1926 amplius
887 1855 956 1904 non
984 1836 1159 1924 legantur,

75 1955 149 2048 ipsa
170 1954 315 2047 quidem
337 1954 493 2026 haereant
512 1956 599 2027 actis
626 1956 661 2025 in
681 1956 800 2026 intima
821 1955 926 2027 animi
950 1966 1049 2049 parte
1069 1959 1162 2029 radi-

76 2076 186 2159 cibus,
217 2073 281 2147 sed
306 2077 479 2148 interdum
508 2076 695 2148 obliviscar
721 2084 920 2159 auctorem3
946 2078 1074 2170 quippe
1101 2079 1160 2170 qui

76 2203 178 2292 longo
212 2221 296 2285 usu,
330 2209 367 2271 et
398 2201 625 2293 possessione
657 2201 819 2273 continua
853 2199 954 2292 quasi
983 2200 1039 2271 illa
1071 2220 1161 2292 prae

77 2326 284 2420 scripserim,
307 2324 437 2417 diuque
459 2346 523 2417 pro
543 2324 629 2396 meis
652 2321 843 2407 habuerim,
862 2335 899 2394 et
918 2322 1021 2394 turba
1041 2321 1158 2392 talium

77 2445 258 2530 obsessus,
282 2468 346 2517 nee
366 2445 467 2517 cuius
489 2446 558 2516 sint
579 2455 690 2530 certe,
711 2468 777 2516 nec
798 2447 909 2516 aliena
931 2444 1158 2517 meminerim.

77 2572 141 2642 Hoc
161 2579 220 2642 est
239 2592 323 2661 ergo
343 2570 438 2662 quod
459 2569 617 2642 dicebam
640 2570 777 2643 notiora
799 2570 911 2662 magis
929 2571 1056 2653 fallere,
1078 2589 1159 2660 quae

77 2693 102 2762 si
133 2693 278 2787 quando
303 2696 419 2765 forsan
449 2715 496 2763 ex
522 2715 617 2764 more
650 2694 867 2765 recursantia
893 2693 929 2763 in
955 2691 1157 2763 memoriam

76 2820 233 2902 redeunt,
257 2817 382 2889 accidit
407 2826 444 2888 ut
470 2838 718 2909 nonnunquam
745 2827 913 2908 occupato
933 2826 969 2886 et
994 2815 1158 2886 inunum

76 2939 201 3031 aliquid
221 2939 450 3009 vehementer
470 2937 602 3008 intento
623 2939 751 3023 animo,
773 2960 842 3008 non
865 2946 998 3010 tantum
1021 2949 1059 3008 ut
1078 2960 1158 3032 pro-

75 3064 144 3155 pria
171 3061 233 3134 sed
259 3063 354 3154 quod
380 3058 578 3145 miraberis,
607 3070 645 3133 ut
670 3084 762 3133 nova
783 3082 822 3134 se
848 3061 1004 3133 offerant.
1029 3061 1158 3145 Quam-

75 3206 174 3275 quam
197 3183 282 3277 quid
302 3183 376 3254 dixi
393 3184 602 3255 miraturum
624 3194 665 3270 te,
686 3186 780 3278 quod
803 3185 918 3280 potius
938 3184 989 3257 sie
1009 3205 1090 3257 esse
1108 3186 1123 3253 f
1144 3224 1159 3234 -

76 3306 203 3390 tebere,
231 3284 440 3391 necessario,
455 3318 494 3378 ut
518 3330 684 3400 auguror,
713 3310 748 3379 in
769 3319 803 3380 te
830 3311 906 3402 ipso
931 3310 1000 3379 tale
1026 3305 1157 3398 aliquid

75 3433 263 3525 expertus?
281 3431 319 3501 ln
341 3430 396 3500 bis
414 3432 556 3523 quidem
576 3431 814 3503 discernendis
832 3454 899 3503 non
922 3450 1054 3523 parvus
1072 3426 1156 3497 mibi

74 3553 166 3625 labor
198 3553 329 3625 oritur:
356 3565 516 3626 nostrum
542 3556 635 3625 enim
662 3565 770 3626 testor
795 3553 989 3650 Apollinem
1018 3551 1156 3621 unicum

75 3678 214 3750 aetberei
239 3677 332 3749 lovis
354 3687 487 3765 natum,
510 3689 544 3751 et
570 3702 694 3751 verum
719 3677 901 3772 sapientiae
926 3677 1035 3746 Deum
1058 3672 1157 3744 Chri-

75 3813 175 3887 stum,
205 3825 262 3873 me
282 3825 346 3874 nec
368 3802 470 3873 ullius
496 3802 628 3895 praedae
649 3802 789 3875 avidum
828 3811 863 3873 et
896 3807 934 3871 ut
959 3784 1156 3892 patrimonii

76 3923 119 3995 sic
139 3923 271 4014 ingenii
288 3923 390 3993 alieni
412 3925 532 4015 spoliis
549 3924 736 3996 abstinere.
759 3923 794 3993 Si
813 3920 898 4019 quid
916 3920 1017 4012 aliter
1034 3919 1157 3988 inven-

76 4052 142 4117 tum
173 4045 242 4117 erit
267 4067 307 4117 ao
334 4044 423 4129 dico,
452 4049 509 4117 vel
535 4048 568 4117 in
595 4046 638 4118 iis
664 4067 753 4140 quos
780 4067 849 4116 non
875 4043 943 4134 legi
970 4037 1158 4113 similitudo

77 4169 148 4241 lecit
167 4169 403 4260 ingeniorum,
427 4149 472 4241 de
492 4191 561 4261 quo
587 4169 736 4263 epistola
756 4167 800 4240 ad
828 4178 862 4239 te
883 4165 1065 4259 superiore
1084 4162 1157 4233 dis·
