2934 4650
480 303 482 309 ·
555 308 712 388 nvisrout
732 309 838 358 xnvur.
1177 297 1234 361 437

154 446 362 540 implevistis
398 447 520 519 officia.
556 451 734 532 Deleatur,
761 470 837 535 oro,
865 449 1049 524 demedio
1076 463 1233 524 vestrum

154 570 267 640 civilis
295 569 422 641 furoris
453 592 556 641 omne
591 571 798 662 vestigium:
832 572 1051 659 incendium,
1075 575 1170 668 quod
1200 578 1234 646 in

153 691 253 762 nobis
276 672 500 786 tyrannorum
523 691 663 763 flatibus
684 704 883 779 exarserat,
907 673 1101 767 liberatoris
1124 700 1234 768 vestri

152 812 293 884 monitis
312 823 348 884 et
366 815 497 885 munita
519 813 764 887 benevolentia
785 816 1036 907 restinguatur.
1055 817 1169 889 Unum
1187 840 1234 889 ex

152 934 314 1006 omnibus
336 943 512 1007 certamen
539 935 723 1019 assumite,
758 958 825 1007 non
855 947 929 1008 uter
955 940 1142 1030 potentior,
1170 941 1234 1023 sed

152 1068 230 1128 uter
247 1058 382 1140 melior,
403 1069 480 1130 uter
497 1057 697 1152 patientior,
717 1068 793 1129 uter
814 1060 934 1152 patriae
952 1060 1124 1133 amantior
1145 1062 1235 1134 civis

152 1181 211 1264 sit,
234 1189 313 1252 uter
339 1181 462 1251 vicinis
484 1181 657 1264 humilior,
682 1192 761 1253 uter
783 1183 941 1276 tyrannis
962 1181 1129 1254 infestior.
1152 1183 1235 1255 Cer-

152 1312 221 1372 tate
249 1301 403 1372 vicissim
433 1325 512 1372 cum
539 1302 691 1373 Tribuno
711 1324 756 1373 an
777 1303 833 1373 ille
854 1303 898 1374 ad
920 1304 1067 1376 honesta
1090 1305 1234 1398 imperia

150 1422 366 1516 prudentior,
391 1445 520 1494 auvos
543 1422 587 1495 ad
607 1422 838 1495 obedientiam
861 1426 1116 1520 promptiores;
1142 1437 1176 1498 et
1204 1431 1233 1498 si

132 1547 308 1621 ,fortassis
342 1568 455 1630 amor,
482 1568 552 1638 quo
587 1546 670 1616 nibil
702 1548 790 1618 solet
809 1567 889 1618 esse
910 1548 1061 1619 validius
1084 1550 1128 1620 ad
1150 1571 1234 1620 con-

148 1667 359 1738 iunctionem
390 1667 596 1751 animorum,
628 1689 697 1738 non
717 1669 802 1740 satis
822 1669 949 1740 virium
969 1670 1087 1755 babet3
1107 1673 1234 1744 babeat

148 1792 341 1861 communis
364 1791 507 1874 utilitas,
527 1801 563 1863 et
581 1791 630 1861 sic
660 1791 801 1862 vinculo
826 1794 909 1862 nexi
929 1793 1060 1866 haerete
1082 1796 1230 1868 invicem

148 1913 327 1999 tenaciter,
357 1925 460 2006 atque
486 1911 642 2006 pacifice,
677 1925 712 1984 et
746 1914 872 1985 tradita
898 1914 1000 1986 vobis
1026 1938 1047 1987 a
1073 1917 1232 2007 patribus

146 2039 276 2109 vestris
301 2059 372 2108 non
398 2036 465 2108 nisi
492 2037 525 2105 in
553 2036 673 2106 hostes
699 2035 858 2127 publicos
892 2057 990 2108 arma
1026 2039 1229 2109 convertite.

146 2161 289 2231 Horum
309 2160 430 2242 exilio,
454 2168 621 2249 egestate,
650 2148 827 2248 suppliciis
858 2157 992 2227 illorum
1020 2156 1128 2228 cineri
1155 2161 1231 2252 pul·

146 2282 339 2353 cherrimas
372 2279 512 2350 inferias
546 2279 640 2350 date.
676 2277 742 2362 Qui
780 2277 857 2349 haec
891 2279 919 2349 si
957 2279 1040 2351 dum
1074 2292 1231 2370 aguntur

145 2405 371 2489 exultabunt,
395 2404 424 2473 si
446 2413 525 2474 ante
548 2401 797 2495 praevidissent
815 2401 1049 2494 aequanimius
1070 2404 1230 2496 expiras-

145 2538 232 2600 sent.
258 2528 326 2598 Sed
348 2527 414 2598 iam
436 2548 563 2598 vereor
584 2548 629 2598 ne
650 2527 730 2620 plus
752 2546 856 2618 aequo
876 2547 942 2597 vos
965 2526 998 2596 in
1020 2526 1140 2596 verbis
1167 2528 1228 2609 de·

145 2651 284 2734 tineam,
304 2650 369 2721 boc
387 2650 582 2742 praesertim
602 2660 769 2743 tempore,
789 2669 860 2740 quc
882 2648 980 2719 factis
1003 2651 1118 2740 potius
1139 2670 1228 2742 opus

144 2786 218 2856 est3
244 2793 325 2865 quae
351 2775 515 2864 quoniam
544 2793 658 2863 neque
689 2770 905 2863 professioni,
936 2793 1049 2861 neque
1079 2772 1227 2843 fortunae

145 2914 233 2963 meae
260 2899 463 2985 suppetunt,
481 2892 576 2984 quod
592 2913 697 2961 unum
713 2890 832 2959 auxilii
849 2910 961 2978 genus
975 2890 1102 2973 babeo,
1118 2891 1227 2963 verba

144 3011 351 3083 transmitto.
385 3012 429 3081 Et
461 3013 573 3103 primo
606 3009 747 3103 quidem
786 3009 992 3082 clarissimis
1027 3013 1227 3082 rumoribus

144 3132 317 3205 excitatus
349 3132 475 3216 invidi,
509 3135 628 3215 fateor,
655 3131 780 3202 honori
813 3144 952 3217 vestro,
981 3135 1227 3225 fortunamque

144 3275 258 3326 meam
284 3252 530 3346 multiplicibus
558 3252 710 3344 querelis
740 3255 898 3336 oneravi,
935 3254 1029 3346 quod
1055 3276 1112 3324 me
1137 3273 1227 3346 prae·

143 3378 253 3450 sentis
276 3378 360 3448 tanti
382 3376 499 3468 gaudii
520 3375 659 3447 fecisset
679 3383 870 3447 exsortem.
894 3376 962 3446 Sed
984 3397 1028 3446 ne
1044 3383 1224 3446 exsortem

141 3498 285 3583 faceret,
311 3498 408 3569 venit
433 3495 478 3568 ad
504 3517 558 3567 me
583 3518 646 3590 per
671 3505 784 3568 terras
810 3506 846 3566 et
872 3495 982 3566 maria
1008 3515 1086 3565 mea
1113 3494 1224 3564 virilis

142 3620 253 3713 portio
274 3619 415 3689 laetitiae.
438 3619 558 3711 ltaque
583 3619 754 3690 calamum
782 3616 1050 3688 festinabundus
1078 3614 1243 3709 arripui,

142 3751 179 3813 ut
199 3744 234 3814 in
256 3752 352 3815 tanto
374 3751 443 3813 tam
465 3741 591 3814 celebri
615 3741 785 3813 libertatis
803 3739 920 3834 populi
938 3760 1128 3820 consensu,
1152 3759 1223 3807 vox

140 3888 218 3938 mea
251 3866 295 3937 de
327 3866 516 3958 longinquo
543 3866 664 3936 saltem
692 3861 886 3944 audiretur,
915 3863 971 3931 vel
998 3860 1048 3932 sic
1080 3862 1223 3931 Romani

140 3990 227 4059 civis
253 3987 365 4060 officio
390 3989 566 4080 fungerer.
598 3988 769 4058 Caeterum
796 3984 890 4076 quod
925 3982 1040 4054 soluta
1067 3981 1223 4093 oratione

141 4134 230 4182 nunc
258 4112 368 4203 attigi,
406 4112 572 4202 attingam
594 4111 741 4181 fortasse
764 4106 978 4200 propediem,
998 4099 1065 4176 alic
1086 4103 1220 4176 dicendi
