2934 4650
554 339 707 386 srrsroun
729 339 834 387 xuuu.
1169 326 1224 385 lul

149 484 237 555 alius
272 482 427 573 ingenio,
461 502 565 572 quam
592 481 692 551 cuius
715 481 969 551 simulationem
993 479 1164 565 induerat,
1193 495 1232 554 ut

149 604 215 674 sub
236 604 302 675 hoe
325 601 467 673 obtentu
495 601 660 673 liberator
693 601 750 672 ille
782 602 901 694 Populi
936 603 1081 672 Romani
1115 603 1230 673 animo

149 728 262 797 latens
298 726 491 817 aperiretur
525 735 681 815 tempore
708 743 783 795 suo.
810 725 855 794 Et
880 723 971 795 illius
1004 723 1143 816 quidem
1169 746 1231 796 ve-

143 848 233 920 teris
267 848 387 918 Livius
421 847 583 940 princeps
616 843 789 927 historiae,
825 845 929 916 huius
970 855 1084 916 autem
1120 849 1229 917 vestri

149 969 363 1062 experientia
392 967 489 1039 testis
509 978 574 1039 est.
607 966 667 1036 llle
692 964 852 1056 regibus,
880 965 936 1036 hic
965 967 1121 1061 tyrannis
1148 989 1230 1039 con-

149 1099 303 1184 templus
337 1089 503 1184 primum,
534 1100 655 1183 postea
688 1089 938 1172 formidabilis;
974 1090 1069 1160 illum
1100 1089 1226 1182 legitis

149 1215 255 1292 hunc,
274 1212 413 1284 vidistis
439 1213 642 1305 despectum
664 1210 708 1282 ab
730 1209 943 1294 homiuibus,
971 1211 1099 1303 quihus
1126 1233 1229 1305 aequo

149 1336 225 1406 iure
259 1332 378 1407 vivere
412 1356 490 1404 eum
525 1331 661 1404 civibus
699 1342 856 1404 extrema
891 1333 1064 1418 servitus,
1100 1333 1229 1426 quibus

143 1457 231 1527 'nihil
267 1456 333 1527 nisi
366 1457 531 1525 iniustum
560 1465 665 1545 atque
688 1455 842 1525 insolens
864 1454 1104 1526 videturesse
1126 1475 1228 1547 posse

148 1575 391 1669 magnificum:
417 1578 464 1648 illi
491 1576 719 1647 humilitatem
743 1575 810 1646 viri
832 1576 935 1647 huius
961 1575 1228 1648 contemnebant

148 1710 251 1792 atque
284 1698 473 1782 calcabant,
497 1697 563 1769 sub
593 1720 661 1790 qua
689 1709 802 1768 tamen
830 1720 979 1790 magnus
1006 1700 1143 1769 animus
1176 1698 1228 1769 in·

148 1822 247 1892 terim
268 1819 461 1911 tegebatur.
481 1819 593 1890 'lestis
615 1842 681 1909 ego
704 1818 769 1889 sihi
792 1840 870 1889 sum
893 1841 1029 1911 semper
1046 1842 1142 1903 eum,
1162 1820 1227 1891 hoo

147 1942 240 2036 quod
273 1943 413 2013 tandem
435 1942 578 2035 peperit,
614 1941 680 2010 sub
716 1941 920 2034 praecordiis
947 1939 1136 2012 habuisse:
1164 1942 1227 2012 soal

147 2075 283 2159 tempus
318 2065 479 2134 idoneum
514 2061 739 2154 expectabat,
767 2062 861 2154 quod
893 2063 950 2135 ubi
972 2064 1090 2147 adluit,
1118 2065 1226 2135 nihilo

149 2186 292 2279 segnius
312 2186 424 2278 primo
446 2185 602 2276 arripuit.
627 2183 799 2254 Eductum
826 2185 930 2256 corde
955 2187 1128 2257 Lucretiae
1154 2189 1226 2257 cul-

145 2321 235 2382 trum
272 2319 393 2380 tenens
427 2306 535 2377 nihilo
570 2306 689 2377 utilius
718 2305 774 2376 ille
803 2306 1006 2378 concivibus
1041 2318 1122 2380 tuoe
1151 2294 1225 2379 suis

145 2432 340 2503 libertatem
356 2429 621 2522 reddiditquam
642 2429 708 2499 iste
727 2451 818 2500 nune
835 2431 948 2501 vobis.
968 2431 1040 2503 Hoc
1058 2432 1221 2516 interfuit,

146 2554 239 2645 quod
261 2554 395 2624 illorum
419 2552 584 2644 patientia
610 2551 712 2623 unius
741 2553 944 2644 indignitate
979 2554 1132 2636 sceleris,
1163 2575 1225 2623 ve-

145 2673 570 2748 stru'innumerabilious
612 2675 752 2766 flagitiis
787 2685 891 2767 atquo
937 2670 1224 2746 intollerabilibus

146 2799 281 2869 iniuriis
303 2798 394 2868 victa
415 2808 479 2867 est.
501 2799 568 2868 Pro
593 2796 721 2888 quibus
749 2797 955 2885 sauguinem
988 2808 1147 2868 vestrum
1175 2808 1224 2868 to·

146 2920 233 2990 tiens
267 2919 421 3001 fodistiS,
448 2909 537 3009 quos'
565 2917 695 2987 vestris
715 2916 930 3009 patrimoniis
953 2919 1105 3001 aluistis,
1132 2939 1221 3010 quos

145 3038 280 3133 publiea
308 3040 421 3131 inopia
454 3038 498 3109 ad
532 3038 687 3130 privatas
713 3035 830 3127 copias
848 3036 1042 3123 extulistis,
1065 3039 1087 3109 ii
1110 3061 1223 3132 neque

146 3181 208 3231 vos
225 3156 383 3232 libertate
401 3160 527 3251 dignos
545 3158 753 3241 iudicarunt,
774 3169 808 3227 et
825 3140 995 3231 laceratas
1012 3161 1222 3252 Reipublicae

146 3283 322 3375 reliquias,
346 3283 490 3375 carptim
510 3283 543 3350 iu
567 3280 740 3374 speluncis
757 3290 792 3351 et
809 3279 958 3352 infandis
977 3262 1146 3353 latrocinii
1168 3285 1220 3354 sui

145 3405 378 3497 penetralibus
418 3418 691 3498 congesserunt;
726 3429 790 3478 nec
823 3405 935 3499 pudor
970 3405 1063 3498 apud
1098 3417 1220 3496 gentes

143 3528 311 3616 vulgandi
342 3529 520 3634 facinoris,
547 3539 608 3599 aut
632 3528 777 3599 infelicis
799 3530 923 3622 patriae
946 3527 1122 3599 miseratio
1148 3529 1219 3622 pie-

145 3656 267 3739 tasquo
282 3650 458 3734 continuit,
470 3673 546 3743 .quo
560 3650 674 3721 minus
689 3660 769 3742 post
782 3650 885 3744 impie
901 3649 1045 3742 spoliata
1058 3652 1120 3721 Dei
1135 3655 1219 3722 tc‘m-

145 3772 211 3862 pla,
243 3783 428 3864 occupatas
461 3794 574 3856 arces,
602 3793 687 3866 opes
720 3772 891 3866 publicas
920 3772 1082 3862 regiones
1109 3771 1216 3855 urbia,

144 3902 247 3983 atque
269 3892 420 3971 honores
439 3894 704 3984 magistratuum
727 3896 815 3965 iuter
832 3915 871 3963 se
889 3893 1036 3976 divisoS,
1059 3918 1127 3987 qua
1150 3919 1217 3966 una

143 4012 176 4081 in
198 4036 235 4084 re
259 4014 444 4085 turbulenti
465 4036 505 4084 ac
526 4012 682 4086 seditiosi
705 4016 863 4086 homines
885 4027 920 4086 et
941 4015 1046 4088 totius
1074 4019 1216 4117 reliqum

140 4134 225 4240 uitae
258 4137 410 4209 consiliis
436 4159 475 4208 ao
503 4136 634 4209 rationo
655 4138 836 4209 discordes
864 4134 1042 4210 inhumani
1076 4139 1215 4211 foedoris
