2940 4650
219 293 278 355 478
305 311 312 315 ·
680 306 844 355 vtnrtuuu

219 449 347 542 inclyte
361 446 537 539 princeps:
555 447 663 519 Deum
677 447 974 550 etconscientiam
990 470 1109 518 meam
1126 449 1267 524 testor!
1284 457 1319 517 ot-

220 571 265 642 ad
291 591 347 640 me
373 569 575 661 quamvisa
601 571 702 660 longe
723 570 876 663 positum
905 555 987 662 pars
1014 571 1181 664 pervenit
1215 569 1321 640 lacri-

220 716 365 766 marum.
390 692 476 763 Nam
499 703 627 785 praeter
644 715 864 764 communem
885 702 920 763 et
938 691 1312 785 publicum‘dolorem,

221 817 281 908 qui
297 816 346 887 ad
368 826 472 887 tantae
492 816 602 885 ruinae
623 815 774 885 sonitum
790 816 883 888 haud
900 793 1006 886 dubie
1025 815 1206 900 omnium,
1227 826 1264 886 et
1278 814 1312 883 in

219 940 339 1030 primis
355 947 476 1029 rogum
495 959 535 1007 ac
550 947 748 1026 magnatum
766 937 874 1009 corda
894 937 1055 1018 tonuerit,
1074 938 1310 1027 cogitantium

220 1061 305 1131 nihil
324 1061 357 1130 in
380 1080 483 1129 suum
504 1070 608 1150 caput
635 1082 702 1129 nou
724 1081 889 1131 ausuram
909 1079 1042 1129 saevam
1060 1059 1155 1129 iliam
1177 1081 1310 1130 memo·
1421 1136 1425 1166 ὲ

219 1183 437 1275 nubilemque
458 1184 663 1266 Fortunam,
686 1203 766 1274 quae
788 1181 901 1253 verita
922 1180 1054 1251 nonsit
1071 1196 1180 1251 manu
1200 1182 1309 1252 sacri·
1420 1167 1424 1247 s

219 1308 298 1397 lega
320 1325 456 1376 sacrum
472 1304 630 1375 Franciae
643 1303 804 1375 diadema
817 1303 1035 1393 contingere,
1059 1313 1114 1373 est
1135 1302 1223 1371 mihi
1239 1302 1309 1394 pri·
1418 1330 1422 1357 r

220 1430 293 1497 vati
316 1427 469 1518 gemitus
502 1447 543 1495 ac
574 1425 705 1496 doloris
739 1447 846 1496 causa
876 1423 1080 1496 iustissima.
1102 1425 1193 1495 Nolo
1214 1424 1306 1495 enim
1419 1390 1423 1442 5

220 1561 340 1620 vestra
359 1549 523 1627 maiestas
545 1547 722 1618 existimet
740 1570 795 1618 me
816 1546 909 1617 illins
932 1549 1050 1619 for‘san
1077 1546 1307 1619 humanitatis

220 1670 458 1743 immemorem
480 1693 586 1762 quam
607 1671 642 1739 iu
662 1693 717 1739 me
735 1669 816 1755 olim
839 1668 1093 1740 invictissimus
1122 1690 1216 1740 avus
1247 1691 1308 1741 ve-

224 1802 296 1864 ster
315 1792 490 1875 exhibuit,
505 1815 610 1884 quam
629 1792 719 1864 idem
738 1803 860 1864 vester
878 1793 1015 1884 genitor
1042 1793 1162 1863 multis
1183 1804 1222 1864 et
1248 1816 1309 1865 va·
1397 1885 1400 1894 ³

223 1915 283 1986 riis
305 1914 563 1986 benevolentiae
597 1915 705 2006 regiae
739 1917 839 1987 auxit
868 1915 1023 1986 indiciis:
1056 1937 1162 2007 quam
1183 1928 1308 1987 vestra
1398 2000 1400 2004 y

219 2051 359 2122 quoque
376 2031 444 2112 iam
469 2039 551 2102 tuuc
572 2024 783 2101 venerabiiis
801 2030 949 2124 pueritia
970 2041 1005 2100 et
1026 2032 1193 2124 praeclara
1208 2032 1309 2103 indo·

219 2155 271 2224 les
289 2156 401 2226 fronte
422 2155 604 2226 laetissima
623 2163 658 2224 et
675 2153 897 2226 suavissimis
918 2153 1110 2226 cumulavit
1128 2153 1307 2226 affatibus.

219 2277 302 2346 Haec
323 2276 461 2366 singula
489 2275 652 2366 equidem
675 2274 777 2345 sicin
802 2275 920 2344 animo
942 2274 1065 2345 sedent
1094 2285 1200 2366 atque
1222 2272 1304 2344 imis

218 2400 358 2494 penitus
373 2410 461 2469 sunt
481 2398 588 2469 affixa
607 2398 829 2490 praecordiis,
853 2405 1025 2468 uteorum
1046 2396 1198 2467 lucidam
1212 2398 1309 2470 radi-

220 2531 405 2612 catamque
430 2520 634 2590 memoriam
665 2522 759 2595 nulia
777 2543 931 2612 unquam
957 2515 1062 2590 ullius
1083 2521 1308 2611 ingratitudi-

219 2640 274 2711 nis
296 2640 407 2711 nubes
422 2649 517 2731 tegat
534 2642 591 2710 vel
605 2643 779 2712 convellat
789 2641 929 2713 oblivio.
949 2641 1040 2725 Quin
1053 2644 1123 2713 imo
1135 2664 1214 2713 cum
1230 2645 1309 2716 avi·

222 2774 276 2845 tae,
292 2765 347 2833 vel
360 2772 521 2854 pateruae,
538 2765 595 2832 voi
609 2773 737 2834 vestrae
751 2762 974 2855 benignitatis
991 2765 1156 2856 insignia,
1171 2767 1307 2858 quihus

219 2907 274 2957 me
293 2887 452 2959 certatim
469 2908 601 2971 omnes
624 2887 801 2959 homiuem
824 2888 886 2958 vix
907 2886 1045 2975 nomine
1060 2886 1161 2958 vobis
1183 2890 1311 2980 cogni:

219 3017 310 3096 tum,
330 3011 552 3092 honestastis,
572 3013 682 3082 multa
701 3022 736 3083 et
760 3032 889 3102 magna
917 3017 996 3081 tunc
1026 3011 1150 3081 merito
1171 3009 1308 3082 iudica·
1353 3030 1357 3039 ’

219 3154 308 3203 rem:
327 3133 454 3204 deinde
472 3141 567 3204 certe
589 3143 758 3205 renovata
779 3144 883 3225 atque
902 3143 1003 3204 aucta
1021 3143 1104 3204 sunt
1130 3142 1303 3227 tempore,

188 3305 190 3309 ,
218 3275 367 3346 meoque
388 3263 519 3325 tantum
546 3278 689 3328 crevere
722 3254 863 3341 iudicio,
894 3263 932 3325 ut
964 3275 1044 3346 quac
1069 3264 1152 3325 tunc
1172 3277 1308 3347 magna

218 3377 296 3448 visa
317 3386 409 3462 suut,
435 3399 527 3448 nunc
557 3377 710 3448 maxima
734 3378 935 3461 videantur,
971 3386 1006 3447 et
1031 3397 1307 3469 prorsusomne

217 3500 378 3570 meritum
395 3522 510 3570 meum
533 3499 684 3570 vincant.
712 3499 799 3582 Quae
816 3501 967 3591 quodam
990 3509 1143 3592 tempore
1164 3520 1306 3572 mecum

217 3631 382 3714 reputans
416 3644 484 3693 uua
506 3643 586 3692 cum
608 3621 752 3714 reliquis
774 3620 936 3693 fidelibus
958 3631 994 3693 et
1014 3621 1134 3693 amicis
1160 3624 1304 3711 vestris

217 3766 345 3835 queror
374 3755 409 3816 et
429 3730 533 3836 lugeo
556 3744 640 3816 tanti
669 3743 800 3815 domiui
823 3736 890 3816 mei
911 3767 1045 3816 casum.-
1062 3745 1306 3818 Veruntamen

217 3868 374 3957 cogitans
393 3875 521 3939 statum
542 3876 700 3938 vestrum
718 3878 753 3967 et
771 3866 983 3938 iuvenilibus
1014 3866 1170 3937 humeris
1197 3868 1306 3958 regni

215 3987 352 4080 pondus
382 3989 597 4083 impositum,
632 3998 809 4082 postremo
839 3999 964 4061 cuncta
994 3987 1302 4082 circumspiciens,

215 4113 380 4200 quoniam
397 4113 507 4185 dolori
522 4134 599 4184 meo
620 4132 714 4205 aegre
734 4113 882 4206 impero,
910 4121 1066 4185 vestrum
1088 4112 1189 4206 cupio
1212 4121 1306 4186 tem-
