2992 4664
593 276 743 351 eutsrotn
769 303 811 350 tu.
1179 291 1237 350 utu

161 479 177 514 u
207 454 262 523 vel
294 453 414 522 verius
438 453 483 523 ad
502 453 680 547 Principes
707 473 815 524 meos.
844 453 887 522 Et
913 473 958 522 ne
991 465 1183 543 evagantes
1203 453 1236 522 in

161 603 176 638 u
206 575 309 645 latius
343 574 657 665 transgrediamur,
679 577 814 668 incepta
847 576 892 647 ad
927 596 1103 646 recessum
1139 585 1235 647 tuum

160 726 175 760 u
205 699 288 767 mihi
298 697 465 768 flebiliaet
473 697 532 768 tibi
541 696 723 768 obstacula
735 718 860 790 parare
877 697 1051 769 videntur.
1068 697 1238 789 Incipiunt

160 851 175 884 u
206 841 319 913 genua
339 818 509 891 debilitari
537 818 707 902 fidelium,
736 821 874 892 fortium
909 822 996 892 oolla
1030 819 1141 902 flecti,
1177 841 1235 891 seu

160 973 176 1006 u
205 944 413 1016 insolescere
439 943 554 1014 rabies
586 952 823 1039 tyrannorum.
851 942 1034 1035 Angustiae
1067 954 1149 1013 sunt
1175 965 1236 1013 un-

160 1096 176 1129 »
205 1066 327 1158 dique,
349 1065 433 1135 mihi
454 1065 603 1151 utinam,
627 1075 663 1136 ct
680 1088 748 1136 nou
770 1065 841 1138 tibi.
863 1066 900 1136 ln
922 1065 1021 1135 silvis
1045 1065 1180 1147 milites,
1204 1066 1235 1134 in

164 1218 178 1251 u
206 1189 338 1284 campis
364 1188 570 1282 praedones,
599 1190 633 1259 in
659 1189 727 1259 viis
753 1191 924 1258 latrones:
952 1185 1160 1258 insidiantur
1184 1186 1234 1266 hi,

160 1340 174 1377 u
206 1312 335 1405 tibique
368 1322 466 1382 tuum
501 1332 680 1384 recessum
715 1320 753 1382 ut
782 1310 826 1383 ad
855 1311 912 1380 illa
947 1312 1124 1401 pertingas
1163 1333 1237 1381 me-

111 1517 115 1527 ·
159 1436 269 1507 »diis
303 1434 473 1507 imbribus
506 1433 709 1528 impediunt.
750 1436 807 1506 Sic
851 1439 1024 1508 elementa
1052 1435 1237 1506 turbantur
1317 1514 1322 1526 ,

158 1585 173 1622 u
202 1568 238 1629 et
257 1581 346 1651 pene
368 1558 402 1629 iu
423 1559 603 1651 antiquum
624 1558 732 1630 chaos
754 1558 920 1629 universa
942 1568 1140 1642 vertuntur,
1156 1578 1236 1651 quae

158 1708 173 1744 u
201 1678 353 1775 pericula
367 1680 478 1780 ‘etiam
507 1679 820 1751 mibi-exterminia
849 1658 1112 1751 comminantur.
1135 1680 1179 1749 Et
1201 1692 1237 1749 ut

156 1830 172 1867 u
203 1803 395 1895 patentiora
420 1825 488 1873 uon
522 1811 752 1894 expectemus
778 1801 921 1885 iudicia,
954 1813 1097 1875 ostensa
1127 1805 1236 1895 respi-

156 1952 172 1989 u
201 1925 333 1996 ciamus
354 1926 515 2017 insignia.
551 1924 733 1997 Hiantibus
759 1924 919 1997 faucibus
952 1928 1074 2018 piratae
1106 1925 1235 1998 circum

156 2074 172 2109 u
201 2047 291 2117 circa
309 2041 528 2130 discurrunt3
555 2043 618 2117 sed
649 2047 736 2117 mira
758 2068 828 2128 reS,
863 2046 908 2117 ad
941 2069 1061 2118 eorum
1088 2047 1236 2138 remiga-

156 2195 172 2231 u
204 2169 332 2238 tionem
346 2170 432 2239 freta
447 2169 647 2253 mitescunt,
670 2169 716 2240 ad
737 2177 831 2240 tuam
852 2190 937 2240 vero
955 2170 1235 2264 repatriationem

155 2318 171 2354 u
200 2303 321 2363 contra
342 2291 481 2363 solitum
500 2293 746 2365 intumescunt.
771 2292 840 2363 Sed
861 2294 978 2364 forsan
999 2292 1043 2363 de
1069 2292 1125 2363 his
1146 2315 1235 2385 quos

154 2442 169 2476 r
198 2416 316 2508 peperi
344 2416 412 2486 tuis
435 2427 491 2487 est
520 2414 664 2487 auribus
690 2415 908 2486 intimatum:
937 2413 1083 2484 Audaces
1106 2426 1184 2485 suut
1206 2428 1237 2485 et
1327 2485 1337 2497 ,

156 2563 172 2600 u
202 2537 345 2628 duplices
376 2539 504 2623 culmo,
538 2528 710 2609 menduces
742 2549 820 2608 suut
852 2551 883 2609 et
914 2540 1089 2609 variabiles
1131 2537 1234 2609 corde.

156 2687 172 2723 n
201 2657 295 2752 Fupe
314 2664 592 2732 murmurationes
604 2663 843 2746 Romanorum,
865 2664 1028 2732 versutius
1051 2662 1235 2747 Tuscorum,

154 2810 169 2846 r
200 2784 390 2852 insolentius
415 2783 682 2856 lombardorum.
717 2782 769 2853 Art
798 2795 928 2873 pentem
956 2787 1099 2873 quletum
1126 2808 1237 2878 repre-

156 2931 172 2967 »
200 2901 289 2981 dere,
313 2907 475 2996 populum
494 2907 674 2998 simplicem
696 2915 727 2972 et
750 2903 903 2973 deuotum
934 2907 969 2973 lu
1009 2928 1072 2996 quo
1098 2905 1238 2978 delectu-

156 3053 172 3087 u
203 3025 299 3093 batur
313 3026 426 3094 culmo
453 3036 522 3110 tuo,
544 3031 581 3096 lu
606 3027 738 3117 pascuis
759 3025 925 3109 uberibus,
960 3027 997 3094 r'u
1026 3025 1236 3098 multitudiue

157 3176 172 3211 u
195 3148 300 3239 pucls.
315 3147 440 3219 Fateor
456 3168 522 3239 ego
544 3147 642 3219 ltalia
662 3147 772 3217 malos
794 3147 973 3241 peperisse
994 3151 1234 3243 quamplures
1303 3165 1305 3169 ‘

155 3297 171 3333 u
201 3270 264 3341 sed
286 3269 315 3340 si
337 3268 544 3341 infirmiores
575 3277 656 3340 sunt
689 3269 842 3353 caeteris,
870 3270 996 3362 rogito,
1025 3273 1110 3342 mihi
1132 3295 1236 3345 serva

155 3422 171 3458 u
198 3394 349 3487 quodin
370 3394 582 3466 Ecclesiaste
610 3413 705 3486 saepe
731 3393 870 3485 legisti:
902 3392 987 3485 quod
1012 3397 1162 3486 perierat
1181 3415 1236 3462 re-

155 3544 171 3580 u
200 3522 346 3607 quirum,
367 3517 453 3608 quod
471 3520 631 3587 abiectum
651 3515 817 3600 reducum,
833 3513 919 3606 quod
939 3519 1144 3605 confractum
1162 3519 1235 3605 sue-

155 3668 171 3704 »
199 3652 252 3710 rot
271 3642 421 3729 olllpabe.
444 3640 553 3711 Aliter
574 3639 604 3709 si
626 3639 671 3710 ad
690 3640 935 3732 compatriotas
958 3648 1052 3721 tuoS,
1076 3646 1115 3707 ut
1132 3637 1235 3709 adse-

156 3792 180 3827 »-
200 3763 295 3846 ritur,
323 3763 475 3856 prob0S,
503 3763 650 3856 quietos
687 3763 862 3856 simplices
882 3772 918 3832 et
939 3762 1086 3834 devotos
1121 3760 1234 3831 redire

154 3915 173 3952 u
200 3869 365 3971 delectet,
391 3887 533 3980 quaudo
557 3883 717 3957 servabis
738 3885 833 3978 quod
860 3884 934 3958 dixi
961 3883 1023 3955 tibi
1049 3883 1231 3975 Magistro:

155 4039 170 4073 u
201 4031 269 4082 nou
308 4022 354 4079 cst
394 4031 473 4102 epus
500 4010 763 4080 benevolentibus
788 4006 935 4078 mellico?
954 4009 1143 4077 lmmorare
1168 4005 1233 4098 igi-

156 4159 170 4192 υ
195 4139 257 4201 tur
283 4154 433 4217 mecum,
468 4131 671 4203 beatissimo
700 4133 855 4214 Patrum,
892 4143 929 4200 ut
956 4129 1138 4221 utriusque
1171 4149 1230 4199 na·
