2992 4664
191 306 250 367 354
650 319 810 368 vnnrnaun

191 464 271 533 licet
280 463 449 534 absentiae
462 459 643 555 dispendia
663 462 861 532 leniremus.
875 459 966 543 Quid
978 470 1104 543 autern,
1120 482 1267 554 quaeso,

118 664 121 672 ,
190 588 332 673 felicius,
354 588 440 681 quid
459 588 608 669 dulcius,
628 608 731 680 quam
751 608 829 658 cum
844 586 964 658 amicis
987 594 1095 659 totum
1114 587 1144 657 si
1162 586 1269 659 delur

190 721 326 803 tempus
347 731 452 802 agere
473 711 584 783 vitae‘l
603 709 708 803 Atqui
736 722 850 782 tecum
874 731 936 781 ero
960 711 1042 781 dum
1070 731 1126 782 mc
1150 711 1266 802 leges

190 854 325 904 mecum
347 834 416 905 eris
437 834 520 905 dum
551 843 583 904 te
608 835 732 926 legam.
762 833 906 926 Semper
938 832 1023 904 mibi
1047 835 1157 904 fateor
1177 854 1268 926 prae·

192 974 275 1027 sens
291 976 346 1038 es3
370 966 446 1027 utor
470 955 561 1026 enim
587 956 769 1048 privilegio
802 955 993 1026 amantium
1024 965 1060 1027 et
1084 955 1267 1028 absentem

192 1076 320 1148 absens
340 1078 443 1149 audio
455 1087 489 1150 et
505 1078 621 1149 video.
636 1078 754 1150 Potest
769 1077 972 1172 Apenninus
984 1099 1128 1171 corpora
1144 1090 1268 1150 nostra

192 1199 363 1285 dirimere,
382 1200 515 1271 animos
536 1202 611 1272 loca
631 1221 699 1272 non
724 1200 899 1272 dirimunt.
921 1199 1027 1292 Alpes
1049 1201 1143 1293 ipsas
1158 1201 1268 1271 inter-

195 1345 287 1407 sere,
309 1333 345 1392 et
369 1323 561 1394 Caucasum
593 1333 629 1395 et
656 1322 793 1393 Atlanta
825 1332 860 1393 et
891 1323 1074 1418 Olympum
1112 1322 1267 1394 nubibus

194 1445 364 1528 altiorem,
388 1446 500 1537 ipsum
522 1444 671 1537 denique
692 1445 866 1516 Oceanum
892 1444 1093 1540 interpone,
1119 1466 1269 1538 congre·

193 1567 328 1639 dicmur
351 1576 479 1650 lamen,
502 1566 818 1652 confabulabimur,
841 1569 1088 1659 colloquemur,
1112 1591 1180 1639 nna
1198 1568 1270 1639 eri-

194 1711 289 1773 muS,
310 1689 413 1760 simul
437 1688 750 1774 deambulabimus
780 1689 880 1760 simul
907 1688 1135 1773 caenabimus,
1163 1690 1269 1761 simul

193 1795 485 1906 pernoctabimus
506 1833 572 1882 nec
592 1811 736 1905 epistola
757 1810 872 1882 ventis
897 1812 1020 1891 allata,
1049 1813 1185 1903 qualem
1213 1811 1270 1879 Ti-

193 1935 358 2008 berianus
393 1935 630 2027 hemisphaerii
666 1935 771 2005 huius
807 1933 933 2005 accolis
965 1932 1010 2004 ab
1039 1933 1269 2026 Antipodibus

195 2061 338 2132 missam
360 2057 472 2150 fingit,
496 2059 558 2130 sed
576 2057 808 2150 praesentibus
829 2080 869 2129 ac
889 2056 980 2127 notis
1005 2057 1183 2130 affectibus
1206 2061 1271 2129 im-

193 2195 376 2278 portunam
414 2181 594 2252 vincemus
628 2180 831 2252 absentiam.
869 2180 913 2248 Et
944 2179 1023 2249 licet
1050 2180 1269 2252 obstantibus

194 2306 386 2388 elementis,
401 2303 648 2374 convenienter
664 2324 744 2375 cum
766 2302 892 2396 quovis
913 2307 1012 2375 vultu
1034 2303 1102 2399 (stc)
1124 2303 1268 2375 assidue

195 2451 330 2501 mecum
352 2428 412 2512 sis,
434 2447 498 2497 nec
523 2425 708 2517 aliquando
725 2426 945 2512 discesseris,
971 2449 1018 2498 ex
1032 2447 1103 2520 quo
1120 2427 1269 2520 primum

194 2572 295 2622 meus
314 2570 395 2619 esse
419 2548 581 2630 voluisti,
608 2555 725 2618 tamen
747 2547 785 2617 in
806 2549 927 2620 litteris
961 2550 1130 2620 recentior
1161 2559 1269 2642 atquc

194 2673 352 2745 veracior
371 2672 477 2743 facies
499 2682 557 2743 tua
577 2682 646 2757 est,
673 2681 711 2743 ut
730 2672 822 2742 inter
842 2672 1027 2764 legendum
1054 2671 1171 2745 multis
1188 2681 1270 2766 post

194 2796 331 2880 diebuS,
359 2805 486 2888 praeter
506 2796 658 2879 solitum,
681 2794 784 2887 quasi
821 2795 922 2866 vivas
955 2817 1060 2867 voces
1093 2794 1266 2866 audierim

191 2924 410 3012 ‘frontemque
422 2917 680 3012 quodammodo
693 2928 729 2990 et
748 2910 842 3013 ipsos
856 2920 956 2991 amici
976 2921 1095 3015 oculos
1116 2939 1268 3011 aspexe-

191 3043 269 3114 rim.
283 3043 333 3114 lta
349 3041 432 3112 mihi
452 3043 487 3111 in
508 3044 627 3137 paucis
648 3042 765 3114 verbis
786 3042 964 3114 eminebas
982 3054 1091 3127 totus,
1111 3051 1153 3112 'ul
1173 3041 1268 3113 dioe-

194 3188 282 3237 rem:
302 3166 358 3236 ob'!
382 3167 565 3236 femineum
581 3167 767 3257 ingenium,
782 3166 847 3236 oh!
863 3165 954 3238 bona
964 3164 1168 3247 Carmentis,
1183 3185 1266 3256 quae

189 3287 260 3361 'hoc
273 3288 362 3361 inter
382 3287 545 3360 absentes
559 3287 750 3358 remedium
767 3287 931 3359 meditata
945 3289 1000 3360 es!
1016 3290 1157 3360 Fecerat
1171 3286 1264 3358 idam

193 3413 287 3508 apud
307 3411 488 3484 Chaldaeos
512 3409 702 3493 Abraham,
717 3411 810 3505 apud
828 3412 994 3483 Hebraeos
1005 3412 1154 3507 Moyses,
1169 3411 1265 3504 apud

188 3539 331 3609 ¹Graecos
362 3536 528 3607 Cadmus:
561 3533 732 3628 AEgyptiis
755 3543 790 3603 et
816 3534 946 3605 Latinis
972 3535 1134 3606 mulieres
1159 3556 1264 3626 argn-

192 3661 338 3733 lissimae
357 3657 552 3760 providisti:
574 3657 639 3726 lsis
664 3657 849 3751 AEgyptiis,
872 3669 910 3729 tu
929 3657 1039 3742 nobis.
1061 3660 1133 3729 Hoc
1150 3658 1264 3748 igitur

186 3786 276 3856 mihi
303 3784 463 3856 solatium
494 3781 690 3853 restitutum
716 3782 869 3874 gaudee,
893 3792 1000 3875 leque
1030 3784 1134 3872 longo
1165 3783 1265 3852 velut

192 3907 401 4001 postliminio
416 3906 616 3977 redeuntem
630 3907 731 3976 laetus
744 3907 943 3997 amplector.
965 3904 1064 3976 Nunc
1075 3905 1121 3976 ad
1129 3905 1265 4001 episto-

186 4033 236 4100 ξ100
257 4041 328 4102 tuae
349 4052 491 4102 sensum
511 4030 628 4113 venio,
651 4028 710 4100 ubi
728 4029 757 4100 si
773 4028 913 4100 brevior
938 4049 1015 4100 sum
1036 4050 1142 4122 quam
1163 4029 1261 4113 velis,

192 4152 329 4223 veniam
351 4151 462 4225 dabis.
483 4153 568 4224 Nam
587 4161 622 4224 et
640 4152 769 4244 hospes
787 4173 863 4224 mea
879 4153 1033 4240 tertiana,
1055 4163 1091 4225 et
1111 4161 1264 4247 septem-
