2804 4656
531 318 572 366 DE
594 317 695 366 REBUS
716 315 938 366 sustollentes

620 603 800 668 EPISTULA
819 605 853 667 V.

343 777 537 829 ruluclscus
553 775 723 826 PETRARGA
743 773 969 825 Bomilcou'ruu
991 775 1018 825 S.
1040 776 1068 824 Ρ.
1090 777 1121 825 lt.

237 922 329 994 Magni
343 924 515 976 senectutem
528 917 695 973 faciendam:
710 916 751 970 nii
765 919 885 971 mortem
902 914 1006 970 hahere
1021 915 1096 986 quod
1114 921 1229 971 terreat.

238 1190 240 1196 ’
291 1183 406 1256 Audio
420 1183 498 1254 tein
519 1182 654 1250 senium
668 1179 773 1251 valde
785 1179 1010 1251 descendere.
1026 1177 1118 1261 Quid
1131 1181 1277 1272 loquor?

194 1311 300 1382 immo
317 1306 483 1399 equidem
503 1301 705 1375 ascendere.
725 1301 804 1374 Alta
824 1312 880 1374 est
899 1303 991 1373 enim
1017 1313 1053 1374 et
1079 1303 1276 1396 spectabilis

193 1443 238 1517 et,
252 1429 347 1523 quod
360 1447 481 1499 omnes
496 1424 727 1507 consentiunt,
742 1423 955 1496 venerabilis
967 1427 1214 1497 senectus.Vis
1225 1427 1276 1496 al-

194 1551 376 1625 titudinem
396 1571 518 1620 veram
539 1550 669 1618 nosse?
689 1544 942 1618 Adolescentiae
962 1547 1133 1618 lubricum
1149 1548 1215 1619 iter
1236 1569 1276 1619 ac

190 1675 373 1746 libidinum
392 1682 429 1742 et
442 1672 570 1742 irarum
592 1669 737 1741 nebulas
757 1690 1001 1762 supergressa,
1025 1672 1183 1762 coeloque
1197 1691 1277 1762 pro-

193 1795 354 1890 pinquior
373 1814 607 1887 quaecumque
628 1793 806 1884 suspicere
826 1791 960 1884 reliqua
980 1800 1066 1862 aetas
1088 1794 1190 1877 solet,
1206 1793 1276 1863 iam
1364 1805 1368 1810 “

194 1918 262 1990 sub
281 1916 433 2011 pedihus
452 1915 559 1988 habet
579 1937 620 1985 ac
638 1914 794 2009 despicit.
817 1915 946 1985 Curvet
967 1913 1025 1985 illa
1049 1915 1216 1986 humeros
1237 1916 1278 1985 li-

193 2051 264 2127 oet,
291 2060 483 2132 generosos
504 2050 598 2111 certe
620 2038 756 2110 animos
773 2037 909 2121 attollit,
932 2047 966 2108 et
987 2059 1199 2130 quamquam
1217 2038 1277 2129 qni

193 2164 279 2234 nihil
302 2175 430 2257 praeter
455 2184 582 2253 corpus
617 2161 787 2253 cogitant,
813 2161 992 2231 oculorum
1013 2160 1125 2231 fallaci
1151 2160 1278 2232 iudicio

194 2309 339 2359 curvam
357 2296 496 2357 aetatem
516 2306 557 2355 ao
577 2285 781 2375 depressam
799 2293 937 2377 putent,
959 2305 1043 2355 vere
1065 2283 1224 2354 sublimis
1244 2291 1280 2354 et

194 2422 290 2482 recta
310 2418 377 2480 est.
396 2408 516 2499 itaque
535 2406 695 2478 senuisse
711 2407 851 2478 doleant
867 2389 926 2497 qui
945 2427 1027 2499 spes
1047 2428 1170 2478 omnes
1183 2415 1219 2478 et
1230 2409 1279 2477 fe-

196 2530 334 2603 licitatis
352 2551 428 2602 suae
449 2551 621 2600 summam
639 2529 675 2597 in
692 2550 837 2621 corpore
854 2540 1058 2622 posuerunt.
1073 2531 1124 2600 'iu
1140 2530 1186 2601 ad
1201 2552 1279 2601 eam

196 2664 333 2726 aetatem
368 2651 570 2744 pervenisse
598 2651 728 2743 gande,
756 2651 811 2722 cui
845 2652 955 2722 maior
986 2651 1031 2722 sit
1055 2651 1162 2722 animi
1195 2672 1280 2723 cura

196 2797 300 2868 quam
323 2774 488 2868 corporis.
510 2774 611 2858 Quod
632 2773 724 2845 enirn
742 2775 890 2859 iuvenis
908 2774 1010 2867 quasi
1030 2776 1065 2844 in
1087 2776 1279 2847 adversum

196 2899 384 2988 remigans,
404 2919 542 2968 summo
558 2898 636 2968 nisu
655 2909 690 2968 et
706 2896 842 2989 magnis
860 2897 995 2969 viribus
1015 2898 1179 2984 faciebas
1197 2919 1279 2970 ecce

197 3032 236 3090 ut
255 3021 410 3092 secundo
429 3018 543 3091 aetatis
564 3023 665 3092 alveo
690 3020 871 3112 navigans
895 3029 931 3091 et
950 3021 1079 3113 quihus
1100 3044 1281 3116 oppugna-

197 3141 291 3212 baris
319 3143 474 3225 adiutuS,
501 3145 595 3215 nullo
619 3143 690 3214 iam
716 3143 942 3215 laboreiacis.
969 3144 1170 3216 insisterem
1192 3166 1278 3216 sane

197 3263 370 3336 curiosius
391 3263 472 3334 huie
493 3265 582 3348 loco,
603 3273 642 3335 ut
660 3287 782 3337 omnes
804 3267 864 3358 qui
884 3266 1050 3338 videntur
1070 3288 1222 3359 angores
1239 3288 1281 3338 nc

198 3386 377 3460 molestias
411 3387 600 3458 senectutis
632 3397 847 3473 excuterem,
878 3411 941 3460 nec
973 3389 1129 3481 graviter
1152 3391 1279 3460 serrem

200 3509 261 3581 tibi
282 3511 375 3582 huno
400 3512 573 3585 calamum
592 3521 628 3581 et
652 3511 743 3584 hanc
769 3535 873 3584 unam
899 3513 1069 3584 dieculam
1095 3523 1274 3606 praestare,

199 3634 261 3725 qui
281 3633 364 3703 mihi
382 3633 550 3727 plurimas
567 3636 776 3726 praestitisti,
791 3636 857 3707 nisi
870 3635 951 3728 quia
963 3645 998 3707 et
1015 3647 1176 3708 seneclus
1194 3634 1280 3706 satis

200 3756 292 3850 apud
311 3757 510 3830 Ciceronem
527 3758 690 3830 aCatone
700 3781 770 3830 non
787 3770 958 3832 excusata
972 3770 1105 3831 tantum
1126 3760 1189 3830 sed
1206 3761 1281 3830 lau·
1355 3762 1357 3770 ‘

201 3878 282 3950 data
301 3889 367 3963 est,
390 3890 511 3972 elego
537 3891 571 3952 te
596 3882 782 3953 fortissime
809 3882 1050 3955 senescentem
1073 3883 1177 3953 nullis
1197 3882 1279 3954 iror-

201 4000 330 4071 tatibus
342 4000 465 4072 'induci
483 4022 587 4094 posse
600 4002 748 4075 arbitror
762 4006 950 4076 utlortiore
967 4005 1084 4078 animo
1097 4025 1278 4088 senescas;

203 4142 309 4215 supra
330 4145 504 4197 summum
525 4125 617 4197 enim
638 4125 722 4197 nihil
747 4137 802 4199 est
821 4147 891 4220 quo
912 4127 958 4200 sit
983 4130 1080 4201 locus
1107 4127 1279 4201 ascensui.
