2730 4680
343 323 435 371 LIBER
457 320 632 372 vlcnsltlus.
643 339 683 352 -
693 319 848 369 urlsrott
869 320 908 369 lv.
1131 311 1168 370 15

98 459 269 534 altitudine
291 457 541 531 distrahentur.
560 457 657 526 Bene
676 454 857 549 provisum
877 465 931 526 est
949 465 986 526 ut
1005 478 1168 529 curarum

97 595 193 677 atque
227 590 368 653 actuum
400 580 632 650 humanorum
661 577 813 650 varietas
840 588 936 650 tanta
961 588 1073 665 esset,
1100 603 1170 672 quo
1247 670 1248 673 Ἴ

24 706 25 709 ’
97 731 158 780 non
179 709 293 778 solum
314 704 447 775 maiora
467 699 675 784 minoribuS,
693 680 804 772 sedet
825 700 958 773 minora
979 701 1169 775 maioribus

96 838 294 902 ornamento
312 825 548 920 praesidioque
566 824 646 895 sint.
668 823 745 894 Non
767 845 844 923 sum
867 824 1025 910 nescius,
1044 826 1169 912 amice,

96 952 133 1024 de
158 951 250 1023 luris
277 948 389 1023 civilis
420 946 537 1019 studio
570 945 689 1018 multis
719 946 998 1037 olimmagnam
1025 947 1170 1038 gloriam

95 1076 287 1168 quaesitam,
306 1094 349 1144 ea
369 1071 502 1143 scilicet
523 1080 627 1142 aetate
648 1091 718 1163 qua
739 1068 868 1141 iustitia
888 1071 978 1141 ultro
997 1067 1042 1140 ab
1059 1069 1171 1141 homi-

96 1197 191 1268 nibus
214 1195 402 1278 colebatur,
428 1194 568 1288 quando
586 1191 678 1286 apud
696 1213 766 1274 eos,
787 1201 826 1263 nt
839 1193 887 1264 ait
900 1192 1096 1278 Sallustius,
1115 1192 1170 1264 ius

13 1378 15 1386 .
96 1319 291 1412 bonumque
324 1339 393 1390 non
426 1317 565 1410 legibus
593 1306 705 1407 magis
730 1339 836 1409 quam
864 1328 988 1387 natura
1013 1314 1169 1399 valebat3

96 1445 156 1515 etsi
178 1446 247 1515 iam
268 1453 351 1514 tuno
371 1459 513 1537 propter
533 1438 701 1513 infinitam
722 1462 842 1511 rerum
861 1439 1102 1512 diversitatem
1122 1441 1172 1509 la-

88 1565 264 1657 bilemque
285 1564 488 1636 memoriam
509 1564 723 1636 necessariae
739 1564 836 1654 leges
858 1575 988 1645 essent,
1007 1582 1089 1656 quae
1109 1562 1172 1635 bo

95 1688 144 1760 die
165 1687 211 1759 ad
227 1687 433 1758 frenandam
450 1686 631 1759 audaciam
645 1686 928 1779 coercendasque
947 1685 1119 1772 libidines,
1137 1697 1187 1758 et

97 1808 136 1880 ob
155 1808 192 1879 id
218 1809 335 1901 potius
361 1808 456 1902 quod
482 1808 617 1901 absque
643 1808 699 1879 his
725 1829 836 1901 genus
862 1809 1054 1880 humanum
1079 1819 1173 1881 stare
1202 1870 1204 1874 ,

97 1936 221 2027 nequit,
257 1908 364 2025 quam
389 1933 484 2026 quod
510 1933 624 2004 virtus
650 1945 710 2004 aut
743 1934 803 2003 lex
830 1933 898 2004 ulla
928 1933 1102 2023 diligatur,
1138 1931 1171 2000 in
1201 1917 1204 1937 ²

97 2059 200 2149 pretio
222 2068 315 2129 sunt.
336 2058 469 2128 Harum
488 2056 593 2148 igitur
613 2059 730 2148 legum
749 2054 902 2125 civilium
924 2067 1121 2146 repertores
1138 2062 1173 2123 et

97 2180 299 2274 interpretes
332 2190 367 2250 et
402 2179 561 2270 magistri
596 2179 693 2251 multi
727 2177 889 2248 diversas
923 2176 1017 2268 apud
1050 2186 1173 2267 gentes

97 2304 172 2374 clari
192 2301 378 2374 habentur.
397 2305 447 2374 De
468 2302 596 2396 quibus
618 2301 859 2393 scrupulosius
877 2301 973 2392 loqui
994 2301 1082 2370 velle
1098 2301 1172 2371 lon-

98 2446 172 2516 gum
193 2435 260 2497 est.
284 2425 523 2497 Clarissimum
545 2426 637 2497 inter
657 2447 779 2498 omnes
801 2447 926 2496 nomen
948 2423 1052 2495 habet
1070 2424 1172 2496 Solon

97 2548 357 2620 Atheniensium
378 2548 513 2641 legiler,
535 2550 596 2642 qui
622 2572 702 2622 cum
723 2549 871 2642 patriam
893 2570 993 2619 suam
1018 2548 1174 2641 philoso-

96 2669 183 2760 phiae
201 2679 307 2762 atque
323 2671 534 2764 eloquentiae
553 2682 673 2744 notum
691 2674 819 2743 iontem
838 2670 1007 2742 institutis
1026 2670 1174 2743 salubri·
1212 2756 1216 2760 ¹

96 2790 156 2866 bus
176 2795 395 2880 adornasset,
415 2796 484 2867 iam
507 2797 624 2867 senior
642 2816 680 2866 sc
700 2794 746 2866 ad
763 2795 932 2887 poeticam
951 2796 1173 2867 transtulisse
1204 2890 1213 2902 ἡ
1250 2782 1253 2786 ’

97 2919 226 3010 legitur.
241 2919 343 3003 Quod
357 2919 385 2991 si
400 2918 524 2991 librato
538 2919 666 2992 iudicio
679 2920 827 3004 fecisset,
845 2928 1013 3011 quantum
1033 2917 1174 2989 deserto

99 3042 208 3114 studio
234 3042 477 3137 praeiudioium
502 3042 698 3136 peperisset
723 3043 808 3114 tanti
839 3041 1027 3114 auctoritas
1053 3041 1172 3113 deser-

99 3162 200 3234 toris?
233 3162 304 3235 Aut
330 3164 409 3256 quis
439 3165 605 3257 praeferre
629 3174 823 3250 vereretur,
851 3165 947 3258 quod
971 3165 1066 3236 illum
1091 3176 1174 3236 tunc

98 3285 247 3357 maxime
272 3287 471 3378 praetulisse
497 3297 688 3372 constaret,
716 3288 855 3381 quando
882 3287 946 3359 sibi
980 3310 1045 3360 nec
1070 3287 1173 3358 animi

97 3407 223 3494 lumen,
243 3432 308 3481 nec
326 3408 496 3484 doctrinae
518 3411 669 3496 ubertas
689 3433 754 3484 nec
773 3434 890 3483 rerum
911 3413 1047 3503 longior
1066 3431 1175 3504 expe-

98 3530 214 3605 rientia
234 3532 428 3605 defuisset?
453 3534 521 3606 Sed
542 3532 618 3606 fieri
644 3545 772 3628 potest,
802 3556 916 3626 neque
941 3534 1044 3606 valde
1070 3532 1174 3604 dissi-

97 3655 172 3727 mile
200 3657 275 3729 veri
301 3665 370 3741 est,
399 3679 468 3728 non
498 3657 755 3751 comparatione
783 3657 976 3731 studiorum
1001 3658 1083 3738 ulla,
1112 3655 1175 3727 sed

95 3776 322 3852 delectatione
332 3780 405 3850 sola
418 3790 454 3851 et
466 3780 597 3853 laboris
606 3784 697 3872 fuga,
711 3802 829 3854 senem
844 3778 1175 3875 praestantissimum

95 3901 205 3974 animo
223 3903 463 3996 indulgentem
478 3925 550 3988 suo,
566 3903 693 3976 durum
710 3916 746 3976 et
762 3926 871 3997 grave
888 3904 1065 3995 negotium
1083 3898 1174 3973 dulci

94 4027 159 4098 otio
185 4016 423 4123 permutasse,
449 4041 489 4101 ut
514 4051 583 4108 non
617 4038 685 4099 tam
713 4030 793 4100 bine
817 4026 979 4120 exempla
1005 4023 1176 4097 sumenda

93 4151 277 4225 iuvenibus
298 4162 419 4224 essent
439 4151 473 4222 in
492 4152 702 4245 Reipublicae
723 4150 928 4242 obsequium
950 4150 1051 4232 natis,
1070 4168 1173 4239 quam
