2992 4664
605 323 758 372 nrrsroun
782 324 846 371 ιιιιι.
1196 307 1253 367 :tan

172 473 348 559 miserias,
363 493 499 565 quosve
513 470 651 542 labores
673 471 871 565 pertulerim
890 469 1025 555 infelix,
1041 492 1109 542 non
1123 470 1252 563 episto·
1277 530 1294 546 .

173 601 217 668 lae
246 596 364 668 brevis
394 616 483 687 opus
508 603 580 664 est:
605 594 733 686 quibus
762 596 901 665 tandem
936 592 1114 684 exagitata
1139 603 1255 666 mente

173 741 323 791 cerneus
353 720 482 789 nullam
505 716 572 786 nisi
593 718 628 786 in
657 720 740 808 fuga
768 717 935 787 libertatis
960 736 1057 809 spem
1083 715 1253 800 relictam,

175 838 431 912 retrahentibus
453 860 665 931 quamquam
688 838 742 906 bis
764 838 893 928 quibus
920 859 975 908 me
1001 835 1151 913 amandu
1176 858 1256 929 per·

173 962 282 1034 ditum
305 963 355 1032 ire
381 984 455 1032 mos
482 965 613 1047 fuerat,
647 962 782 1053 profugi
806 972 840 1032 et
860 961 972 1052 eripui
999 960 1170 1054 meipsum
1197 981 1256 1051 pe-

173 1084 291 1155 riculis
316 1097 535 1175 quacumque
556 1083 668 1177 patuit
700 1084 778 1154 via:
813 1095 918 1175 atque
952 1105 1074 1154 omnes
1093 1085 1256 1154 Fortunae

173 1206 286 1277 minas
312 1206 444 1298 perpeti
465 1206 621 1290 decrevi,
648 1205 730 1276 dum
759 1204 843 1275 mibi
878 1208 934 1275 vel
967 1227 1074 1298 prope
1107 1216 1254 1276 mortem

173 1329 422 1423 aliquantisper
456 1331 623 1399 viverem.
663 1330 823 1420 Coeperat
869 1328 960 1399 enim
999 1327 1130 1397 sensim
1161 1329 1256 1419 quod

174 1451 333 1542 optabam
353 1451 576 1540 contingere,
605 1461 639 1520 et
660 1450 797 1521 animus
815 1472 861 1521 ex
887 1451 1061 1522 diuturnis
1082 1452 1255 1546 compedi-

173 1573 240 1645 bus
262 1575 413 1665 relaxari
432 1571 652 1643 inenarrabili
677 1572 828 1664 quadarn
854 1571 1037 1643 dulcedine
1065 1584 1101 1643 et
1125 1576 1256 1645 coelesti

174 1696 257 1766 vitae
284 1693 468 1765 simillima.
499 1693 566 1765 Sed
596 1704 724 1785 quanta
751 1704 806 1764 est
830 1692 966 1764 duratae
993 1695 1256 1767 consuetudinis

172 1819 241 1888 vis!
265 1819 363 1911 Saepe
383 1818 498 1888 adbuc
519 1818 703 1888 infaustam
727 1817 809 1888 mihi
831 1818 1008 1887 civitatem
1037 1828 1171 1911 repeto,
1194 1842 1257 1891 nee

172 1941 276 2012 ullius
292 1962 382 2011 unco
394 1940 615 2010 necessitatis
630 1949 778 2025 tractuS,
798 1942 889 2011 ultro
904 1939 938 2009 in
956 1942 1117 2031 laqueum
1141 1940 1255 2026 redeo,

172 2070 207 2131 et
227 2083 273 2131 ex
294 2070 396 2153 portu
419 2060 544 2131 totiens
561 2059 780 2150 naufragium
803 2081 941 2152 passus
961 2059 1097 2130 relabor
1110 2061 1145 2131 in
1163 2064 1257 2152 pela-

173 2206 267 2274 gum,
277 2182 405 2276 quibus
420 2181 627 2273 urgentibus
640 2181 782 2252 flatibus
796 2183 966 2252 incertum
980 2192 1045 2252 est.
1060 2183 1140 2254 llllox
1156 2205 1259 2254 omne

175 2306 241 2376 mei
263 2307 319 2377 ius
336 2306 495 2397 eripitur,
523 2304 605 2374 mibi
631 2305 783 2397 undique
807 2314 992 2376 ventorum
1020 2303 1159 2389 rabies,
1194 2329 1258 2376 un-

170 2425 274 2517 dique
299 2426 427 2496 fluctus
455 2437 499 2498 et·
517 2428 665 2523 scopuli,
706 2431 821 2498 coelurn
859 2426 1002 2519 undique
1039 2439 1071 2496 et
1110 2426 1256 2518 trudique

168 2559 302 2636 pontus,
329 2557 508 2641 postremo
538 2569 632 2620 mors
655 2548 831 2642 undique,
859 2559 894 2619 et
918 2548 1017 2640 peius
1045 2559 1156 2620 morte
1174 2549 1259 2619 vitae

172 2668 356 2759 praesentis
370 2667 528 2754 taedium,
544 2681 579 2741 et
596 2681 757 2740 venturae
776 2678 893 2741 metus
911 2679 991 2741 ante
1011 2672 1145 2744 oculus.
1158 2669 1259 2754 Quod

170 2792 288 2883 itaque
309 2812 364 2860 me
385 2791 440 2860 bis
458 2792 628 2883 proximis
646 2790 772 2862 diebus
791 2791 912 2861 videre
933 2793 1149 2881 nequiveris
1169 2793 1258 2868 scito

170 2913 300 2981 nullam
318 2931 462 2980 causam
475 2912 584 2982 fuisse
604 2913 720 2996 aliam,
742 2913 808 2982 nisi
829 2934 924 2983 curae
942 2924 1082 2984 veteres
1101 2916 1259 2986 exeden-

171 3041 229 3101 tes
246 3052 307 3102 cor
328 3024 514 3114 miserum,
535 3048 616 3123 qnae
642 3032 823 3103 confestim
853 3043 890 3101 ut
923 3056 979 3104 me
1014 3036 1048 3104 in
1081 3035 1258 3108 moenibus

171 3155 246 3224 suis
269 3151 492 3237 invenerunt,
517 3162 693 3246 tamquam
716 3154 864 3245 fugitivo
884 3166 918 3226 et
935 3161 1131 3231 contumaci
1153 3181 1258 3232 servo

171 3276 365 3346 iniecerunt
386 3297 541 3360 manum,
564 3288 599 3346 et
619 3276 685 3345 iam
710 3278 793 3347 mibi
815 3278 924 3369 flagra
950 3291 1030 3352 nota
1050 3280 1255 3389 cernebam,

171 3398 240 3467 iarn
248 3420 443 3480 carcerem,
459 3401 527 3471 ianr
540 3411 681 3471 catenas
695 3412 730 3470 et
742 3402 904 3486 verbera,
919 3426 999 3475 cum
1015 3406 1114 3475 velut
1128 3395 1257 3496 exper-
1314 3466 1316 3468 ,

172 3531 289 3591 rectus
310 3529 428 3606 noctu,
452 3522 534 3613 quia
551 3524 627 3593 luce
654 3544 721 3592 non
751 3528 927 3616 poteram,
956 3525 1067 3595 evasi.
1089 3525 1255 3615 Ignosces

172 3641 279 3731 igitur
298 3642 328 3712 si
349 3664 429 3712 cum
446 3642 570 3716 videre
593 3665 750 3738 possem,
774 3656 806 3716 te
831 3670 899 3718 non
921 3649 1000 3717 viso
1020 3646 1108 3730 abii,
1135 3657 1170 3716 et
1195 3646 1257 3717 ad·
1297 3722 1299 3725 ,

171 3785 299 3834 versus
324 3767 471 3854 vulgum
503 3766 664 3837 insanum
690 3790 831 3839 causam
867 3792 979 3840 meam
1009 3789 1107 3860 ages
1135 3790 1155 3838 a
1187 3790 1257 3861 qun

171 3883 357 3957 dementiae
377 3909 529 3978 arguor,
560 3888 655 3980 quod
689 3891 839 3981 quietern
868 3893 958 3961 ruris
981 3890 1146 3973 urbanis,
1180 3890 1256 3983 ipso

172 4009 394 4093 reclamante,
419 4012 642 4103 praetulerim.
665 4012 750 4084 Vale
773 4036 907 4085 memor
927 4015 1047 4084 nostri.

679 4185 755 4194 ›0—
