2804 4656
306 310 397 358 nrnnn
420 310 949 360 vrcnsmusruumus.—umsronn
971 310 1035 357 xxi.
1156 296 1216 359 ata

132 453 253 535 stavit,
287 472 463 544 nunquam
492 450 570 523 finis
598 453 781 525 obscurior
814 457 908 525 claro
942 454 1110 547 principio
1140 453 1216 526 illu-

112 583 265 646 stratus
284 584 349 646 est.
376 576 529 667 Denique
551 576 580 647 si
603 576 751 668 eoeperis
780 586 816 647 ut
841 575 1032 662 doluimus
1055 576 1139 649 dum
1166 577 1216 651 sic

131 696 235 768 finias
258 706 294 768 ut
319 708 493 789 optamus,
522 696 619 769 Fabii
640 699 782 770 Maximi
803 720 929 770 nomen
951 699 1213 792 promereberis.

133 821 321 892 Cunctator
340 821 463 905 fueris,
488 821 551 892 sed
573 822 730 914 sapiens,
752 821 815 892 sed
833 821 956 893 salutis
975 820 1124 914 publicae
1142 834 1216 894 stu-

132 944 265 1016 diosior
284 963 390 1035 qnam
411 943 568 1034 vulgaris
589 944 702 1014 famae.
723 944 768 1014 Ut
788 943 872 1015 libet
888 966 926 1016 se
947 943 1007 1014 tibi
1025 945 1216 1038 praetulerit
1257 933 1264 944 ’

132 1076 278 1139 ventosa
299 1066 508 1157 loquacitate
528 1067 710 1151 Minutius‚
733 1067 816 1138 dum
836 1090 875 1138 re
896 1067 1040 1140 edoctus
1068 1090 1150 1138 mox
1178 1089 1216 1139 se

132 1191 301 1284 imparem
323 1190 483 1270 fateatur,
511 1188 627 1260 dicent
651 1188 697 1260 de
723 1200 756 1260 te
787 1190 907 1261 hostes
935 1190 1028 1282 impii
1054 1191 1148 1282 quod
1172 1191 1217 1262 de

133 1313 191 1384 illo
222 1311 320 1382 dixit
344 1310 538 1382 Hannibal:
566 1332 704 1403 semper
730 1312 944 1384 credidimus
972 1312 1101 1383 nubem
1123 1314 1226 1400 illam,

133 1457 261 1526 magno
283 1436 410 1505 tonitru
431 1457 451 1505 e
471 1434 646 1506 montibus
668 1447 881 1526 erupturam.
908 1436 953 1506 At
982 1436 1026 1518 si,
1049 1437 1144 1528 quod
1164 1436 1217 1507 di-

132 1559 216 1627 vina
237 1557 347 1649 pietas
367 1577 470 1626 omen
491 1559 640 1641 auferat,
669 1555 747 1628 finis
772 1579 912 1650 quoque
935 1557 1121 1646 languidus
1142 1561 1218 1628 lue·

134 1681 194 1766 rit,
220 1681 300 1771 quis
328 1690 361 1751 te
387 1701 538 1772 linquam
566 1683 621 1752 vel
649 1682 874 1773 praesentium
907 1684 964 1753 vel
998 1681 1214 1774 sequentium

42 1854 44 1856 -
132 1801 465 1894 excusarepoterit?
485 1799 577 1872 Audi
598 1823 661 1885 me,
686 1822 759 1884 oro,
782 1801 917 1886 Caesar,
935 1825 1083 1896 parvum
1106 1802 1216 1874 homi-

133 1947 211 1996 nem
235 1925 298 1996 sed
320 1923 369 1995 tui
390 1932 583 2007 amantem,
605 1924 649 1995 de
671 1935 704 1995 te
738 1924 909 1996 solicitum
937 1947 977 1996 ac
1005 1933 1214 2017 sperantem.

131 2048 274 2119 Naturae
303 2046 440 2118 debitor
472 2067 541 2116 non
574 2047 674 2117 aliter
700 2067 739 2116 es
764 2067 869 2139 quam
899 2068 981 2137 ego,
1009 2068 1114 2138 quam
1139 2046 1216 2137 qui-

132 2191 280 2261 cumque
298 2191 388 2240 unus
408 2191 428 2240 e
450 2171 586 2261 populo.
610 2169 760 2260 Tempus
782 2171 891 2260 fugax
911 2180 946 2238 et
966 2190 1035 2239 non
1056 2166 1214 2249 redienS,

132 2296 271 2363 fortuna
304 2290 491 2376 instabilis,
525 2290 599 2362 vita
630 2288 765 2379 brevis,
800 2291 887 2361 hora
919 2291 1041 2360 mortis
1068 2290 1214 2369 incerta,

132 2436 240 2485 unum
260 2414 315 2485 hic
333 2414 475 2486 remedii
494 2437 620 2507 geone,
642 2412 788 2506 tempori
808 2434 961 2506 parcere,
980 2416 1129 2484 fortunae
1147 2435 1215 2484 non
1312 2447 1321 2460 .

134 2533 253 2620 fidere,
276 2537 384 2608 vitam
405 2536 511 2609 rebus
532 2522 740 2622 extendere,
767 2537 870 2607 morti
895 2546 1054 2628 paratum
1077 2557 1216 2627 semper

132 2680 258 2753 corpus
283 2671 388 2753 atque
414 2659 568 2730 animum
596 2660 749 2732 habere:
782 2658 876 2753 quod
910 2679 980 2729 non
1013 2668 1130 2751 potest
1154 2658 1215 2751 qui
1263 2708 1266 2715 -
1295 2666 1298 2672 “

133 2804 236 2854 suum
270 2781 459 2876 principale
493 2783 669 2874 negotium
709 2804 776 2853 non
814 2781 982 2872 implevit.
1014 2782 1104 2869 Vitae
1135 2779 1214 2852 finis

132 2905 296 2996 quamvis
329 2906 483 2974 incertus
517 2905 574 2987 sit,
610 2904 693 2974 illud
733 2914 849 2974 tamen
870 2910 925 2971 est
946 2913 1096 2982 certum,
1119 2902 1215 2993 quod

132 3030 236 3116 longe
257 3045 426 3095 essenon
448 3034 571 3117 potest.
593 3025 626 3095 ls
647 3046 725 3095 oum
749 3022 892 3106 venerit,
907 3045 927 3092 e
941 3024 1075 3094 cunctis
1089 3023 1216 3117 opibus

132 3149 202 3219 tuis
227 3157 342 3241 atque·
359 3146 493 3240 imperii
515 3148 561 3217 nil
583 3147 644 3219 tihi
666 3144 852 3238 supererit,
880 3145 948 3217 nisi
974 3157 1143 3238 quantum
1169 3146 1215 3216 ad

132 3281 298 3342 aeternam
320 3270 446 3341 animae
468 3271 575 3340 vitam
596 3279 632 3340 et
652 3267 801 3339 nominis
820 3268 1048 3341 immortalem
1068 3269 1214 3360 gloriam

133 3393 222 3464 bene
240 3393 393 3466 vivendo
410 3393 604 3485 quaesieris
625 3393 719 3462 Bene
738 3402 853 3463 autern
872 3393 995 3464 ‘vivere
1012 3413 1080 3462 non
1099 3400 1214 3484 potest

132 3519 192 3610 qui
213 3516 256 3600 id,
279 3517 324 3587 ad
343 3516 438 3609 quod
462 3537 566 3587 unum
588 3524 623 3587 et
644 3535 820 3585 summum
841 3527 876 3584 et
897 3515 1088 3584 maximum
1110 3521 1212 3581 natus

132 3651 200 3724 est,
235 3640 389 3732 negligit.
418 3639 469 3709 Tu
494 3638 589 3731 quod
614 3638 695 3709 olim
721 3634 810 3720 dixi,
845 3636 889 3707 ad
927 3635 1112 3727 imperium
1152 3656 1214 3704 na-

61 3818 66 3829 .
133 3775 189 3835 tus
214 3785 267 3848 es,
297 3765 450 3854 amplum
476 3763 731 3851 excelsumque
756 3779 867 3852 opus:
899 3757 981 3828 illud
1022 3779 1088 3846 age
1128 3756 1214 3828 fide-

131 3888 221 3970 liter,
248 3886 336 3956 bene
358 3885 386 3955 si
410 3884 544 3954 vixisse
573 3885 625 3953 vis
654 3880 787 3952 videri:
819 3879 972 3972 alioquin
1007 3878 1090 3970 quid
1117 3879 1214 3950 iuvat

133 4010 208 4081 illas
231 4018 308 4080 tuas
330 4007 471 4079 ultimas
490 4005 610 4077 mundi
627 4005 732 4077 horas
750 4003 990 4096 composuisse
1009 4002 1214 4095 magnifice?

133 4133 204 4204 Hoc
220 4142 254 4203 et
273 4132 348 4202 sine
365 4129 511 4220 imperio
525 4130 708 4221 potuisses,
725 4138 760 4199 et
774 4133 920 4199 fortasse
935 4126 1081 4198 facilius.
1099 4128 1212 4200 Minus
