2940 4650
225 317 285 378 53l
568 325 726 375 nrrnuout
748 322 964 371 nrrruuluuu.

225 479 304 542 ruat
317 479 462 564 oportet.
477 469 573 539 Tunc
586 488 672 557 ergo
691 465 776 560 quid
789 466 906 536 iueras
924 464 1111 556 intelliges,
1134 486 1222 536 cum
1242 463 1325 558 quid
1402 520 1403 525 ,

226 590 341 662 adhuc
362 588 407 660 sit
427 589 536 662 Roma
554 585 780 678 cognoveris
804 576 903 655 ouius
921 584 1028 657 modo
1042 586 1186 656 nuntiis
1202 586 1255 656 sic
1275 584 1323 655 iu·
1402 597 1403 600 ’

224 714 344 795 sullae,
367 720 495 804 putans
516 729 586 781 uon
604 727 685 779 esse
705 707 766 801 qui
791 707 957 778 vindicet.
978 707 1145 790 FalleriS,
1173 706 1318 800 ineptis,
1402 695 1403 698 ¹

223 832 367 904 insanis.
391 832 454 902 Est
470 831 530 923 qui
551 827 705 901 vindicet
725 828 760 897 in
779 829 985 909 ooelolleuS,
1001 837 1058 898 est
1078 826 1142 920 qni
1162 828 1320 900 vindicet

223 955 259 1025 iu
280 953 383 1026 terris
404 953 537 1024 amicus
560 950 637 1037 Dei,
660 971 764 1043 quem
784 958 822 1020 tu
843 949 971 1021 neseis:
994 961 1078 1020 sunt
1099 951 1214 1035 vires,
1229 973 1317 1044 quas
1402 960 1403 963 ’

222 1097 267 1147 ne
285 1074 457 1171 suspicari
483 1073 624 1168 quidem
652 1082 762 1166 potes.
786 1071 838 1144 Ah
862 1070 1006 1144 misera!
1037 1071 1106 1143 Sed
1127 1074 1316 1166 experiere

223 1198 327 1282 illico,
349 1207 386 1268 ut
408 1215 520 1290 spero.
545 1196 629 1267 Tuae
646 1195 749 1267 uobis
767 1194 837 1263 vim
860 1202 1015 1266 nostram
1034 1194 1178 1265 iniuriae
1202 1196 1316 1267 reddi·

223 1320 319 1392 dere.
339 1319 426 1389 Cum
445 1318 594 1412 primum
612 1315 732 1389 dolere
752 1317 973 1410 coeperimus,
993 1337 1122 1408 magno
1146 1324 1263 1389 tractu
1282 1327 1316 1388 et

224 1442 269 1513 ad
291 1439 475 1511 sanitatem
496 1447 531 1510 et
552 1439 596 1510 ad
618 1439 725 1510 robur
741 1439 968 1510 accessimus.
987 1439 1039 1509 Tu
1059 1460 1151 1510 vero
1174 1461 1314 1512 resno

225 1571 317 1631 stras
330 1559 544 1646 miserearis,
563 1561 619 1631 vir
632 1561 789 1631 illustris.
812 1560 918 1650 Erige
932 1571 1134 1650 surgentem
1152 1564 1311 1654 patriam,
1403 1638 1404 1643 ,

225 1691 261 1752 et
278 1680 441 1773 gentibus
463 1680 651 1756 incredulis
679 1680 766 1775 quid
796 1702 887 1751 nunc
920 1680 1024 1752 etiam
1059 1682 1172 1753 Roma
1204 1684 1313 1778 possit

225 1803 383 1876 ostende.
404 1805 454 1874 De
476 1805 611 1897 reliqua
630 1804 722 1876 enim
749 1803 858 1885 ltalia,
886 1803 942 1873 cui
971 1802 1117 1875 dubium
1143 1814 1203 1875 est
1233 1805 1313 1897 quin

227 1937 396 2020 quantum
412 1926 523 2019 potuit
535 1926 664 2018 possit,
675 1946 741 1995 nec
758 1924 869 2001 vires,
888 1947 954 1996 nec
971 1945 1069 2017 opes,
1093 1947 1160 1995 neo
1180 1926 1312 1997 animos

226 2048 391 2132 deficere,
412 2047 475 2119 sed
493 2050 727 2119 consensum?
747 2047 814 2130 Qui
832 2048 861 2118 si
876 2066 967 2117 uuus
985 2046 1149 2132 adiuerit,
1165 2047 1314 2120 illuden-

227 2171 321 2243 tibus
338 2171 468 2242 uomini
500 2171 616 2242 ltalico
643 2178 762 2242 tenore
788 2167 971 2262 praesentis
993 2168 1153 2261 epistolae
1174 2169 1315 2264 propin·

226 2316 332 2388 quam
344 2302 498 2385 stragem
513 2293 773 2387 perniciemque
785 2276 965 2404 denpi'icio.
977 2292 1035 2375 Tu,
1046 2291 1202 2383 inquam,
1212 2314 1314 2386 quem

227 2424 335 2487 tantae
353 2416 403 2487 rei
415 2414 539 2487 ducem
562 2417 631 2485 lata
643 2412 870 2498 constituunt,
892 2436 997 2507 perge
1012 2414 1245 2508 quacoepisti.
1260 2416 1316 2484 Ni-

231 2537 280 2608 hil
297 2535 514 2608 formidabis:
537 2535 721 2605 nubeculae
742 2537 821 2608 istae
851 2539 925 2607 sole
943 2534 1100 2607 radiante
1121 2534 1315 2608 dissilieut:

228 2653 504 2748 vulpecularum
524 2654 662 2726 insidiae
692 2658 804 2727 leonis
826 2658 993 2750 impetum
1012 2677 1081 2728 uon
1107 2658 1236 2728 ferent.
1266 2660 1317 2728 lu·

230 2798 377 2870 gressus
403 2799 443 2849 es
470 2777 635 2869 gloriose:
659 2779 668 2848 i
690 2778 838 2863 sortiter,
861 2780 870 2848 i
890 2787 1088 2851 constanter
1105 2779 1152 2850 ad
1169 2781 1316 2873 reliqua.

229 2901 383 2972 Ostende
401 2898 575 2994 superbiae
589 2911 759 2993 quantum
774 2900 966 2972 humilitate
988 2900 1031 2971 sit
1053 2901 1211 2985 inferior,
1236 2924 1320 2973 ava·

230 3023 319 3092 ritiae
340 3033 509 3114 quantum
531 3023 692 3112 largitate
710 3023 905 3115 pauperior,
921 3023 1066 3093 fallaciae
1083 3044 1190 3114 quam
1211 3027 1318 3096 stulta
1425 3085 1426 3088 ,

231 3142 278 3213 sit
299 3143 430 3214 adiecta
465 3141 677 3234 prudentiae,
714 3143 880 3235 voluptati
910 3166 1014 3236 quam
1037 3143 1149 3235 turpis
1177 3144 1318 3216 admota
1426 3207 1427 3210 ,

231 3264 471 3359 temperantiae
487 3286 528 3335 ac
544 3264 672 3335 decori.
700 3264 875 3356 Agnoscat
906 3264 1044 3337 tandem
1075 3267 1179 3336 fucus
1207 3266 1319 3362 hypo
1428 3316 1429 3321 ,

232 3388 333 3459 crisis
346 3409 451 3479 quam
474 3386 560 3458 nihil
583 3385 628 3457 sit
649 3385 709 3457 ubi
726 3385 810 3459 vera
832 3389 945 3460 virtus
967 3387 1145 3458 affulserit.
1167 3388 1232 3462 Eia
1254 3367 1321 3481 age

232 3530 355 3602 rumpe
377 3529 508 3591 moras,
530 3518 566 3580 et
586 3529 705 3579 ranam
733 3520 869 3581 tumore
890 3509 1035 3581 ridiculo
1061 3511 1191 3580 molem
1215 3510 1322 3583 solidi

232 3631 335 3703 bovis
355 3630 546 3702 imitantem
565 3642 718 3725 protere,
731 3634 878 3722 treuge,
904 3633 1078 3703 conculca.
1094 3629 1171 3704 Non
1196 3634 1324 3726 loquor

235 3764 273 3824 ut
291 3752 440 3824 incitem.
462 3753 538 3824 Nou
552 3755 759 3846 impulsore,
778 3775 842 3824 uec
860 3753 1004 3824 lenitore
1017 3752 1167 3844 indiges,
1192 3765 1231 3826 et
1252 3760 1325 3828 oal-

233 3897 293 3944 car
314 3886 349 3946 et
366 3877 515 3946 lraeuum
533 3876 568 3946 in
589 3884 760 3968 potestate
785 3876 907 3960 habes,
940 3876 1002 3947 sed
1032 3874 1190 3947 dolorem
1215 3880 1326 3950 animi
1443 3927 1444 3932 ,

236 3996 360 4068 tacitus
382 3999 472 4069 ferre
494 4020 562 4069 nou
584 3998 690 4090 potui.
710 3998 816 4077 Dolor
829 3996 1004 4092 loquendo
1016 4005 1116 4069 actus
1137 4004 1326 4090 querelam

236 4118 344 4201 auxit,
358 4120 556 4192 etvicissim
572 4139 687 4191 sermo
700 4119 1143 4212 indignationialimeutom
1156 4124 1326 4214 praebuit,
