2738 4680
223 328 263 388 90
560 340 600 386 nn
623 338 723 387 anans
744 337 967 386 runnmrunus

223 477 317 571 apud
336 479 494 548 Poetam:
529 477 676 546 intonuit
709 477 843 561 loeonnt,
872 478 1060 568 laetumque
1090 489 1147 548 est
1177 480 1304 552 tonitru

222 603 317 695 quod
334 611 388 672 est
409 603 551 684 laevum,
574 621 616 670 ea
637 598 768 670 seilicet
798 599 945 682 ratione,
973 599 1068 692 quod
1101 623 1184 692 quae
1217 604 1306 674 laeva

224 736 305 797 sunt
326 724 439 808 nobis,
462 724 608 794 dextera
630 732 712 792 sunt
733 724 887 815 superis,
910 724 1005 794 unde
1025 723 1140 795 omnis
1161 746 1305 819 prospe-

225 849 308 919 ritas
326 847 544 941 expectanda
564 857 629 918 est.
652 845 750 917 Licet
763 845 818 915 hio
831 866 971 938 quoque
985 847 1074 917 inter
1087 869 1151 919 nos
1165 848 1305 920 Graios-

222 996 291 1066 que
311 984 346 1044 et
366 970 535 1043 barbaros
558 973 665 1042 multa
688 970 734 1042 sit
750 971 808 1054 lie,
833 970 937 1063 quod,
966 980 1005 1040 ut
1036 971 1203 1056 diximus
1241 995 1304 1045 nos

224 1098 374 1182 sinistra,
397 1096 446 1166 illi
463 1097 567 1168 etiam
590 1095 624 1164 in
643 1094 800 1186 auguriis
821 1093 971 1164 dextera
992 1105 1115 1186 putant
1132 1117 1214 1166 esse
1233 1097 1306 1167 leli-

222 1220 285 1291 oia.
304 1219 391 1302 Quae
408 1217 576 1310 ambages
597 1217 761 1311 quoniam
783 1217 961 1311 proculab
982 1219 1121 1312 incepto
1142 1230 1238 1304 sunt,
1267 1222 1306 1291 il-

223 1342 283 1413 lud
312 1340 357 1413 ad
388 1363 560 1411 summam
580 1342 721 1412 noveris
745 1341 834 1413 hano
855 1342 1040 1414 infaustam
1068 1366 1108 1414 ae
1129 1344 1303 1414 sinistram

225 1463 342 1534 tibiam
363 1485 503 1556 passam
525 1464 628 1535 modo
650 1466 744 1556 quod
762 1466 863 1536 solita
880 1475 950 1551 est,
973 1465 1036 1536 sed
1058 1467 1237 1560 insperato
1263 1467 1305 1539 ab

222 1588 335 1658 hoste.
357 1589 406 1657 lta
432 1587 580 1658 dilectus
606 1611 707 1659 meus
734 1590 855 1660 Cicero
879 1590 980 1660 euius
1006 1588 1087 1658 olim
1113 1613 1189 1674 eor,
1218 1612 1330 1662 nuno>

223 1710 340 1781 tibiam
362 1712 571 1782 vulneravit.
595 1713 645 1781 'lu
664 1711 797 1804 integer
814 1722 849 1782 et
866 1712 1014 1797 illaesuS,
1035 1715 1124 1783 vale.

364 1855 458 1910 Idibus
474 1854 613 1925 Octobris,
631 1861 710 1910 nocte
724 1856 824 1910 media.

641 2344 820 2408 EPISTOLA
841 2346 885 2408 Xl.

348 2489 542 2540 rnanursuus
563 2489 733 2538 Parauaea
754 2491 851 2538 numo
871 2490 1025 2540 nonlnno
1047 2493 1073 2540 s.
1096 2494 1124 2541 r.
1148 2496 1178 2542 n.

330 2625 430 2680 Narrat
444 2625 614 2696 singularem
627 2624 738 2678 Henrici
754 2624 849 2695 Caprae
865 2623 895 2678 in
910 2641 939 2679 se
954 2624 1192 2699 benevolentiam,

429 2715 508 2770 cuius
523 2713 629 2769 visendi
643 2715 732 2786 gratia
745 2731 774 2770 se
789 2715 958 2786 Bergomum
973 2717 1098 2772 contulit.

319 2961 389 3030 lam
414 2962 497 3032 satis
520 2985 634 3033 rerunt
670 2983 826 3032 mearum
861 2959 1026 3031 minutias
1059 2963 1187 3052 legisti,
1218 2964 1301 3035 satis

221 3081 433 3153 Ciceroniani
466 3086 623 3155 vulneris
657 3083 827 3176 prooessit
861 3084 1016 3154 historia.
1038 3085 1088 3154 Ne
1112 3097 1228 3157 antem
1249 3107 1304 3156 so-

221 3207 291 3275 lnm
314 3205 514 3276 Ciceronem
548 3207 646 3298 diligi
680 3207 725 3278 ab
759 3208 886 3300 ignotis
920 3207 1060 3291 eredas
1094 3231 1201 3278 unrnn
1235 3208 1302 3278 illis

221 3328 396 3415 adiiciam,
418 3329 512 3422 quod
534 3330 614 3399 lieet
634 3342 737 3402 vetus
758 3331 852 3423 apud
874 3339 922 3415 te,
951 3352 1045 3402 nova
1065 3330 1220 3401 animum
1244 3330 1304 3402 ad-

221 3454 401 3523 miratione
425 3452 617 3544 perlundat.
649 3453 712 3523 Est
740 3453 796 3524 hio
830 3476 970 3545 semper
991 3454 1024 3522 in
1045 3453 1302 3544 oculisPerga-

173 3575 175 3578 ’
221 3600 314 3647 mum
336 3577 442 3647 ltaliae
463 3577 579 3668 alpina
599 3576 693 3647 urbs.
715 3577 816 3662 Nam,
842 3589 878 3648 ut
900 3578 1003 3660 nosti,
1027 3578 1093 3648 alia
1114 3576 1220 3648 huius
1241 3598 1303 3647 no-

219 3699 323 3771 minis
358 3702 391 3770 in
422 3700 505 3770 Asia
535 3712 610 3785 est,
651 3700 731 3771 olim
773 3699 878 3772 Attali
917 3701 1024 3794 regia,
1064 3703 1299 3772 Romanorum

220 3834 298 3916 post
318 3824 516 3896 haereditas.
544 3824 581 3894 ln
608 3825 673 3898 hae
694 3838 813 3898 nostra
839 3829 894 3899 vir
918 3837 972 3897 est
992 3846 1083 3898 unus
1105 3826 1298 3896 litterarum

170 3958 178 3970 ‘
221 3949 314 4018 tenui
336 3950 470 4033 notitia,
487 3949 550 4020 sed
563 3948 703 4041 ingenio
719 3951 802 4034 acri,
826 3951 854 4021 si
876 3951 1082 4044 tempestive
1099 3948 1299 4028 litterisda-

219 4077 291 4140 turn
322 4085 432 4145 esset:
459 4073 603 4146 artifieio
632 4087 748 4146 autem
779 4073 967 4156 aurifaber,
991 4073 1097 4166 inque
1127 4096 1169 4144 eo
1200 4072 1301 4162 longe

220 4193 392 4279 eminens,
428 4197 592 4289 quodque
625 4199 791 4292 optimum
826 4196 932 4269 habet
966 4196 1117 4268 hominis
1159 4206 1297 4274 natura,
