2934 4650
88 377 91 385 Ι
151 295 208 354 386
616 310 778 358 vnurlnou

150 450 343 523 innumerae
360 452 480 523 laudes
498 455 578 537 siut,
600 463 714 526 tamen
731 457 789 543 illa
806 453 899 547 apud
917 454 1117 525 Ciceronem
1137 475 1234 546 prae-

148 574 249 669 cipua
269 582 334 660 est,
356 576 451 669 quod
471 577 604 648 fortiter
624 600 666 649 ac
685 577 842 648 modeste
861 577 980 670 optimi
998 575 1057 647 lilii
1075 587 1232 648 mortem

149 698 248 768 tulit?
264 699 385 770 Nonne
407 700 545 771 Catonis
566 703 698 792 collega
716 699 877 784 Quintius
894 698 1053 782 Marcius
1070 700 1230 792 quicum

150 819 279 892 Consul
298 843 341 893 eo
361 823 437 916 ipso
457 823 514 896 die
534 846 605 916 quo
623 823 773 897 Senatus
796 820 987 895 secundum
1009 824 1120 914 legem
1141 844 1229 895 con-

151 945 329 1017 vocandus
350 958 440 1032 erat,
465 948 604 1018 unicum
632 944 830 1040 spectandae
855 946 981 1018 indolis
1005 943 1114 1015 filium
1139 948 1229 1018 ami-

150 1068 265 1153 sisset,
280 1080 314 1141 et
329 1070 594 1164 sepulluraelilii
615 1072 692 1165 pius
710 1078 808 1162 pater
828 1069 991 1153 interfuit,
1006 1079 1042 1139 el
1062 1090 1144 1139 mox
1163 1069 1228 1140 Se-

150 1200 268 1262 natum
296 1193 424 1264 Consul
448 1194 611 1286 egregius
639 1193 861 1279 convocavit,
886 1215 995 1264 uuum
1015 1191 1106 1264 diem
1134 1193 1229 1264 inter

150 1313 391 1386 diversissima
422 1317 550 1410 privati
585 1318 745 1389 moeroris
780 1326 815 1389 et
847 1317 995 1413 publicae
1030 1316 1228 1388 maiestatis

148 1439 295 1533 partitus
321 1438 464 1510 official
488 1440 610 1510 Nonne
635 1441 762 1512 Paulus
790 1440 959 1523 AEmiliuS,
991 1441 1090 1512 cuius
1117 1461 1229 1532 snpra

150 1562 385 1646 memineram,
406 1562 511 1632 Paulo
530 1567 648 1634 nostro
669 1586 731 1656 par
758 1564 910 1650 nomine,
934 1562 1013 1648 sed,
1035 1562 1130 1656 quod
1150 1566 1230 1635 uol-

150 1686 230 1767 lem,
250 1684 379 1756 virtute
395 1684 572 1778 superior,
593 1685 651 1778 qui
670 1686 808 1758 duobus
825 1687 973 1779 primum
992 1683 1072 1756 filiis
1089 1686 1123 1755 in
1141 1685 1230 1758 ado-

149 1808 302 1902 ptionem
328 1807 440 1891 datis,
467 1816 502 1878 et
528 1831 609 1880 mox
636 1808 775 1881 duobus
800 1831 889 1903 quos
924 1809 990 1879 sihi
1020 1811 1231 1880 servaverat

151 1932 226 2023 (qui
248 1933 370 2025 quales
392 1944 513 2004 essent
537 1933 618 2004 iude
636 1933 797 2005 coniicies
818 1932 911 2026 quod
931 1932 1019 2004 iuter
1042 1932 1142 2004 datos
1163 1934 1231 2004 luit

150 2054 334 2127 Africanus
361 2054 489 2146 iunior)
512 2057 600 2126 intra
628 2058 812 2148 septimum
839 2055 931 2127 diem
957 2067 1066 2126 morte
1088 2052 1231 2126 subtra-

151 2180 232 2263 ctiS,
260 2179 444 2251 orbitatem
476 2200 573 2250 suam
601 2190 670 2250 tam
698 2179 826 2251 invicto
851 2178 968 2248 animo
992 2177 1154 2270 pertulit,
1191 2188 1232 2250 ut

151 2314 229 2396 post
251 2303 463 2395 triumphum
480 2300 754 2387 Macedonicum,
773 2325 877 2395 quem
896 2300 960 2373 sihi
977 2301 1090 2372 virtus
1107 2313 1142 2383 et
1157 2302 1232 2371 t'or-

153 2440 236 2498 tuna
256 2425 299 2496 de
321 2425 585 2517 opulentissimo
610 2446 693 2517 rege
710 2436 934 2519 pepererant,
957 2434 992 2496 et
1016 2447 1119 2518 quem
1141 2427 1231 2496 alte-

152 2550 225 2620 rius
246 2546 396 2618 filiorum
418 2566 512 2617 mors
532 2558 777 2640 praecesserat,
799 2550 942 2620 alterius
964 2549 1121 2620 insecuta
1141 2562 1228 2634 erat,

151 2672 320 2765 Populum
341 2671 535 2740 Romanum
562 2671 756 2762 alloquens,
785 2671 886 2763 quasi
912 2671 1039 2766 publici
1068 2671 1230 2742 consola-

152 2795 237 2865 toris
257 2793 369 2866 officio
389 2794 607 2885 fungeretur,
627 2804 664 2865 et
687 2793 722 2864 id
748 2793 814 2864 sihi
840 2805 957 2889 optato
982 2793 1152 2865 accidisse
1172 2793 1230 2864 di-

150 2928 264 3004 ceret,
292 2919 387 3009 quod
416 2918 451 2986 in
483 2927 578 2992 tauto
604 2917 788 3012 splendore
815 2939 1040 2990 successuum
1070 2917 1229 3010 publico-

151 3066 246 3128 rum,
268 3052 428 3113 metueus
454 3063 496 3112 ne
522 3066 591 3135 qua
616 3044 730 3114 forsan
754 3041 897 3134 gaudio,
922 3051 959 3113 ut
978 3039 1026 3126 lit,
1047 3040 1226 3112 moestitiae

151 3188 190 3238 se
210 3165 322 3242 nubes
347 3165 553 3252 effunderet,
577 3168 666 3236 Deos
692 3166 797 3235 auxie
818 3174 980 3257 precatus
1001 3174 1109 3247 esset,
1134 3174 1172 3235 ut
1193 3164 1226 3235 si

149 3290 235 3386 quid
254 3291 394 3362 tacitum
422 3289 626 3374 minaretur,
651 3298 758 3359 totum
785 3287 942 3382 apopuli
965 3286 1161 3360 cervicibus
1187 3288 1226 3359 in

150 3437 249 3487 suam
263 3415 403 3486 domum
414 3413 565 3483 Fortuna
578 3413 820 3482 converteret?
833 3409 953 3481 Nonne
966 3411 1102 3483 Marcus
1116 3412 1225 3485 Hora·

47 3564 48 3567 ¹
149 3537 219 3610 tius
235 3536 415 3618 Pulvillus,
435 3533 585 3605 cuicum
603 3533 804 3626 Capitolium
822 3532 996 3605 dedicanti
1018 3533 1064 3605 ab
1084 3534 1225 3608 AE'milio

150 3681 244 3732 mors
270 3657 331 3728 filii
357 3658 518 3729 nunciata
543 3665 650 3738 esset,
672 3656 716 3727 ab
742 3679 847 3750 opere
872 3657 1037 3750 gloriose,
1059 3658 1224 3750 quamvis

149 3783 320 3876 equidem,
337 3791 373 3852 nt
390 3782 488 3866 salso,
504 3789 627 3850 moesto
641 3789 756 3851 tamen
771 3801 912 3852 rumore
930 3781 1111 3873 perculsus
1123 3778 1226 3851 absi-

150 3916 274 3992 steret,
294 3905 379 3974 nihil
400 3915 460 3975 aut
480 3904 580 3975 vultu
600 3912 660 3974 aut
684 3906 799 3976 animo
820 3913 936 3977 motus
963 3915 1034 3989 est,
1053 3913 1226 3997 coeptum-

150 4051 218 4121 que
239 4051 307 4101 nou
329 4031 479 4122 amplius
503 4027 702 4112 intermisit,
724 4051 829 4121 quam
856 4039 894 4101 ut
917 4027 1070 4101 cadaver
1089 4027 1227 4100 iuberet

149 4153 291 4238 auferri,
316 4153 431 4245 templi
451 4151 613 4242 contiuuo
632 4161 763 4246 postem
786 4156 932 4226 tenens‘l
952 4153 1054 4236 Quod
1076 4154 1105 4225 si
1126 4153 1224 4224 falsae
