<?xml version="1.0" encoding="UTF-8"?>
<!DOCTYPE html PUBLIC "-//W3C//DTD XHTML 1.0 Transitional//EN"
    "http://www.w3.org/TR/xhtml1/DTD/xhtml1-transitional.dtd">
<html xmlns="http://www.w3.org/1999/xhtml" xml:lang="en" lang="en">
 <head>
  <title>
</title>
<meta http-equiv="Content-Type" content="text/html;charset=utf-8" />
  <meta name='ocr-system' content='tesseract 3.04.00' />
  <meta name='ocr-capabilities' content='ocr_page ocr_carea ocr_par ocr_line ocrx_word'/>
</head>
<body>
  <div class='ocr_page' id='page_1' title='image "./franciscipetrar00fracgoog_0158.png"; bbox 0 0 2738 4680; ppageno 0'>
   <div class='ocr_carea' id='block_1_1' title="bbox 219 332 1140 401">
    <p class='ocr_par' dir='ltr' id='par_1_1' title="bbox 219 332 1140 401">
     <span class='ocr_line' id='line_1_1' title="bbox 219 332 1140 401; baseline 0.003 -9"><span class='ocrx_word' id='word_1_1' title='bbox 219 341 312 392; x_wconf 80' lang='grc'><strong>61666</strong></span> <span class='ocrx_word' id='word_1_2' title='bbox 333 338 498 401; x_wconf 80' lang='grc'><strong>66661666</strong></span> <span class='ocrx_word' id='word_1_3' title='bbox 520 342 692 395; x_wconf 82' lang='grc'><strong>66666666.</strong></span> <span class='ocrx_word' id='word_1_4' title='bbox 706 342 909 395; x_wconf 79' lang='grc'><strong>-66166666</strong></span> <span class='ocrx_word' id='word_1_5' title='bbox 930 343 982 395; x_wconf 86' lang='lat' dir='ltr'><strong>vu.</strong></span> <span class='ocrx_word' id='word_1_6' title='bbox 1084 332 1140 395; x_wconf 80' lang='grc'><strong>141</strong></span> 
     </span>
    </p>
   </div>
   <div class='ocr_carea' id='block_1_2' title="bbox 64 485 1153 4267">
    <p class='ocr_par' dir='ltr' id='par_1_2' title="bbox 64 485 1153 4267">
     <span class='ocr_line' id='line_1_2' title="bbox 65 485 1144 581; baseline 0.003 -24"><span class='ocrx_word' id='word_1_7' title='bbox 65 485 305 581; x_wconf 88' lang='lat' dir='ltr'><strong>praestitisses,</strong></span> <span class='ocrx_word' id='word_1_8' title='bbox 326 493 430 579; x_wconf 88' lang='lat' dir='ltr'><strong>teque</strong></span> <span class='ocrx_word' id='word_1_9' title='bbox 450 485 567 557; x_wconf 93' lang='lat' dir='ltr'><strong>sinon</strong></span> <span class='ocrx_word' id='word_1_10' title='bbox 586 485 714 574; x_wconf 89' lang='lat' dir='ltr'><strong>virum,</strong></span> <span class='ocrx_word' id='word_1_11' title='bbox 734 497 770 560; x_wconf 91' lang='lat' dir='ltr'><strong>at</strong></span> <span class='ocrx_word' id='word_1_12' title='bbox 786 486 975 574; x_wconf 91' lang='lat' dir='ltr'><strong>bominem,</strong></span> <span class='ocrx_word' id='word_1_13' title='bbox 996 489 1049 561; x_wconf 88' lang='lat' dir='ltr'><strong>vol</strong></span> <span class='ocrx_word' id='word_1_14' title='bbox 1066 488 1095 559; x_wconf 90' lang='lat' dir='ltr'><strong>si</strong></span> <span class='ocrx_word' id='word_1_15' title='bbox 1109 487 1144 560; x_wconf 91' lang='lat' dir='ltr'><strong>id</strong></span> 
     </span>
     <span class='ocr_line' id='line_1_3' title="bbox 64 606 1146 694; baseline 0.003 -16"><span class='ocrx_word' id='word_1_16' title='bbox 64 610 185 694; x_wconf 88' lang='lat' dir='ltr'><strong>nolles,</strong></span> <span class='ocrx_word' id='word_1_17' title='bbox 208 617 244 678; x_wconf 86' lang='lat' dir='ltr'><strong>at</strong></span> <span class='ocrx_word' id='word_1_18' title='bbox 263 619 355 680; x_wconf 87' lang='lat' dir='ltr'><strong>certe</strong></span> <span class='ocrx_word' id='word_1_19' title='bbox 375 630 445 680; x_wconf 93' lang='lat' dir='ltr'><strong>non</strong></span> <span class='ocrx_word' id='word_1_20' title='bbox 467 606 617 679; x_wconf 83' lang='lat' dir='ltr'>belluam</span> <span class='ocrx_word' id='word_1_21' title='bbox 634 607 862 681; x_wconf 84' lang='lat' dir='ltr'><strong>meminisses.</strong></span> <span class='ocrx_word' id='word_1_22' title='bbox 881 609 1064 682; x_wconf 85' lang='lat' dir='ltr'><strong>Evanuisti</strong></span> <span class='ocrx_word' id='word_1_23' title='bbox 1081 631 1146 682; x_wconf 91' lang='lat' dir='ltr'><strong>au-</strong></span> 
     </span>
     <span class='ocr_line' id='line_1_4' title="bbox 64 731 1145 829; baseline 0.003 -25"><span class='ocrx_word' id='word_1_24' title='bbox 64 743 132 804; x_wconf 91' lang='lat' dir='ltr'><strong>tem</strong></span> <span class='ocrx_word' id='word_1_25' title='bbox 153 732 190 802; x_wconf 93' lang='lat' dir='ltr'><strong>in</strong></span> <span class='ocrx_word' id='word_1_26' title='bbox 209 732 476 823; x_wconf 81' lang='lat' dir='ltr'><strong>cogitationibus</strong></span> <span class='ocrx_word' id='word_1_27' title='bbox 494 731 576 818; x_wconf 89' lang='lat' dir='ltr'><strong>tuis,</strong></span> <span class='ocrx_word' id='word_1_28' title='bbox 592 754 704 826; x_wconf 89' lang='lat' dir='ltr'><strong>nsque</strong></span> <span class='ocrx_word' id='word_1_29' title='bbox 722 734 766 806; x_wconf 94' lang='lat' dir='ltr'><strong>ad</strong></span> <span class='ocrx_word' id='word_1_30' title='bbox 779 735 953 805; x_wconf 84' lang='lat' dir='ltr'><strong>funestam</strong></span> <span class='ocrx_word' id='word_1_31' title='bbox 966 735 1015 806; x_wconf 92' lang='lat' dir='ltr'><strong>tui</strong></span> <span class='ocrx_word' id='word_1_32' title='bbox 1033 734 1145 829; x_wconf 90' lang='lat' dir='ltr'><strong>ipsius</strong></span> 
     </span>
     <span class='ocr_line' id='line_1_5' title="bbox 65 854 1146 948; baseline 0.001 -22"><span class='ocrx_word' id='word_1_33' title='bbox 65 854 288 939; x_wconf 91' lang='lat' dir='ltr'><strong>oblivionem,</strong></span> <span class='ocrx_word' id='word_1_34' title='bbox 316 875 548 948; x_wconf 90' lang='lat' dir='ltr'><strong>soporemque</strong></span> <span class='ocrx_word' id='word_1_35' title='bbox 572 855 805 942; x_wconf 85' lang='lat' dir='ltr'><strong>mortiterum,</strong></span> <span class='ocrx_word' id='word_1_36' title='bbox 828 856 920 928; x_wconf 89' lang='lat' dir='ltr'><strong>unde</strong></span> <span class='ocrx_word' id='word_1_37' title='bbox 948 865 986 928; x_wconf 89' lang='lat' dir='ltr'><strong>ut</strong></span> <span class='ocrx_word' id='word_1_38' title='bbox 1009 855 1146 930; x_wconf 89' lang='lat' dir='ltr'><strong>absolvi</strong></span> 
     </span>
     <span class='ocr_line' id='line_1_6' title="bbox 64 977 1146 1073; baseline 0.001 -23"><span class='ocrx_word' id='word_1_39' title='bbox 64 980 181 1073; x_wconf 88' lang='lat' dir='ltr'><strong>possis</strong></span> <span class='ocrx_word' id='word_1_40' title='bbox 203 1000 272 1049; x_wconf 91' lang='lat' dir='ltr'><strong>non</strong></span> <span class='ocrx_word' id='word_1_41' title='bbox 294 977 473 1050; x_wconf 88' lang='lat' dir='ltr'><strong>vocandus</strong></span> <span class='ocrx_word' id='word_1_42' title='bbox 493 978 598 1050; x_wconf 94' lang='lat' dir='ltr'><strong>modo</strong></span> <span class='ocrx_word' id='word_1_43' title='bbox 623 981 681 1051; x_wconf 92' lang='lat' dir='ltr'><strong>vel</strong></span> <span class='ocrx_word' id='word_1_44' title='bbox 706 979 936 1061; x_wconf 84' lang='lat' dir='ltr'><strong>vellicandus,</strong></span> <span class='ocrx_word' id='word_1_45' title='bbox 960 981 1021 1053; x_wconf 90' lang='lat' dir='ltr'><strong>sed</strong></span> <span class='ocrx_word' id='word_1_46' title='bbox 1041 1004 1146 1053; x_wconf 90' lang='lat' dir='ltr'><strong>uren·</strong></span> 
     </span>
     <span class='ocr_line' id='line_1_7' title="bbox 65 1101 1145 1198; baseline 0 -24"><span class='ocrx_word' id='word_1_47' title='bbox 65 1103 132 1174; x_wconf 91' lang='lat' dir='ltr'><strong>dus</strong></span> <span class='ocrx_word' id='word_1_48' title='bbox 149 1124 192 1173; x_wconf 90' lang='lat' dir='ltr'><strong>ao</strong></span> <span class='ocrx_word' id='word_1_49' title='bbox 210 1101 384 1173; x_wconf 87' lang='lat' dir='ltr'><strong>secandus</strong></span> <span class='ocrx_word' id='word_1_50' title='bbox 398 1121 448 1173; x_wconf 89' lang='lat' dir='ltr'><strong>es.</strong></span> <span class='ocrx_word' id='word_1_51' title='bbox 468 1102 591 1193; x_wconf 81' lang='lat' dir='ltr'><strong>Surge,</strong></span> <span class='ocrx_word' id='word_1_52' title='bbox 611 1122 747 1187; x_wconf 89' lang='lat' dir='ltr'><strong>amens,</strong></span> <span class='ocrx_word' id='word_1_53' title='bbox 762 1104 1021 1198; x_wconf 81' lang='lat' dir='ltr'><strong>expergiscere,</strong></span> <span class='ocrx_word' id='word_1_54' title='bbox 1040 1113 1145 1196; x_wconf 91' lang='lat' dir='ltr'><strong>atque</strong></span> 
     </span>
     <span class='ocr_line' id='line_1_8' title="bbox 67 1207 1146 1322; baseline 0.001 -26"><span class='ocrx_word' id='word_1_55' title='bbox 67 1223 126 1296; x_wconf 92' lang='lat' dir='ltr'><strong>ubi</strong></span> <span class='ocrx_word' id='word_1_56' title='bbox 151 1246 246 1295; x_wconf 91' lang='lat' dir='ltr'><strong>nunc</strong></span> <span class='ocrx_word' id='word_1_57' title='bbox 268 1223 383 1296; x_wconf 88' lang='lat' dir='ltr'><strong>iaceas</strong></span> <span class='ocrx_word' id='word_1_58' title='bbox 400 1207 493 1296; x_wconf 88' lang='lat' dir='ltr'><strong>vide.</strong></span> <span class='ocrx_word' id='word_1_59' title='bbox 514 1224 592 1295; x_wconf 92' lang='lat' dir='ltr'><strong>Non</strong></span> <span class='ocrx_word' id='word_1_60' title='bbox 617 1238 758 1299; x_wconf 89' lang='lat' dir='ltr'><strong>cessent</strong></span> <span class='ocrx_word' id='word_1_61' title='bbox 780 1225 871 1299; x_wconf 89' lang='lat' dir='ltr'><strong>oculi</strong></span> <span class='ocrx_word' id='word_1_62' title='bbox 898 1226 946 1298; x_wconf 93' lang='lat' dir='ltr'><strong>tui</strong></span> <span class='ocrx_word' id='word_1_63' title='bbox 971 1226 1146 1322; x_wconf 90' lang='lat' dir='ltr'><strong>perditum</strong></span> 
     </span>
     <span class='ocr_line' id='line_1_9' title="bbox 68 1346 1147 1443; baseline 0 -24"><span class='ocrx_word' id='word_1_64' title='bbox 68 1358 204 1440; x_wconf 89' lang='lat' dir='ltr'><strong>tempus</strong></span> <span class='ocrx_word' id='word_1_65' title='bbox 224 1346 321 1431; x_wconf 90' lang='lat' dir='ltr'><strong>llere,</strong></span> <span class='ocrx_word' id='word_1_66' title='bbox 343 1366 415 1418; x_wconf 93' lang='lat' dir='ltr'><strong>non</strong></span> <span class='ocrx_word' id='word_1_67' title='bbox 437 1355 579 1419; x_wconf 88' lang='lat' dir='ltr'><strong>cessent</strong></span> <span class='ocrx_word' id='word_1_68' title='bbox 595 1368 721 1420; x_wconf 90' lang='lat' dir='ltr'><strong>manus</strong></span> <span class='ocrx_word' id='word_1_69' title='bbox 739 1358 808 1420; x_wconf 87' lang='lat' dir='ltr'><strong>tuae</strong></span> <span class='ocrx_word' id='word_1_70' title='bbox 828 1348 999 1422; x_wconf 89' lang='lat' dir='ltr'><strong>tumidum</strong></span> <span class='ocrx_word' id='word_1_71' title='bbox 1026 1357 1147 1443; x_wconf 85' lang='lat' dir='ltr'><strong>pectus</strong></span> 
     </span>
     <span class='ocr_line' id='line_1_10' title="bbox 69 1468 1146 1564; baseline -0.001 -23"><span class='ocrx_word' id='word_1_72' title='bbox 69 1470 229 1554; x_wconf 90' lang='lat' dir='ltr'><strong>tundere,</strong></span> <span class='ocrx_word' id='word_1_73' title='bbox 257 1491 325 1540; x_wconf 93' lang='lat' dir='ltr'><strong>non</strong></span> <span class='ocrx_word' id='word_1_74' title='bbox 351 1478 469 1541; x_wconf 88' lang='lat' dir='ltr'><strong>cesset</strong></span> <span class='ocrx_word' id='word_1_75' title='bbox 494 1468 613 1562; x_wconf 86' lang='lat' dir='ltr'><strong>lingua</strong></span> <span class='ocrx_word' id='word_1_76' title='bbox 644 1471 817 1564; x_wconf 89' lang='lat' dir='ltr'><strong>simulque</strong></span> <span class='ocrx_word' id='word_1_77' title='bbox 847 1471 985 1543; x_wconf 90' lang='lat' dir='ltr'><strong>animus</strong></span> <span class='ocrx_word' id='word_1_78' title='bbox 1010 1469 1146 1542; x_wconf 89' lang='lat' dir='ltr'><strong>veniam</strong></span> 
     </span>
     <span class='ocr_line' id='line_1_11' title="bbox 67 1589 1148 1687; baseline -0.001 -22"><span class='ocrx_word' id='word_1_79' title='bbox 67 1592 212 1687; x_wconf 90' lang='lat' dir='ltr'><strong>precari.</strong></span> <span class='ocrx_word' id='word_1_80' title='bbox 231 1589 366 1661; x_wconf 83' lang='lat' dir='ltr'><strong>Numen</strong></span> <span class='ocrx_word' id='word_1_81' title='bbox 387 1593 539 1681; x_wconf 82' lang='lat' dir='ltr'><strong>confessis</strong></span> <span class='ocrx_word' id='word_1_82' title='bbox 560 1591 693 1683; x_wconf 81' lang='lat' dir='ltr'><strong>aliquod</strong></span> <span class='ocrx_word' id='word_1_83' title='bbox 702 1604 796 1687; x_wconf 86' lang='lat' dir='ltr'><strong>potet</strong></span> <span class='ocrx_word' id='word_1_84' title='bbox 814 1593 925 1687; x_wconf 92' lang='lat' dir='ltr'><strong>inquit</strong></span> <span class='ocrx_word' id='word_1_85' title='bbox 940 1593 1043 1665; x_wconf 90' lang='lat' dir='ltr'><strong>Naso.</strong></span> <span class='ocrx_word' id='word_1_86' title='bbox 1057 1591 1148 1676; x_wconf 88' lang='lat' dir='ltr'><strong>Quid</strong></span> 
     </span>
     <span class='ocr_line' id='line_1_12' title="bbox 69 1713 1148 1810; baseline 0.001 -22"><span class='ocrx_word' id='word_1_87' title='bbox 69 1737 283 1810; x_wconf 90' lang='lat' dir='ltr'><strong>aquoquam</strong></span> <span class='ocrx_word' id='word_1_88' title='bbox 304 1715 426 1787; x_wconf 90' lang='lat' dir='ltr'><strong>verius</strong></span> <span class='ocrx_word' id='word_1_89' title='bbox 451 1713 520 1787; x_wconf 89' lang='lat' dir='ltr'><strong>dici</strong></span> <span class='ocrx_word' id='word_1_90' title='bbox 545 1724 674 1808; x_wconf 90' lang='lat' dir='ltr'><strong>potest,</strong></span> <span class='ocrx_word' id='word_1_91' title='bbox 701 1716 786 1809; x_wconf 91' lang='lat' dir='ltr'><strong>quid</strong></span> <span class='ocrx_word' id='word_1_92' title='bbox 811 1717 1148 1810; x_wconf 68' lang='lat' dir='ltr'><strong>religiosius‘modo</strong></span> 
     </span>
     <span class='ocr_line' id='line_1_13' title="bbox 69 1836 1149 1931; baseline -0.001 -19"><span class='ocrx_word' id='word_1_93' title='bbox 69 1840 110 1912; x_wconf 90' lang='lat' dir='ltr'><strong>de</strong></span> <span class='ocrx_word' id='word_1_94' title='bbox 134 1839 278 1910; x_wconf 89' lang='lat' dir='ltr'><strong>numine</strong></span> <span class='ocrx_word' id='word_1_95' title='bbox 294 1836 519 1910; x_wconf 81' lang='lat' dir='ltr'><strong>conveniret?</strong></span> <span class='ocrx_word' id='word_1_96' title='bbox 533 1838 633 1910; x_wconf 91' lang='lat' dir='ltr'><strong>Patet</strong></span> <span class='ocrx_word' id='word_1_97' title='bbox 649 1839 809 1931; x_wconf 90' lang='lat' dir='ltr'><strong>equidem</strong></span> <span class='ocrx_word' id='word_1_98' title='bbox 828 1841 996 1911; x_wconf 82' lang='lat' dir='ltr'><strong>confessis</strong></span> <span class='ocrx_word' id='word_1_99' title='bbox 1012 1849 1048 1911; x_wconf 91' lang='lat' dir='ltr'><strong>et</strong></span> <span class='ocrx_word' id='word_1_100' title='bbox 1066 1861 1149 1912; x_wconf 92' lang='grc'><strong>666-</strong></span> 
     </span>
     <span class='ocr_line' id='line_1_14' title="bbox 70 1961 1148 2056; baseline 0.001 -23"><span class='ocrx_word' id='word_1_101' title='bbox 70 1962 156 2033; x_wconf 90' lang='lat' dir='ltr'><strong>tritis</strong></span> <span class='ocrx_word' id='word_1_102' title='bbox 183 1983 312 2031; x_wconf 78' lang='grc'><strong>66666</strong></span> <span class='ocrx_word' id='word_1_103' title='bbox 339 1961 495 2054; x_wconf 88' lang='lat' dir='ltr'><strong>aliquod,</strong></span> <span class='ocrx_word' id='word_1_104' title='bbox 523 1961 609 2032; x_wconf 91' lang='lat' dir='ltr'><strong>illud</strong></span> <span class='ocrx_word' id='word_1_105' title='bbox 641 1961 773 2034; x_wconf 88' lang='lat' dir='ltr'><strong>scilicet</strong></span> <span class='ocrx_word' id='word_1_106' title='bbox 797 1962 843 2035; x_wconf 92' lang='lat' dir='ltr'><strong>de</strong></span> <span class='ocrx_word' id='word_1_107' title='bbox 867 1985 937 2055; x_wconf 93' lang='lat' dir='ltr'><strong>quo</strong></span> <span class='ocrx_word' id='word_1_108' title='bbox 970 1973 1148 2056; x_wconf 88' lang='lat' dir='ltr'><strong>stupentes</strong></span> 
     </span>
     <span class='ocr_line' id='line_1_15' title="bbox 69 2082 1148 2176; baseline 0.001 -23"><span class='ocrx_word' id='word_1_109' title='bbox 69 2083 184 2168; x_wconf 85' lang='lat' dir='ltr'><strong>ludaei,</strong></span> <span class='ocrx_word' id='word_1_110' title='bbox 199 2082 278 2174; x_wconf 82' lang='lat' dir='ltr'><strong>qnid</strong></span> <span class='ocrx_word' id='word_1_111' title='bbox 294 2084 347 2152; x_wconf 84' lang='lat' dir='ltr'><strong>bic</strong></span> <span class='ocrx_word' id='word_1_112' title='bbox 364 2085 518 2173; x_wconf 83' lang='lat' dir='ltr'><strong>loquitur,</strong></span> <span class='ocrx_word' id='word_1_113' title='bbox 531 2082 679 2168; x_wconf 86' lang='lat' dir='ltr'><strong>aiebant,</strong></span> <span class='ocrx_word' id='word_1_114' title='bbox 693 2084 776 2155; x_wconf 91' lang='lat' dir='ltr'><strong>dum</strong></span> <span class='ocrx_word' id='word_1_115' title='bbox 792 2093 934 2176; x_wconf 88' lang='lat' dir='ltr'><strong>peecata</strong></span> <span class='ocrx_word' id='word_1_116' title='bbox 948 2083 1148 2166; x_wconf 62' lang='lat' dir='ltr'><strong>dimitterem</strong></span> 
     </span>
     <span class='ocr_line' id='line_1_16' title="bbox 70 2204 1151 2300; baseline -0.003 -23"><span class='ocrx_word' id='word_1_117' title='bbox 70 2206 160 2299; x_wconf 93' lang='lat' dir='ltr'><strong>quod</strong></span> <span class='ocrx_word' id='word_1_118' title='bbox 183 2227 264 2277; x_wconf 90' lang='lat' dir='ltr'><strong>oum</strong></span> <span class='ocrx_word' id='word_1_119' title='bbox 283 2204 391 2277; x_wconf 93' lang='lat' dir='ltr'><strong>solius</strong></span> <span class='ocrx_word' id='word_1_120' title='bbox 409 2207 472 2277; x_wconf 89' lang='lat' dir='ltr'><strong>Dei</strong></span> <span class='ocrx_word' id='word_1_121' title='bbox 488 2227 576 2300; x_wconf 93' lang='lat' dir='ltr'><strong>opus</strong></span> <span class='ocrx_word' id='word_1_122' title='bbox 596 2215 701 2291; x_wconf 86' lang='lat' dir='ltr'><strong>esset,</strong></span> <span class='ocrx_word' id='word_1_123' title='bbox 721 2204 796 2276; x_wconf 86' lang='lat' dir='ltr'><strong>lieri</strong></span> <span class='ocrx_word' id='word_1_124' title='bbox 816 2205 862 2278; x_wconf 89' lang='lat' dir='ltr'><strong>ab</strong></span> <span class='ocrx_word' id='word_1_125' title='bbox 881 2205 1020 2278; x_wconf 92' lang='lat' dir='ltr'><strong>homine</strong></span> <span class='ocrx_word' id='word_1_126' title='bbox 1046 2204 1151 2275; x_wconf 87' lang='lat' dir='ltr'><strong>mira-</strong></span> 
     </span>
     <span class='ocr_line' id='line_1_17' title="bbox 70 2327 1150 2424; baseline -0.001 -25"><span class='ocrx_word' id='word_1_127' title='bbox 70 2327 213 2414; x_wconf 89' lang='lat' dir='ltr'><strong>bantur,</strong></span> <span class='ocrx_word' id='word_1_128' title='bbox 241 2328 354 2421; x_wconf 86' lang='lat' dir='ltr'><strong>ignari</strong></span> <span class='ocrx_word' id='word_1_129' title='bbox 373 2339 409 2400; x_wconf 91' lang='lat' dir='ltr'><strong>et</strong></span> <span class='ocrx_word' id='word_1_130' title='bbox 427 2331 538 2401; x_wconf 89' lang='lat' dir='ltr'><strong>Deum</strong></span> <span class='ocrx_word' id='word_1_131' title='bbox 563 2350 645 2403; x_wconf 90' lang='lat' dir='ltr'><strong>esse</strong></span> <span class='ocrx_word' id='word_1_132' title='bbox 669 2329 730 2423; x_wconf 91' lang='lat' dir='ltr'><strong>qui</strong></span> <span class='ocrx_word' id='word_1_133' title='bbox 755 2333 897 2416; x_wconf 84' lang='lat' dir='ltr'><strong>laceret,</strong></span> <span class='ocrx_word' id='word_1_134' title='bbox 924 2329 984 2423; x_wconf 91' lang='lat' dir='ltr'><strong>qui</strong></span> <span class='ocrx_word' id='word_1_135' title='bbox 1009 2336 1150 2424; x_wconf 89' lang='lat' dir='ltr'><strong>peccata</strong></span> 
     </span>
     <span class='ocr_line' id='line_1_18' title="bbox 72 2451 1151 2547; baseline 0.002 -24"><span class='ocrx_word' id='word_1_136' title='bbox 72 2452 249 2524; x_wconf 92' lang='lat' dir='ltr'><strong>hominum</strong></span> <span class='ocrx_word' id='word_1_137' title='bbox 276 2472 344 2523; x_wconf 92' lang='lat' dir='ltr'><strong>uon</strong></span> <span class='ocrx_word' id='word_1_138' title='bbox 371 2452 474 2524; x_wconf 91' lang='lat' dir='ltr'><strong>modo</strong></span> <span class='ocrx_word' id='word_1_139' title='bbox 499 2464 580 2546; x_wconf 91' lang='lat' dir='ltr'><strong>post</strong></span> <span class='ocrx_word' id='word_1_140' title='bbox 604 2463 742 2546; x_wconf 84' lang='lat' dir='ltr'><strong>tergum</strong></span> <span class='ocrx_word' id='word_1_141' title='bbox 774 2476 876 2527; x_wconf 92' lang='lat' dir='ltr'><strong>suum</strong></span> <span class='ocrx_word' id='word_1_142' title='bbox 907 2451 1056 2547; x_wconf 90' lang='lat' dir='ltr'><strong>proiicit,</strong></span> <span class='ocrx_word' id='word_1_143' title='bbox 1086 2452 1151 2525; x_wconf 88' lang='lat' dir='ltr'><strong>sed</strong></span> 
     </span>
     <span class='ocr_line' id='line_1_19' title="bbox 70 2575 1153 2670; baseline 0.001 -23"><span class='ocrx_word' id='word_1_144' title='bbox 70 2575 172 2647; x_wconf 88' lang='lat' dir='ltr'><strong>etiam</strong></span> <span class='ocrx_word' id='word_1_145' title='bbox 192 2575 226 2645; x_wconf 91' lang='lat' dir='ltr'><strong>in</strong></span> <span class='ocrx_word' id='word_1_146' title='bbox 244 2575 454 2670; x_wconf 83' lang='lat' dir='ltr'><strong>profundum</strong></span> <span class='ocrx_word' id='word_1_147' title='bbox 472 2575 593 2661; x_wconf 78' lang='lat' dir='ltr'><strong>mario,</strong></span> <span class='ocrx_word' id='word_1_148' title='bbox 609 2577 669 2669; x_wconf 91' lang='lat' dir='ltr'><strong>qui</strong></span> <span class='ocrx_word' id='word_1_149' title='bbox 687 2587 852 2670; x_wconf 91' lang='lat' dir='ltr'><strong>quantum</strong></span> <span class='ocrx_word' id='word_1_150' title='bbox 870 2576 977 2648; x_wconf 88' lang='lat' dir='ltr'><strong>distat</strong></span> <span class='ocrx_word' id='word_1_151' title='bbox 993 2585 1092 2649; x_wconf 87' lang='lat' dir='ltr'><strong>ortus</strong></span> <span class='ocrx_word' id='word_1_152' title='bbox 1106 2575 1153 2648; x_wconf 90' lang='lat' dir='ltr'><strong>ab</strong></span> 
     </span>
     <span class='ocr_line' id='line_1_20' title="bbox 71 2696 1152 2794; baseline -0.002 -22"><span class='ocrx_word' id='word_1_153' title='bbox 71 2699 248 2772; x_wconf 87' lang='lat' dir='ltr'><strong>occidente</strong></span> <span class='ocrx_word' id='word_1_154' title='bbox 274 2701 374 2790; x_wconf 86' lang='lat' dir='ltr'><strong>longe</strong></span> <span class='ocrx_word' id='word_1_155' title='bbox 400 2696 480 2770; x_wconf 89' lang='lat' dir='ltr'><strong>lacit</strong></span> <span class='ocrx_word' id='word_1_156' title='bbox 505 2720 525 2769; x_wconf 94' lang='lat' dir='ltr'><strong>a</strong></span> <span class='ocrx_word' id='word_1_157' title='bbox 550 2697 650 2770; x_wconf 91' lang='lat' dir='ltr'><strong>nobis</strong></span> <span class='ocrx_word' id='word_1_158' title='bbox 676 2699 877 2791; x_wconf 90' lang='lat' dir='ltr'><strong>iniquitates</strong></span> <span class='ocrx_word' id='word_1_159' title='bbox 909 2712 1062 2785; x_wconf 77' lang='lat' dir='ltr'><strong>nostraS,</strong></span> <span class='ocrx_word' id='word_1_160' title='bbox 1090 2699 1152 2794; x_wconf 93' lang='lat' dir='ltr'><strong>qui</strong></span> 
     </span>
     <span class='ocr_line' id='line_1_21' title="bbox 72 2820 1151 2916; baseline 0.002 -24"><span class='ocrx_word' id='word_1_161' title='bbox 72 2845 176 2916; x_wconf 89' lang='lat' dir='ltr'><strong>prope</strong></span> <span class='ocrx_word' id='word_1_162' title='bbox 198 2835 254 2894; x_wconf 86' lang='lat' dir='ltr'><strong>est</strong></span> <span class='ocrx_word' id='word_1_163' title='bbox 270 2820 432 2893; x_wconf 90' lang='lat' dir='ltr'><strong>omnibus</strong></span> <span class='ocrx_word' id='word_1_164' title='bbox 453 2820 693 2894; x_wconf 88' lang='lat' dir='ltr'><strong>invocantibus</strong></span> <span class='ocrx_word' id='word_1_165' title='bbox 710 2843 806 2906; x_wconf 89' lang='lat' dir='ltr'><strong>eum,</strong></span> <span class='ocrx_word' id='word_1_166' title='bbox 827 2821 891 2894; x_wconf 90' lang='lat' dir='ltr'><strong>sed</strong></span> <span class='ocrx_word' id='word_1_167' title='bbox 907 2820 1151 2894; x_wconf 88' lang='lat' dir='ltr'><strong>invocantibus</strong></span> 
     </span>
     <span class='ocr_line' id='line_1_22' title="bbox 72 2943 1152 3028; baseline 0.006 -17"><span class='ocrx_word' id='word_1_168' title='bbox 72 2944 286 3016; x_wconf 89' lang='lat' dir='ltr'><strong>inveritate.</strong></span> <span class='ocrx_word' id='word_1_169' title='bbox 312 2945 371 3014; x_wconf 94' lang='lat' dir='ltr'><strong>llle</strong></span> <span class='ocrx_word' id='word_1_170' title='bbox 397 2944 458 3015; x_wconf 91' lang='lat' dir='ltr'><strong>tibi</strong></span> <span class='ocrx_word' id='word_1_171' title='bbox 483 2944 595 3016; x_wconf 89' lang='lat' dir='ltr'><strong>aderit</strong></span> <span class='ocrx_word' id='word_1_172' title='bbox 621 2943 649 3014; x_wconf 90' lang='grc'><strong>61</strong></span> <span class='ocrx_word' id='word_1_173' title='bbox 674 2965 760 3015; x_wconf 89' lang='lat' dir='ltr'><strong>vere</strong></span> <span class='ocrx_word' id='word_1_174' title='bbox 785 2943 940 3028; x_wconf 90' lang='lat' dir='ltr'><strong>invoces,</strong></span> <span class='ocrx_word' id='word_1_175' title='bbox 964 2943 994 3014; x_wconf 90' lang='lat' dir='ltr'><strong>si</strong></span> <span class='ocrx_word' id='word_1_176' title='bbox 1016 2953 1152 3017; x_wconf 89' lang='lat' dir='ltr'><strong>tumore</strong></span> 
     </span>
     <span class='ocr_line' id='line_1_23' title="bbox 73 3065 1152 3160; baseline 0.002 -23"><span class='ocrx_word' id='word_1_177' title='bbox 73 3065 245 3158; x_wconf 91' lang='lat' dir='ltr'><strong>deposit0,</strong></span> <span class='ocrx_word' id='word_1_178' title='bbox 268 3065 296 3137; x_wconf 91' lang='lat' dir='ltr'><strong>si</strong></span> <span class='ocrx_word' id='word_1_179' title='bbox 318 3067 485 3160; x_wconf 85' lang='lat' dir='ltr'><strong>praeteriti</strong></span> <span class='ocrx_word' id='word_1_180' title='bbox 510 3065 633 3138; x_wconf 90' lang='lat' dir='ltr'><strong>dolens</strong></span> <span class='ocrx_word' id='word_1_181' title='bbox 657 3076 693 3138; x_wconf 89' lang='lat' dir='ltr'><strong>et</strong></span> <span class='ocrx_word' id='word_1_182' title='bbox 718 3066 823 3138; x_wconf 83' lang='lat' dir='ltr'><strong>futuri</strong></span> <span class='ocrx_word' id='word_1_183' title='bbox 851 3078 1027 3154; x_wconf 77' lang='lat' dir='ltr'><strong>metusne,</strong></span> <span class='ocrx_word' id='word_1_184' title='bbox 1049 3076 1085 3141; x_wconf 90' lang='grc'><strong>61</strong></span> <span class='ocrx_word' id='word_1_185' title='bbox 1106 3067 1152 3140; x_wconf 87' lang='grc'><strong>(16</strong></span> 
     </span>
     <span class='ocr_line' id='line_1_24' title="bbox 74 3189 1153 3285; baseline 0.001 -25"><span class='ocrx_word' id='word_1_186' title='bbox 74 3199 103 3260; x_wconf 91' lang='grc'><strong>16</strong></span> <span class='ocrx_word' id='word_1_187' title='bbox 122 3189 260 3260; x_wconf 89' lang='lat' dir='ltr'><strong>diffisus</strong></span> <span class='ocrx_word' id='word_1_188' title='bbox 277 3200 312 3261; x_wconf 92' lang='lat' dir='ltr'><strong>et</strong></span> <span class='ocrx_word' id='word_1_189' title='bbox 332 3189 377 3261; x_wconf 89' lang='lat' dir='ltr'><strong>de</strong></span> <span class='ocrx_word' id='word_1_190' title='bbox 399 3190 456 3261; x_wconf 95' lang='lat' dir='ltr'><strong>illo</strong></span> <span class='ocrx_word' id='word_1_191' title='bbox 478 3206 639 3285; x_wconf 76' lang='lat' dir='ltr'><strong>speram,</strong></span> <span class='ocrx_word' id='word_1_192' title='bbox 666 3189 727 3283; x_wconf 93' lang='lat' dir='ltr'><strong>qui</strong></span> <span class='ocrx_word' id='word_1_193' title='bbox 752 3190 915 3283; x_wconf 91' lang='lat' dir='ltr'><strong>quamvis</strong></span> <span class='ocrx_word' id='word_1_194' title='bbox 943 3192 1070 3261; x_wconf 92' lang='lat' dir='ltr'><strong>multos</strong></span> <span class='ocrx_word' id='word_1_195' title='bbox 1092 3211 1153 3261; x_wconf 90' lang='lat' dir='ltr'><strong>su-</strong></span> 
     </span>
     <span class='ocr_line' id='line_1_25' title="bbox 73 3308 1151 3405; baseline 0 -24"><span class='ocrx_word' id='word_1_196' title='bbox 73 3308 141 3383; x_wconf 90' lang='lat' dir='ltr'><strong>bito</strong></span> <span class='ocrx_word' id='word_1_197' title='bbox 159 3332 254 3405; x_wconf 85' lang='lat' dir='ltr'><strong>saepe</strong></span> <span class='ocrx_word' id='word_1_198' title='bbox 275 3310 525 3398; x_wconf 85' lang='lat' dir='ltr'><strong>iustificaverit,</strong></span> <span class='ocrx_word' id='word_1_199' title='bbox 539 3335 605 3385; x_wconf 91' lang='lat' dir='ltr'><strong>nec</strong></span> <span class='ocrx_word' id='word_1_200' title='bbox 619 3321 774 3405; x_wconf 85' lang='lat' dir='ltr'><strong>tempore</strong></span> <span class='ocrx_word' id='word_1_201' title='bbox 791 3313 836 3384; x_wconf 90' lang='lat' dir='ltr'><strong>ad</strong></span> <span class='ocrx_word' id='word_1_202' title='bbox 850 3312 1024 3404; x_wconf 89' lang='lat' dir='ltr'><strong>agendum</strong></span> <span class='ocrx_word' id='word_1_203' title='bbox 1038 3322 1151 3405; x_wconf 85' lang='lat' dir='ltr'><strong>egeat.</strong></span> 
     </span>
     <span class='ocr_line' id='line_1_26' title="bbox 74 3434 1153 3529; baseline 0.002 -27"><span class='ocrx_word' id='word_1_204' title='bbox 74 3434 120 3506; x_wconf 87' lang='lat' dir='ltr'><strong>Tu</strong></span> <span class='ocrx_word' id='word_1_205' title='bbox 145 3446 263 3507; x_wconf 91' lang='lat' dir='ltr'><strong>tamen</strong></span> <span class='ocrx_word' id='word_1_206' title='bbox 289 3438 395 3528; x_wconf 85' lang='lat' dir='ltr'><strong>longa</strong></span> <span class='ocrx_word' id='word_1_207' title='bbox 421 3434 481 3507; x_wconf 91' lang='lat' dir='ltr'><strong>tibi</strong></span> <span class='ocrx_word' id='word_1_208' title='bbox 507 3437 714 3529; x_wconf 87' lang='lat' dir='ltr'><strong>purgatione</strong></span> <span class='ocrx_word' id='word_1_209' title='bbox 735 3457 823 3529; x_wconf 91' lang='lat' dir='ltr'><strong>opus</strong></span> <span class='ocrx_word' id='word_1_210' title='bbox 844 3435 989 3507; x_wconf 82' lang='lat' dir='ltr'><strong>credito.</strong></span> <span class='ocrx_word' id='word_1_211' title='bbox 1011 3436 1153 3504; x_wconf 89' lang='lat' dir='ltr'><strong>Diutur-</strong></span> 
     </span>
     <span class='ocr_line' id='line_1_27' title="bbox 74 3557 1152 3632; baseline 0.002 -8"><span class='ocrx_word' id='word_1_212' title='bbox 74 3576 127 3627; x_wconf 87' lang='lat' dir='ltr'><strong>nae</strong></span> <span class='ocrx_word' id='word_1_213' title='bbox 139 3566 174 3627; x_wconf 92' lang='grc'><strong>61</strong></span> <span class='ocrx_word' id='word_1_214' title='bbox 188 3565 360 3630; x_wconf 85' lang='lat' dir='ltr'><strong>concretae</strong></span> <span class='ocrx_word' id='word_1_215' title='bbox 373 3557 497 3631; x_wconf 89' lang='lat' dir='ltr'><strong>sordes</strong></span> <span class='ocrx_word' id='word_1_216' title='bbox 514 3580 583 3630; x_wconf 92' lang='lat' dir='ltr'><strong>non</strong></span> <span class='ocrx_word' id='word_1_217' title='bbox 604 3559 703 3631; x_wconf 89' lang='lat' dir='ltr'><strong>laoile</strong></span> <span class='ocrx_word' id='word_1_218' title='bbox 719 3560 911 3632; x_wconf 89' lang='lat' dir='ltr'><strong>diluuntur.</strong></span> <span class='ocrx_word' id='word_1_219' title='bbox 924 3558 1018 3628; x_wconf 90' lang='lat' dir='ltr'><strong>Bene</strong></span> <span class='ocrx_word' id='word_1_220' title='bbox 1040 3568 1152 3628; x_wconf 87' lang='lat' dir='ltr'><strong>tecum</strong></span> 
     </span>
     <span class='ocr_line' id='line_1_28' title="bbox 75 3676 1152 3775; baseline -0.003 -25"><span class='ocrx_word' id='word_1_221' title='bbox 75 3682 128 3772; x_wconf 89' lang='lat' dir='ltr'><strong>agi</strong></span> <span class='ocrx_word' id='word_1_222' title='bbox 144 3688 247 3774; x_wconf 88' lang='lat' dir='ltr'><strong>putes</strong></span> <span class='ocrx_word' id='word_1_223' title='bbox 268 3680 297 3758; x_wconf 77' lang='lat' dir='ltr'><strong>si</strong></span> <span class='ocrx_word' id='word_1_224' title='bbox 318 3690 487 3774; x_wconf 90' lang='lat' dir='ltr'><strong>quantum</strong></span> <span class='ocrx_word' id='word_1_225' title='bbox 510 3689 646 3775; x_wconf 87' lang='lat' dir='ltr'><strong>tempus</strong></span> <span class='ocrx_word' id='word_1_226' title='bbox 667 3682 810 3768; x_wconf 86' lang='lat' dir='ltr'><strong>errasti,</strong></span> <span class='ocrx_word' id='word_1_227' title='bbox 833 3676 965 3754; x_wconf 80' lang='lat' dir='ltr'><strong>tautum</strong></span> <span class='ocrx_word' id='word_1_228' title='bbox 992 3678 1152 3750; x_wconf 87' lang='lat' dir='ltr'><strong>redeunti</strong></span> 
     </span>
     <span class='ocr_line' id='line_1_29' title="bbox 76 3803 1150 3897; baseline 0.002 -26"><span class='ocrx_word' id='word_1_229' title='bbox 76 3803 248 3876; x_wconf 82' lang='lat' dir='ltr'><strong>suffecerit</strong></span> <span class='ocrx_word' id='word_1_230' title='bbox 267 3803 461 3877; x_wconf 84' lang='lat' dir='ltr'><strong>adrentum</strong></span> <span class='ocrx_word' id='word_1_231' title='bbox 479 3804 765 3877; x_wconf 88' lang='lat' dir='ltr'><strong>iter.Soletenim</strong></span> <span class='ocrx_word' id='word_1_232' title='bbox 785 3826 882 3876; x_wconf 88' lang='lat' dir='ltr'><strong>error</strong></span> <span class='ocrx_word' id='word_1_233' title='bbox 902 3824 1032 3897; x_wconf 91' lang='lat' dir='ltr'><strong>pronus</strong></span> <span class='ocrx_word' id='word_1_234' title='bbox 1053 3822 1150 3887; x_wconf 88' lang='lat' dir='ltr'><strong>esse,</strong></span> 
     </span>
     <span class='ocr_line' id='line_1_30' title="bbox 76 3924 1149 4028; baseline 0 -32"><span class='ocrx_word' id='word_1_235' title='bbox 76 3927 204 4000; x_wconf 90' lang='lat' dir='ltr'><strong>reditus</strong></span> <span class='ocrx_word' id='word_1_236' title='bbox 224 3949 294 3999; x_wconf 90' lang='lat' dir='ltr'><strong>nou</strong></span> <span class='ocrx_word' id='word_1_237' title='bbox 316 3927 378 4001; x_wconf 91' lang='lat' dir='ltr'><strong>ita:</strong></span> <span class='ocrx_word' id='word_1_238' title='bbox 400 3928 651 4001; x_wconf 87' lang='lat' dir='ltr'><strong>remetiendum</strong></span> <span class='ocrx_word' id='word_1_239' title='bbox 676 3950 779 4002; x_wconf 90' lang='lat' dir='ltr'><strong>omne</strong></span> <span class='ocrx_word' id='word_1_240' title='bbox 805 3926 865 3999; x_wconf 92' lang='lat' dir='ltr'><strong>tibi</strong></span> <span class='ocrx_word' id='word_1_241' title='bbox 890 3928 960 3999; x_wconf 89' lang='lat' dir='ltr'><strong>viae</strong></span> <span class='ocrx_word' id='word_1_242' title='bbox 986 3924 1149 4028; x_wconf 82' lang='lat' dir='ltr'><strong>spatium,</strong></span> 
     </span>
     <span class='ocr_line' id='line_1_31' title="bbox 77 4047 1152 4146; baseline -0.003 -25"><span class='ocrx_word' id='word_1_243' title='bbox 77 4060 231 4141; x_wconf 90' lang='lat' dir='ltr'><strong>quotam</strong></span> <span class='ocrx_word' id='word_1_244' title='bbox 254 4053 374 4146; x_wconf 88' lang='lat' dir='ltr'><strong>procul</strong></span> <span class='ocrx_word' id='word_1_245' title='bbox 394 4074 413 4123; x_wconf 87' lang='lat' dir='ltr'><strong>a</strong></span> <span class='ocrx_word' id='word_1_246' title='bbox 436 4051 578 4123; x_wconf 87' lang='lat' dir='ltr'><strong>iustitiae</strong></span> <span class='ocrx_word' id='word_1_247' title='bbox 600 4050 733 4123; x_wconf 89' lang='lat' dir='ltr'><strong>semitis</strong></span> <span class='ocrx_word' id='word_1_248' title='bbox 757 4049 943 4122; x_wconf 87' lang='lat' dir='ltr'><strong>aberrasti:</strong></span> <span class='ocrx_word' id='word_1_249' title='bbox 971 4047 1152 4143; x_wconf 90' lang='lat' dir='ltr'><strong>repetendi</strong></span> 
     </span>
     <span class='ocr_line' id='line_1_32' title="bbox 77 4172 1149 4267; baseline 0.002 -27"><span class='ocrx_word' id='word_1_250' title='bbox 77 4173 263 4259; x_wconf 79' lang='lat' dir='ltr'><strong>anfractus,</strong></span> <span class='ocrx_word' id='word_1_251' title='bbox 292 4173 478 4266; x_wconf 87' lang='lat' dir='ltr'><strong>relegenda</strong></span> <span class='ocrx_word' id='word_1_252' title='bbox 503 4173 666 4267; x_wconf 86' lang='lat' dir='ltr'><strong>vestigia,</strong></span> <span class='ocrx_word' id='word_1_253' title='bbox 694 4182 733 4246; x_wconf 90' lang='grc'><strong>61</strong></span> <span class='ocrx_word' id='word_1_254' title='bbox 756 4173 873 4247; x_wconf 90' lang='lat' dir='ltr'><strong>omnia</strong></span> <span class='ocrx_word' id='word_1_255' title='bbox 898 4172 933 4242; x_wconf 94' lang='lat' dir='ltr'><strong>in</strong></span> <span class='ocrx_word' id='word_1_256' title='bbox 960 4174 1149 4246; x_wconf 91' lang='lat' dir='ltr'><strong>adversum</strong></span> 
     </span>
    </p>
   </div>
   <div class='ocr_carea' id='block_1_3' title="bbox 0 0 1390 4680">
    <p class='ocr_par' dir='ltr' id='par_1_3' title="bbox 0 0 1390 4680">
     <span class='ocr_line' id='line_1_33' title="bbox 0 0 1390 4680; baseline 0 0"><span class='ocrx_word' id='word_1_257' title='bbox 0 0 1390 4680; x_wconf 95' lang='lat' dir='ltr'><strong> </strong></span> 
     </span>
    </p>
   </div>
  </div>
 </body>
</html>
