2804 4656
173 296 232 359 ala
513 312 555 358 nn
576 312 678 360 nanus
698 310 921 360 ricimannus

173 446 396 517 latiusculum
419 456 457 516 ul
477 445 665 517 scriberem
689 468 788 518 mens
806 447 926 518 incidit
942 458 979 518 et
994 447 1072 517 feci.
1089 448 1201 531 Quem
1222 452 1263 520 li·

173 569 303 641 bellum
324 567 521 650 habuisses,
540 570 608 640 nisi
627 571 709 662 qnia
729 579 765 640 et
778 592 847 662 ege
859 570 927 640 iam
942 568 1116 641 scribendi
1131 575 1259 657 fessus,

173 704 209 764 et
228 691 367 763 adiutor
387 692 514 761 nullas.
536 691 647 762 Amici
668 692 759 763 enim
781 695 838 764 vel
855 691 1021 763 absentes
1037 695 1093 764 vel
1116 695 1193 765 suis
1206 719 1263 766 re-

172 814 239 885 bus
260 813 423 906 impliciti,
442 825 644 908 occupatam
663 835 727 884 sen
741 816 967 908 longinquam
981 815 1260 887 mihidexteram

173 937 487 1010 accomodarenon
515 949 674 1031 possent.
701 938 840 1022 Quanta
865 959 952 1008 vero
979 938 1025 1009 sit
1051 940 1262 1033 scriptorum

173 1060 272 1145 fides,
283 1071 414 1153 quanta
428 1061 636 1150 constantia,
654 1074 808 1153 quantus
822 1061 974 1153 denique
987 1062 1183 1133 intellectus
1196 1085 1262 1134 ex-

174 1185 259 1279 perti
283 1206 416 1255 sumus.
432 1184 640 1258 Pollicenlur
654 1184 811 1277 plurima,
826 1192 1055 1276 corrumpunt
1067 1162 1195 1269 omnia,
1210 1187 1263 1255 ni·

174 1309 220 1378 hil
241 1305 568 1400 expediunlzunde
590 1307 625 1376 in
644 1308 780 1389 multis,
794 1306 888 1398 quod
902 1308 937 1375 in
950 1328 1007 1377 me
1025 1307 1166 1399 quidem
1183 1330 1262 1378 sen-

174 1435 233 1515 tio,
257 1431 292 1502 in
313 1430 390 1500 aliis
411 1451 577 1521 auguror,
601 1431 748 1521 tepescit
773 1451 943 1501 novarum
966 1429 1070 1500 ardor
1090 1431 1262 1503 inventio·
1292 1496 1295 1501 ,

172 1574 266 1634 num,
287 1560 380 1621 melu
402 1551 528 1622 iniecto
547 1574 597 1621 ne
616 1540 791 1643 speciosas
811 1573 915 1621 curas
937 1560 1016 1623 tuas
1030 1551 1142 1624 aliena
1155 1554 1262 1626 loedet

177 1673 321 1744 incuria.
344 1675 403 1743 llle
424 1680 547 1744 aulem'
563 1673 757 1744 industrius
774 1673 980 1744 adolescens
1002 1686 1133 1757 noster,
1157 1698 1262 1766 quem

174 1796 263 1868 inter
282 1805 396 1866 tantas
415 1818 528 1866 rerum
543 1795 764 1868 difficultates
780 1809 848 1867 lres
861 1804 896 1866 et
909 1796 1034 1886 viginti
1051 1818 1161 1868 annos
1176 1798 1263 1868 edu·

173 1921 345 2005 cavimus
369 1930 407 1991 ut
427 1920 687 2012 ingravescenti
704 1923 800 1992 aetati
816 1933 852 1992 et
869 1919 1028 1990 laborum
1041 1920 1212 2004 levamen,
1228 1933 1263 1992 et
1287 2014 1290 2019 „

173 2042 518 2116 domesticumdecus
531 2052 628 2115 esset
636 2055 672 2115 et
680 2043 855 2134 gaudium,
872 2043 928 2113 ille
942 2043 1026 2112 mihi
1042 2043 1116 2138 (ohl
1135 2045 1261 2113 lalsum

175 2189 277 2261 aeque
300 2168 476 2239 illistmeis
498 2166 543 2236 ad
568 2178 603 2237 te
621 2167 745 2238 litteris
762 2165 977 2237 eradendum
1000 2168 1127 2237 mentis
1147 2188 1260 2257 augu-

178 2289 279 2382 rium]
299 2313 381 2361 ecce
399 2292 523 2361 unicus
541 2290 624 2359 vitae
638 2287 751 2371 labor,
774 2289 898 2359 unicus
917 2288 1046 2380 pudor,
1061 2289 1185 2359 unicus
1200 2289 1264 2361 do·

176 2415 228 2484 lor
247 2422 317 2493 est;
337 2421 529 2502 contraque
550 2411 758 2503 praesagium
787 2432 901 2481 meum
927 2409 1027 2492 illud,
1048 2420 1085 2480 et
1107 2412 1264 2483 scientiae

174 2537 204 2606 si
233 2534 318 2606 velit
348 2532 551 2624 aptissimus
586 2540 621 2601 el
652 2533 792 2615 uirtuti,
819 2531 932 2604 hostis
958 2535 1114 2625 utrique,
1150 2534 1264 2626 pessi-

174 2658 241 2727 mis
275 2654 448 2739 moribus,
481 2655 592 2735 iners,
632 2654 1011 2736 invidrm,''cenluma<x
1047 2678 1088 2726 ac
1120 2655 1262 2726 rebellis

174 2776 376 2872 passionum
400 2754 527 2847 servus
555 2786 777 2870 sectatorque
803 2778 996 2850 libidinum.
1023 2778 1092 2850 Sed
1118 2777 1261 2848 ferenda

174 2901 340 2972 omniane
350 2900 408 2970 illa
421 2901 514 2983 mili,
528 2900 573 2973 de
589 2924 658 2994 qua
673 2903 796 2994 loquor
808 2914 985 2994 quamque
999 2903 1033 2971 in
1043 2900 1121 2972 aliis
1136 2900 1260 2984 laudo,
1357 2973 1361 2983 ,

174 3024 330 3096 defuisse
350 3025 437 3095 meis
455 3023 490 3094 in
506 3023 614 3095 rebus
637 3025 800 3118 patientia
817 3023 989 3095 videatur.
1009 3025 1128 3094 Laetus
1142 3024 1262 3095 dicere

116 3232 132 3256 ο
173 3167 243 3218 non
264 3145 389 3224 audeo,
409 3147 473 3217 sed
494 3149 602 3218 feram
616 3150 753 3232 volens,
776 3169 821 3219 ne
837 3158 978 3242 coactus
998 3149 1118 3218 leram.
1138 3147 1260 3238 Neque
1292 3228 1295 3233 ,
1315 3196 1317 3206 ·

175 3290 260 3341 vern
279 3268 354 3361 ipse
375 3270 439 3338 sim
464 3270 640 3354 ferendus,
661 3272 691 3339 si
711 3293 789 3342 cum
807 3269 1016 3341 fortissimus
1030 3278 1067 3339 et
1083 3270 1260 3340 maximus

175 3391 358 3464 hominum
375 3390 557 3484 Augustus
578 3403 716 3477 tres,‘ul
735 3395 810 3486 ipse
823 3392 1010 3477 vocitabat,
1030 3393 1262 3464 vomicassuc

175 3514 222 3586 de
240 3514 560 3607 sanguinetulerit,
584 3537 651 3605 ogo
671 3518 706 3585 in
723 3522 802 3587 mec
830 3537 934 3587 unam
957 3514 1003 3584 ad
1023 3513 1177 3586 laborem
1199 3536 1262 3584 na-

177 3649 233 3710 tus
255 3639 359 3710 homo
384 3661 452 3710 non
480 3641 597 3709 leram.
626 3639 681 3708 Sic
708 3639 861 3731 undique
886 3640 1076 3710 destitutus
1103 3639 1147 3710 ad
1169 3638 1261 3727 illius

176 3761 280 3852 Frigii
301 3762 395 3832 docti
417 3762 565 3857 hominis
588 3761 748 3832 fabellam
770 3773 890 3847 vertor
902 3775 952 3846 ut,
967 3760 1151 3833 conventis
1169 3761 1262 3831 seili-

128 3911 132 3916 ·
177 3896 232 3954 cet
251 3907 293 3955 ac
315 3888 462 3977 speratis
484 3885 645 3957 desertus
672 3885 833 3971 auxiliis,
861 3906 1021 3956 messem
1039 3901 1153 3953 meam
1174 3884 1261 3953 lalce
1329 3866 1331 3869 ⁵

178 4017 305 4079 metam
327 4000 479 4104 propria;
501 4010 567 4080 hoe
588 4009 703 4080 minus
730 4008 842 4080 habeo
867 4031 971 4100 quam
994 4006 1179 4101 AEsopicus
1205 4027 1262 4077 se-

178 4153 263 4215 nex,
282 4134 376 4224 quod
394 4135 445 4203 illi
463 4132 571 4217 filius,
587 4132 1010 4203 mihlnullusestcomes
1031 4131 1149 4222 ltaque
1167 4127 1261 4222 quod
