2738 4680
282 330 376 379 utattu
396 325 902 378 vtcttsutttsetttth.-musceta
923 328 954 375 lt.
1122 317 1160 378 85

84 469 140 542 ciis
153 467 269 540 laudis
280 489 375 539 aram
389 464 504 536 cordis
519 464 710 536 restitutori
730 476 799 549 tuo,
816 466 987 537 servatori
1005 466 1159 539 omnium

84 592 270 664 adolentes.
290 589 364 660 Tibi
382 610 468 660 voro
481 597 650 682 praeterea
664 610 774 684 pauca
788 587 1043 661 subiunxerim.
1059 591 1161 686 Saepe

85 730 114 790 te
138 716 258 790 monui
285 738 327 786 ne
353 735 481 809 corpus
511 725 607 786 tuum
643 714 853 786 necessariis
888 716 973 788 satis
1007 717 1163 789 attritum

83 839 369 931 atterendumque
390 835 569 909 laboribus
592 837 821 931 supervacuis
839 860 1033 931 premeres,
1051 863 1096 912 ne
1110 842 1162 912 in-

84 964 222 1057 genium
252 962 298 1034 ad
323 963 456 1032 litteras
483 968 622 1044 natum,
649 959 693 1030 ad
719 982 817 1031 arma
842 971 1081 1047 converteres
1105 963 1163 1036 ubi

84 1099 118 1162 et
138 1087 279 1182 periculi
301 1085 451 1180 amplius
478 1095 513 1156 et
539 1084 656 1153 minus
681 1082 923 1155 delectationis
951 1093 1012 1156 aut
1044 1086 1165 1176 gloriae

86 1225 151 1295 est;
169 1210 343 1303 quamvis,
359 1219 397 1279 ut
409 1230 532 1279 verum
552 1205 613 1278 tibi
629 1208 842 1301 praeconium
862 1229 929 1278 non
948 1207 1163 1294 subtraham,

86 1336 145 1406 vix
166 1332 280 1404 norim
301 1334 355 1404 cui
378 1330 489 1423 magis
516 1331 582 1402 hac
607 1341 709 1402 aetate
736 1331 922 1404 conveniat
943 1333 1029 1404 illud
1046 1333 1166 1404 Catoni

88 1458 159 1530 seni
178 1481 198 1529 a
215 1457 291 1528 Tito
312 1455 411 1528 Livio
438 1453 622 1536 tributum,
650 1453 705 1526 eui
732 1455 863 1527 scilicet
883 1457 1048 1529 versatile
1069 1457 1167 1549 iuge-

88 1582 181 1653 nium
204 1581 254 1651 sic
275 1580 405 1674 pariter
430 1578 475 1650 ad
500 1579 616 1648 omnia
637 1578 700 1649 luit
726 1589 763 1648 ut
784 1590 900 1651 natum
928 1579 973 1650 ad
995 1555 1032 1653 h
1059 1605 1168 1653 unum

88 1705 231 1789 diceret,
251 1701 496 1796 quodcumque
514 1710 645 1791 ageret.
667 1701 742 1772 Non
763 1710 879 1774 tamen
901 1702 937 1773 id
958 1705 1043 1775 mihi
1060 1728 1169 1798 nega-

90 1829 181 1903 veris
203 1828 318 1922 ipsum
335 1826 513 1918 ingenium
536 1834 633 1896 tuum
653 1823 682 1894 si
704 1846 804 1897 suam
826 1825 873 1897 illi
894 1826 1088 1900 libertatem
1107 1828 1170 1901 ad-

90 1951 234 2035 dideris,
257 1950 286 2021 si
307 1953 404 2021 frena
431 1946 626 2034 laxaveris,
660 1948 727 2019 etsi
757 1949 802 2020 ad
835 1949 950 2021 omnia
969 1953 1097 2045 possit,
1125 1951 1171 2023 ad

90 2077 222 2147 litteras
252 2074 489 2145 diversorum.
520 2069 566 2142 At
600 2082 638 2144 tu
665 2071 766 2164 quasi
796 2072 931 2143 consilii
958 2073 1025 2144 mei
1051 2073 1170 2168 tuique

90 2198 242 2292 corporis
263 2196 446 2268 immemor
462 2205 498 2267 et
518 2195 569 2266 tui
585 2193 746 2266 desertor
766 2193 912 2286 ingenii,
935 2205 1119 2288 peraestus
1137 2209 1173 2271 et

91 2322 247 2413 glaciem,
262 2344 326 2414 per
338 2318 467 2392 imbres
480 2327 516 2390 et
528 2320 721 2412 pulverem,
735 2340 799 2413 per
811 2340 939 2414 vepres
953 2329 988 2391 et
1001 2318 1172 2392 lubricum

92 2445 231 2517 assidue
249 2445 418 2528 volveris
435 2464 499 2514 uec
511 2444 680 2536 ancipites
698 2463 802 2514 casus
814 2441 925 2526 vides
943 2465 1008 2516 nec
1024 2444 1173 2516 circum-

94 2569 166 2639 fusa
192 2567 404 2640 discrimina.
432 2566 501 2638 Oro
523 2575 564 2650 te,
585 2565 766 2659 opiniones
792 2565 972 2638 hominum
998 2567 1171 2660 pessimas

95 2703 194 2785 atque
228 2689 435 2761 falsissimas
469 2710 635 2761 aversare
667 2697 703 2761 et
735 2702 897 2762 naturam
927 2711 1085 2783 sequere.
1113 2692 1173 2763 llla

96 2825 126 2884 te
142 2815 249 2887 ducet
262 2813 307 2885 ad
322 2823 419 2885 tuum
441 2811 557 2884 finem.
576 2813 675 2883 Nunc
692 2814 805 2885 aliena
826 2815 986 2899 sectaris,
1006 2838 1075 2887 non
1093 2816 1175 2909 quia

98 2938 151 3009 tihi
185 2937 263 3008 haec
295 2940 467 3031 placeant,
502 2936 559 3008 cui
587 2935 635 3008 nil
668 2937 806 3029 penitus
841 2952 968 3033 praeter
989 2939 1173 3010 honestum

98 3061 218 3151 placet,
239 3058 304 3130 sed
316 3070 355 3130 ut
367 3068 406 3130 tu
423 3057 501 3130 aliis
514 3061 654 3151 placeas
672 3057 802 3150 quibus
815 3059 903 3132 torte
916 3083 986 3133 non
997 3062 1175 3154 placuisse

99 3184 138 3254 sit
154 3185 277 3255 satius.
295 3185 339 3254 Et
360 3184 403 3254 de
424 3193 458 3254 te
479 3183 619 3274 quidem
637 3182 817 3254 hactenus.
836 3180 891 3253 Ad
910 3207 964 3255 me
983 3186 1098 3278 ipsum
1118 3207 1176 3255 re·

98 3303 168 3378 deo.
190 3306 276 3377 Ruri
303 3303 421 3377 habito
447 3305 542 3377 haud
568 3307 687 3397 procul
716 3302 853 3376 Abduae
878 3305 991 3376 amnis
1020 3307 1104 3399 ripa.
1131 3307 1175 3375 Et

99 3430 257 3522 quoniam
280 3451 349 3501 non
371 3429 470 3500 aliter
488 3427 555 3500 mei
576 3440 729 3522 tequam
753 3431 804 3500 tui
824 3452 880 3502 me
897 3430 1080 3501 sollicitum
1103 3429 1176 3500 scio

100 3557 245 3646 qualiter
264 3553 351 3623 miti
381 3575 473 3624 nuno
498 3554 543 3622 sit
563 3575 640 3624 cum
663 3551 829 3638 audieris
855 3562 951 3649 puto,
981 3551 1173 3623 miraberis.

102 3677 168 3750 Scis
189 3678 273 3750 olim
295 3699 351 3748 me
373 3699 420 3749 ex
440 3677 620 3763 omnihus,
646 3680 707 3773 qui
727 3678 820 3774 apud
837 3681 924 3750 ullas
946 3689 1068 3770 gentes
1089 3699 1176 3769 quo-

102 3822 246 3897 cumque
270 3815 425 3897 tempore
451 3801 667 3896 scripserint,
696 3811 810 3875 tecum
831 3801 866 3872 in
887 3802 969 3887 hoc,
988 3810 1027 3872 ut
1052 3801 1177 3872 inmul-

106 3924 142 3995 tis
169 3926 371 3997 unanimem
403 3924 626 4016 singulariter
651 3925 852 3998 Ciceronem
881 3922 999 3995 mirari
1023 3932 1059 3995 et
1083 3947 1178 3998 ama—

106 4071 147 4120 re.
167 4052 290 4145 Neque
316 4050 409 4122 enim
434 4072 560 4122 vereor
584 4073 629 4122 ne
654 4071 779 4144 parum
800 4046 1019 4121 Christianus
1041 4048 1120 4134 sim,
1149 4049 1178 4120 si

109 4170 347 4248 Ciceronianus
364 4177 471 4248 luero.
497 4172 589 4246 Nihil
605 4174 697 4246 enim
717 4185 836 4247 contra
862 4170 1036 4246 Christum
1061 4173 1178 4245 Cicero
