2804 4656
294 325 387 375 nunna
408 325 934 401 vreasruusraarrust-crissoni
956 325 1019 375 vui.
1141 311 1200 372 205

524 573 702 638 EPISTULA
729 575 797 639 Vlll.

197 736 391 790 snluclscus
413 735 580 786 parasset
603 735 728 787 CAROLO
750 737 867 787 1vltl12.
891 737 962 788 luo.
985 739 1011 788 S.
1034 742 1061 790 P.
1083 741 1113 790 D.

240 872 372 928 Maximus
390 888 441 944 pro
456 875 563 926 cratere
578 886 662 926 aureo
678 869 779 941 gratias
795 870 864 940 agit,
881 887 967 942 seque
982 878 1075 927 exacta

405 964 500 1016 aestate
517 963 585 1015 eum
599 959 755 1016 invisurum
768 960 915 1033 promittit.

166 1207 169 1211 “
216 1193 404 1266 suaviores
425 1195 534 1263 multo
554 1213 660 1283 quam
680 1211 744 1283 pro
762 1191 943 1282 utriusque
962 1203 1119 1267 nostrum
1133 1197 1201 1267 lor-

119 1326 202 1388 tuna
227 1316 361 1388 litteras
382 1324 479 1400 tuae,
502 1314 635 1395 Caesar,
652 1308 794 1404 ‘aliquot
815 1312 994 1386 mensibus
1015 1327 1198 1409 postquam

116 1442 209 1515 datae
228 1448 328 1510 erant
344 1438 390 1511 ad
406 1458 462 1508 me
478 1435 619 1508 noveris
636 1435 858 1528 pervenisse:
874 1437 1047 1529 simulque
1066 1450 1200 1510 cratera

117 1559 416 1656 pretiosissimum,
438 1581 542 1652 quem
566 1557 650 1629 mihi
664 1581 747 1628 euro
773 1557 913 1628 solidum
933 1572 1028 1648 utque
1048 1582 1201 1650 asperum

115 1686 232 1776 siquis,
255 1693 294 1753 ut
310 1680 445 1772 Virgilii
463 1679 583 1751 verbis
602 1691 693 1766 utar,
708 1703 776 1752 non
791 1702 878 1752 meae
892 1681 1033 1773 quidem
1051 1681 1115 1752 sed
1129 1688 1199 1752 tuae

117 1806 221 1878 sortis
235 1825 361 1875 munus
371 1803 539 1874 eximium
548 1802 800 1874 destinasti.0h
812 1805 818 1872 l
829 1825 897 1873 non
909 1803 1084 1874 hominum
1095 1802 1199 1874 modo

117 1927 180 1999 sed
205 1949 322 1998 rerum
348 1927 501 1996 omnium
530 1946 606 1995 sors
634 1925 822 2016 stupenda!
853 1925 1041 1997 Vaseulum
1062 1926 1199 2016 insigne

117 2052 276 2136 materia,
299 2049 436 2140 insigne
459 2046 602 2119 artificis
622 2046 774 2137 ingenio,
798 2048 861 2118 sed
880 2069 985 2139 super
1005 2048 1121 2118 omnia
1140 2068 1200 2118 ore

117 2174 277 2245 Caesareo
298 2179 555 2255 consecratum,
577 2192 597 2241 a
621 2170 688 2241 tuis
709 2170 744 2239 in
766 2190 863 2240 meos
884 2172 1071 2241 translatus
1095 2190 1197 2253 usne,

115 2295 278 2388 quamvis
297 2316 363 2386 ego
384 2295 442 2365 illo
467 2295 610 2385 quidem
636 2314 704 2363 non
733 2303 800 2364 tam
829 2306 907 2365 utar
932 2295 998 2365 hoc
1025 2293 1198 2365 communi

119 2439 198 2500 usu,
220 2440 324 2509 quam
348 2415 477 2502 libabo,
492 2416 654 2498 dicerem,
675 2416 824 2500 aderas,
848 2415 878 2487 si
899 2416 1000 2487 nobis
1019 2415 1079 2508 qui
1096 2424 1194 2487 vete

117 2539 213 2611 ribus
233 2561 309 2611 mos
330 2549 438 2612 esset:
461 2563 552 2612 nunc
576 2561 662 2612 vero
687 2541 819 2612 mensis
847 2539 1054 2619 lautioribus
1081 2560 1199 2610 rarum

117 2663 162 2733 ad
182 2665 415 2756 spectaculum
436 2662 591 2735 adhibito
612 2661 688 2734 dies
714 2667 821 2735 festos
847 2662 1041 2748 exornabo,
1063 2661 1200 2733 habebo

118 2781 214 2856 illum
234 2787 269 2856 in
286 2785 431 2868 deliciis,
448 2785 628 2856 ostendam
646 2785 851 2857 mirantibus
866 2786 987 2856 amicis
1002 2786 1201 2876 etgauden·

119 2907 223 2990 libus;
242 2930 307 2981 nec
326 2907 441 2978 minus
463 2929 565 2999 aeque
586 2928 727 2978 auream
754 2908 937 3000 epistolam
963 2918 1072 2989 tuam,
1095 2929 1198 2999 quam

118 3029 162 3101 ad
184 3038 254 3099 tuae
276 3029 500 3101 humanitatis
519 3021 677 3122 meaeque
695 3029 773 3100 lieet
790 3031 972 3101 immeritae
989 3030 1109 3122 gloriae
1125 3053 1201 3104 eer-

118 3161 190 3222 tam
204 3148 320 3234 fidem,
336 3151 418 3222 dum
433 3151 504 3224 vita
518 3151 739 3223 comitabitur
751 3153 953 3235 asservaho,
967 3154 1201 3247 quotiensque

118 3296 224 3365 quam
245 3283 281 3346 tu
305 3274 417 3346 bonus
435 3295 504 3368 ego
525 3275 608 3346 felix
634 3275 697 3346 sim
725 3274 873 3368 probare
900 3280 1055 3358 voluero,
1078 3277 1123 3349 ad
1147 3279 1201 3348 iu-

119 3396 246 3468 dicium
267 3396 326 3481 illa
348 3397 541 3468 vocabitur:
564 3398 717 3490 denique
733 3398 872 3488 gemino
893 3415 1033 3494 semper
1053 3399 1111 3469 tali
1125 3421 1201 3468 mu-

119 3530 202 3588 nere
224 3517 410 3608 gloriabor,
434 3542 586 3614 proquo
607 3533 725 3612 grates
746 3545 850 3613 agere
872 3534 1058 3607 tentarem,
1085 3523 1115 3592 si
1140 3533 1200 3592 aut

120 3640 203 3710 mihi
218 3651 272 3711 sat
286 3642 413 3712 virium
427 3642 472 3712 ad
485 3627 761 3737 expromendum
778 3657 846 3715 lam
861 3642 1199 3723 vehementesanimi

119 3773 320 3856 conceptue,
343 3774 403 3836 aut
424 3764 485 3835 tibi
505 3766 550 3836 ad
573 3774 709 3837 tuorum
731 3768 875 3839 affectus
893 3766 1096 3837 intuendum
1119 3787 1200 3836 ver·

84 3912 89 3921 ·
120 3883 174 3957 bis
192 3907 281 3979 opus
298 3896 402 3959 esset.
422 3887 513 3969 Quid
531 3911 616 3961 vero
634 3912 725 3960 nunc
742 3890 786 3960 ad
804 3892 935 3962 litteras
953 3890 1046 3982 ipsas
1063 3889 1200 3959 dicam?

120 4009 170 4080 Tu
190 4010 249 4101 qui
271 4010 413 4101 regibus
434 4008 549 4097 iubes,
572 4011 630 4103 qui
652 4012 812 4102 gentibus
830 4013 996 4105 imperaS,
1016 4022 1053 4083 tu
1070 4033 1124 4082 me
1146 4032 1200 4082 ro-

120 4152 196 4221 gas,
219 4132 357 4204 Caesar‘?
376 4133 451 4224 Ego
471 4143 585 4205 autem
616 4145 710 4206 tanto
735 4135 848 4226 magis
875 4133 1035 4227 precibus
1055 4156 1200 4207 moveor
