2940 4650
243 270 302 332 528
592 283 750 332 arrarum
771 284 986 334 urrrnnlnuu

246 436 384 517 tempus
412 423 662 516 expendimus
693 433 729 496 et
759 415 870 496 dulce
891 427 971 507 erit,
1000 424 1148 496 mutatis
1178 424 1249 494 iam
1275 444 1343 493 non

250 546 363 615 solum
382 545 506 615 animis
525 544 588 614 sed
606 544 754 638 capillis,
774 547 919 639 antiqua
935 549 1108 630 revisere,
1133 558 1171 616 et
1190 544 1341 616 firmiore

248 663 376 738 indicio
395 666 545 738 civitatis
568 668 676 750 illius,
705 668 880 761 simulque
913 681 1114 740 nostrorum
1141 669 1339 739 animorum

250 787 420 872 habitum,
447 800 483 860 et
514 811 561 863 eu
595 791 780 861 collatione
814 801 1023 885 temporum,
1048 792 1262 883 quantulum
1288 791 1340 860 vi-

249 913 368 984 vendo
386 913 657 1006 processerimus
675 915 913 1004 contemplari,
929 918 1020 984 cuius
1038 926 1068 982 et
1088 925 1189 982 terroe
1206 911 1337 981 domino

249 1038 352 1118 miro,
375 1056 447 1103 meo
468 1055 506 1104 ac
533 1035 615 1104 mitt
640 1037 824 1127 propitiam
862 1037 994 1123 aepulis
1028 1035 1115 1129 (sic).
1149 1035 1227 1105 Erit
1258 1035 1337 1106 inde

250 1157 425 1228 Placentia
457 1167 494 1228 et
525 1157 691 1228 Antonini
724 1160 775 1230 tui
805 1157 1016 1229 venerabilis
1048 1159 1189 1240 domus
1220 1156 1278 1230 ubi
1304 1171 1337 1229 et

250 1279 404 1349 omnium
425 1278 556 1371 hospes
577 1283 658 1352 eris.
681 1281 880 1364 Occurrent,
897 1281 926 1352 si
944 1283 1047 1373 paulo
1068 1283 1212 1372 longius
1233 1279 1336 1374 proli-

253 1402 336 1474 oisoi
364 1402 481 1485 libeat,
505 1403 586 1472 hinc
612 1404 857 1487 Mediolanum,
881 1405 973 1475 illinc
994 1405 1119 1474 lanua:
1140 1405 1202 1474 illa
1230 1415 1336 1474 terre-

252 1526 376 1595 strium
399 1525 474 1596 haec
494 1525 745 1596 maritimarum
766 1527 873 1598 decus
895 1525 1048 1609 urbium,
1070 1523 1131 1596 ubi
1152 1525 1261 1596 etiam
1282 1548 1335 1596 me

252 1647 374 1718 amicis
395 1670 464 1718 non
485 1670 606 1720 carere
627 1648 840 1739 gaudebitis,
868 1648 957 1719 hanc
973 1669 1127 1740 quoque,
1147 1670 1221 1740 qua
1246 1651 1335 1720 nulla

254 1771 438 1864 pretiosior
473 1781 529 1843 est
562 1774 731 1865 supellex,
753 1771 1002 1865 participantes
1024 1780 1062 1840 nt
1082 1769 1230 1862 reliqua.
1253 1770 1335 1853 Quis

254 1896 346 1965 enim
377 1895 559 1967 dimidium
592 1916 723 1978 amare,
760 1902 796 1963 et
823 1892 1004 1965 dimidium
1031 1888 1115 1965 nonm
1133 1901 1255 1967 amare
1279 1914 1336 1984 po·

256 2018 363 2088 terit?
400 2019 503 2089 Recte
545 2017 686 2110 quidem
729 2016 891 2088 Horatius
927 2016 1109 2107 Virgilium
1155 2016 1335 2088 dimidium

255 2143 381 2214 animae
402 2163 477 2212 snae
497 2154 613 2223 vocat,
637 2140 731 2233 quod
748 2140 880 2211 dictum
903 2138 1074 2231 placuisse
1096 2140 1250 2230 legimus
1267 2138 1336 2207 Αιι-

256 2264 409 2354 gustino.
436 2262 503 2347 Qui
529 2283 614 2354 ergo
641 2284 748 2332 unum
770 2283 817 2330 ex
841 2260 942 2331 nobis
962 2260 1148 2343 amaverit,
1172 2270 1268 2330 amet
1290 2261 1335 2329 al-

259 2395 371 2456 terum
394 2407 539 2456 necesse
560 2386 636 2456 erit.
664 2383 720 2455 Sio
745 2383 878 2453 erimus
910 2380 1012 2451 bonis
1037 2378 1202 2451 omnibus
1230 2379 1335 2451 caris·
1428 2437 1429 2442 ,

259 2508 354 2591 simi,
378 2508 476 2578 malis
497 2518 624 2588 autem,
646 2527 794 2596 quornm
816 2503 972 2575 infinitus
985 2513 1041 2574 est
1058 2504 1252 2603 exercitae,
1273 2522 1335 2572 nec

257 2627 377 2698 hostes
396 2628 537 2707 erimus,
561 2647 624 2696 nec
637 2625 738 2695 amici
752 2629 914 2716 prolecto,
929 2646 993 2695 neo
1006 2623 1192 2695 coniuncti.
1213 2624 1335 2693 Vultus

258 2749 436 2841 aspicient,
459 2748 592 2820 animos
630 2746 851 2838 ignorabunt.
887 2749 1082 2840 Sequemur
1116 2747 1213 2816 enim
1246 2744 1334 2815 illius

257 2870 438 2943 consilium
459 2871 519 2963 qui
543 2878 659 2941 monet
681 2881 717 2940 ut
737 2870 827 2940 inter
848 2869 963 2940 omnia
983 2868 1217 2939 dissimillima
1242 2868 1334 2938 frons

257 3006 375 3066 nostra
408 2997 536 3086 populo
568 2996 711 3086 placeat.
738 2990 913 3063 Putabunt
945 2992 993 3061 illi
1018 3012 1083 3060 nos
1110 3011 1219 3081 agere
1243 2989 1335 3083 quod

257 3120 386 3207 vulgus
421 3117 514 3206 agit:
547 3135 612 3185 nos
646 3127 805 3186 nostrum
838 3114 933 3185 aliud
967 3113 1148 3205 negocium
1183 3123 1220 3184 et
1251 3115 1335 3183 lorte

259 3242 372 3312 maius
397 3242 536 3334 aliquod
558 3263 713 3333 agemus.
737 3241 907 3332 Denique,
936 3246 973 3308 nt
999 3235 1107 3305 semel
1133 3234 1333 3326 expediam,

259 3376 319 3436 aut
343 3365 461 3436 lelices
486 3365 631 3449 erimus,
667 3372 732 3433 aut
760 3384 829 3432 non
863 3361 1007 3431 multum
1038 3379 1059 3428 a
1088 3356 1251 3427 felicitate
1287 3354 1337 3426 di·

258 3497 412 3558 stantes:
431 3509 501 3577 quo
515 3486 615 3572 nobis
638 3484 829 3556 studiosius
846 3480 1069 3553 celerandum
1088 3488 1153 3548 est.
1168 3477 1234 3548 Est
1246 3478 1337 3548 enim

258 3584 360 3679 nobis
381 3608 583 3678 naturaliter
605 3605 777 3677 felicitatis
799 3606 917 3674 innata
937 3601 1124 3695 cupiditas,
1145 3622 1253 3691 qnam
1275 3596 1339 3670 soi-

259 3731 434 3801 mnssine
461 3729 657 3800 amicorum.
677 3728 800 3799 solatio
824 3750 895 3798 non
926 3745 1035 3819 posse
1059 3722 1281 3813 contingere,
1307 3732 1341 3793 et

256 3852 339 3923 licet
360 3852 479 3922 veniat
498 3851 543 3922 ad
564 3870 647 3935 nos,
670 3861 707 3919 ut
727 3851 775 3918 ait
796 3850 947 3930 Seneca,
970 3868 1018 3917 ex
1043 3844 1098 3915 his
1127 3866 1220 3935 quos
1248 3866 1342 3915 ama-

260 3996 340 4046 mus
361 3973 544 4066 gaudium,
571 3972 666 4066 quod
691 3982 761 4056 est,
789 3982 827 4042 ut
853 3971 981 4042 ibidem
1004 3967 1052 4038 ait
1072 3966 1182 4051 idem,
1210 3969 1342 4038 leveel

260 4097 470 4168 evanidam:
506 4105 730 4189 conspectae,
758 4106 792 4164 et
819 4092 1017 4186 praesentia,
1045 4088 1088 4160 'et
1120 4087 1343 4161 conversatio
