2992 4664
583 333 736 382 EPISTULA
757 333 820 380 xlx.

161 494 307 567 rimum;
330 495 367 556 ut
387 484 451 555 etsi
470 502 540 552 non
562 479 665 551 modo
684 499 763 548 cum
785 475 916 548 exteris
937 477 1001 548 sed
1020 499 1099 548 oum
1120 459 1239 551 claris·

163 611 253 683 sima
285 606 389 678 etiam
429 624 471 672 ac
502 600 621 672 divina
655 600 718 669 tori
753 597 864 680 socia,
891 620 971 669 oum
997 597 1076 669 filiis
1100 623 1240 695 quoque

164 728 386 804 suavissimis
429 735 533 816 atque
570 721 896 814 obsequentissimis
933 722 1049 814 pueris
1083 731 1241 817 *vereque

162 850 337 925 nobilibus
370 847 552 919 habuisset
581 843 755 914 interdum
790 846 868 915 leve
893 844 1024 937 aliquid
1044 848 1099 917 vel
1126 850 1244 919 coniu-

165 975 254 1066 galis
271 970 500 1064 querimoniae
526 970 582 1038 vel
616 978 788 1060 paternae,
824 988 960 1037 mecum
995 967 1244 1042 nihilomnino

166 1096 233 1166 nisi
253 1092 494 1186 quotidianum
519 1089 592 1159 veri
614 1111 654 1160 ac
676 1090 832 1180 perpetui
855 1088 983 1160 amoris
1007 1101 1244 1181 augmentum.

166 1205 352 1308 Nunquam
371 1213 466 1282 illum
489 1209 615 1282 totiens
636 1210 703 1281 adii
725 1213 808 1303 quin
831 1211 962 1304 aliquid
984 1212 1138 1284 additum
1160 1215 1266 1303 anti·¹

168 1359 248 1431 quae
269 1333 525 1408 benevolentiae
545 1335 648 1403 laetus
669 1332 981 1404 animadverterem
1004 1343 1039 1406 et
1055 1336 1245 1408 admirans.

169 1460 280 1530 Nemo
305 1457 400 1528 illum
424 1454 513 1525 vidit
534 1453 635 1524 aliter
652 1454 740 1524 meis
770 1475 874 1547 quam
903 1455 976 1526 suis
1006 1466 1065 1526 aut
1090 1457 1170 1548 angi
1197 1458 1248 1526 iu-

168 1580 370 1664 commodis,
397 1588 457 1650 aut
477 1578 668 1649 commodis
694 1577 857 1669 gaudere,
879 1578 1141 1650 autbonoribus
1175 1581 1249 1671 glo-

170 1705 262 1779 riari.
282 1705 365 1774 Tam
379 1702 412 1771 in
426 1699 712 1772 consuetudinem
731 1709 835 1791 atque
848 1710 957 1771 artem
973 1721 1115 1772 versum
1130 1702 1248 1785 scires

172 1838 210 1898 ut
231 1825 379 1917 quisque
400 1823 546 1916 gratiam
564 1821 640 1892 eius
662 1820 824 1904 ambiret,
853 1846 933 1914 quae
960 1823 1021 1895 diu
1053 1825 1251 1895 necessaria

175 1960 279 2040 atque
298 1945 392 2016 utilis
414 1944 532 2015 multis
553 1926 636 2026 fuit,
659 1941 720 2012 vix
748 1943 886 2014 aliunde
919 1966 1023 2034 qnam
1045 1966 1065 2013 a
1090 1943 1251 2017 laudibus

176 2071 264 2140 meis
284 2068 471 2160 inciperet;
488 2064 766 2135 efficacissimum
787 2064 1020 2157 persuadendi
1038 2088 1151 2157 genus
1166 2074 1254 2149 3'ne-

172 2214 241 2285 que
262 2190 338 2260 aliis
362 2186 544 2282 praeceptis
565 2186 724 2257 oratoriis
745 2209 833 2282 opus
852 2200 940 2258 erat:
962 2189 1147 2260 artificiosa
1169 2189 1253 2261 satis

173 2306 284 2386 oratio
323 2290 533 2382 censebatur
570 2329 650 2400 quae
683 2309 770 2380 meis
805 2311 988 2382 decoribus
1020 2314 1123 2404 plena
1148 2324 1253 2383 esset.

174 2435 391 2525 Quicumque
412 2455 467 2503 me
496 2431 640 2503 laudare
672 2431 857 2517 didicerat,
876 2434 978 2504 alieni
1005 2433 1160 2526 suffragii
1187 2435 1254 2504 iam

176 2577 243 2626 non
267 2574 392 2645 egens,
419 2575 480 2646 pro
510 2553 703 2625 benedictis
737 2553 905 2626 beneficia
938 2556 1104 2627 merebat.
1129 2557 1256 2627 Contra

176 2680 361 2751 nonnullos
382 2688 550 2770 perpetuo
570 2678 753 2763 fastidivit,
782 2700 852 2749 non
881 2678 975 2773 quod
1009 2681 1053 2752 de
1086 2704 1140 2750 me
1169 2683 1258 2750 male

177 2801 280 2871 locuti
310 2810 431 2870 essent
457 2800 518 2892 (ea
543 2800 633 2869 enim
666 2801 807 2870 acrioris
833 2801 901 2871 odii
924 2820 1030 2871 causa
1055 2802 1164 2895 erat),
1196 2801 1258 2872 sed

176 2920 273 3013 quod
289 2921 428 3012 parcius
448 2943 502 2990 me
520 2920 740 3002 laudassent,
754 2931 814 2990 aut
834 2921 973 2989 omnino
989 2922 1034 2992 de
1055 2945 1111 2993 me
1132 2923 1259 3016 aliquid

181 3040 436 3122 demutissent,
459 3031 550 3111 unde
573 3061 611 3111 se
633 3063 788 3124 mecum,
810 3063 915 3132 quem
936 3043 1010 3135 ipse
1032 3044 1096 3115 sihi
1114 3068 1259 3140 prorsus

181 3160 488 3254 incomparabilem
511 3160 684 3252 fingebat,
712 3165 767 3231 vel
796 3164 897 3235 tacito
923 3165 1048 3239 iudicio
1069 3171 1158 3240 velle
1178 3191 1260 3241 oon-

180 3285 280 3377 queri
304 3283 535 3378 suspicionem
564 3286 620 3354 rel
644 3284 884 3356 tenuissimam
910 3290 1137 3384 concepisset.
1164 3293 1262 3362 Hunc

181 3427 249 3498 ego
276 3405 382 3496 igitur
411 3427 479 3477 non
507 3428 636 3489 amem,
667 3407 759 3478 bunc
791 3430 860 3480 non
897 3413 1134 3493 meminerim,
1169 3411 1261 3484 bunc

181 3550 252 3599 non
273 3527 387 3609 fleam,
410 3528 470 3619 qui
493 3550 547 3597 me
574 3529 704 3599 amavit
736 3539 775 3600 ut
807 3552 860 3613 se,
891 3532 950 3622 qui
977 3535 1044 3601 mei
1071 3554 1138 3602 non
1165 3534 1262 3604 aliter

184 3670 289 3741 quam
331 3650 385 3719 sui
424 3649 588 3733 meminit,
623 3652 683 3743 qui
717 3674 771 3723 me
804 3673 940 3744 aegrum
974 3654 1071 3725 llevit
1108 3655 1262 3745 graviter

184 3783 223 3842 ut
241 3773 333 3842 scias
353 3774 502 3864 qualiter
528 3773 677 3845 lleturus
703 3784 799 3845 esset
822 3777 1040 3848 extinctum‘.l
1072 3776 1155 3848 llihi
1178 3799 1262 3848 vero

188 3894 283 3985 prius
305 3895 420 3965 omnia
441 3918 544 3987 quam
570 3897 928 3991 memoria‘amorque
953 3898 1019 3969 viri
1044 3899 1147 3970 huius
1167 3901 1262 3970 exei-

108 4066 110 4071 >
186 4014 318 4086 derint:
350 4018 446 4110 prius
474 4020 565 4090 hunc
586 4019 745 4111 spiritum
773 4023 863 4091 fessa
887 4021 1043 4093 membra
1063 4021 1261 4105 destituent,

186 4157 290 4224 quarn
313 4138 416 4210 lletns
447 4141 525 4223 iste,
545 4162 616 4232 quo
637 4142 778 4225 nutrior,
794 4166 863 4233 (pun
880 4144 1050 4215 delector:
1073 4146 1169 4251 prius
1198 4145 1263 4214 boc
