2992 4664
618 301 772 352 nersrons
794 305 825 351 ιι.
1204 294 1258 355 all

180 477 295 548 neque
320 453 406 543 quod
424 475 530 545 puroo
550 450 724 522 admodum
743 456 930 545 srupmenlo
951 454 1076 546 timere)
1092 511 1099 540 ,
1117 452 1124 484 ¹
1146 465 1181 526 et
1202 454 1266 524 nni-

180 600 247 652 nus
269 574 494 646 metuendum
516 584 572 646 est
603 596 648 645 ne
673 575 729 646 ille
755 576 864 647 divini
891 579 946 647 vir
973 578 1119 667 ingenii,
1148 576 1267 648 audito

179 723 250 794 quo
283 697 473 770 mittendus
506 708 584 781 est,
620 695 730 787 fugiat
770 709 805 768 et
840 698 1123 791 profundioribus
1163 711 1267 793 caput

180 824 301 896 abdat:
316 819 399 891 illud
414 821 529 915 potius
552 841 655 911 spero
673 830 711 890 ut
733 821 944 913 ubicumque
965 822 1077 905 fuerit,
1101 821 1146 893 ad
1169 833 1266 895 tuum

181 959 308 1018 nomen
328 944 480 1014 exsiliat.
502 944 685 1013 Postremo
704 965 826 1034 parum
853 942 963 1015 abluit
984 944 1069 1036 quin
1092 943 1186 1013 modo
1203 967 1267 1037 pro

180 1067 404 1138 moderamine
432 1065 502 1134 stili
529 1067 578 1134 tui
599 1076 636 1135 ut
656 1086 707 1135 me
728 1067 863 1135 omnino
884 1065 1035 1158 deinceps
1054 1067 1268 1155 simpuluriler

180 1190 224 1262 od
248 1186 444 1282 loquendum
471 1185 616 1257 crederes
633 1176 643 1207 ²
663 1210 743 1258 cum
766 1188 831 1258 sim
855 1209 961 1267 unus;
990 1188 1108 1259 eloh!
1134 1189 1266 1260 utinam

181 1319 328 1405 integer,
343 1314 454 1383 necin
470 1314 578 1382 multa
593 1311 794 1403 passionum
813 1333 854 1390 ac
867 1311 1097 1403 cupiditatum
1112 1332 1267 1382 mearum

180 1440 292 1509 frusta
312 1435 520 1529 discerptus.
535 1434 703 1528 Epistulae
718 1431 899 1504 cuiusdam
915 1454 1004 1504 meae
1018 1434 1062 1505 ad
1077 1432 1268 1505 Tribunum

181 1559 359 1653 quondam
381 1557 478 1627 urbis
500 1557 638 1641 Romae,
660 1558 722 1650 qui
743 1579 840 1649 spem
862 1556 1052 1651 publicam,
1077 1567 1114 1627 ut
1135 1556 1267 1636 vidisti,

182 1694 253 1756 tam
279 1684 372 1752 claro
394 1679 560 1773 principio
585 1680 724 1762 fefellit,
755 1678 816 1752 tibi
844 1681 1018 1750 mitterem
1044 1678 1267 1771 particulam,

184 1805 447 1896 misissemque,
473 1802 533 1873 sed
557 1801 709 1872 laborem
733 1802 842 1872 timui.
873 1804 924 1872 Tu
948 1805 1042 1885 vale,
1071 1814 1106 1873 el
1137 1823 1194 1871 me
1220 1802 1269 1872 illi

183 1927 261 1998 viro
282 1926 410 2016 optimo
432 1924 500 1995 tuis
522 1925 645 1996 litteris
672 1946 776 2016 qnam
802 1924 1060 1995 familiariorem
1087 1932 1187 2015 potes
1220 1924 1269 1993 el-

184 2045 286 2120 ficito.
307 2047 449 2130 Patavii,
472 2047 549 2116 Vlll
566 2046 648 2118 Idus
669 2044 808 2137 Aprilis.
831 2045 1032 2115 anncrseus
1053 2054 1144 2116 tuus.

602 2490 779 2554 EPISTULA
801 2491 843 2553 lli.

246 2679 440 2730 FRANCISCUS
461 2677 632 2729 PETRARGA
655 2677 783 2727 URBANO
804 2678 832 2726 v.
853 2677 950 2728 ΡΟΝΤ.
972 2677 1049 2728 unx.
1072 2678 1099 2728 S.
1121 2681 1150 2729 Ρ.
1172 2681 1203 2730 ll.

261 2815 347 2872 Enixa
362 2816 490 2871 hortetur
503 2821 535 2871 ut
551 2816 648 2871 Romae
663 2815 811 2883 consistet,
827 2832 880 2871 nec
893 2816 997 2872 Sedem
1013 2815 1202 2887 Apostolicam

592 2903 706 2957 reducat
721 2900 750 2955 in
766 2900 877 2956 Gallias.

284 3139 339 3211 Ad
361 3149 492 3211 molum
514 3139 635 3232 sponsi
656 3149 751 3211 astra
778 3147 978 3223 moventur,
1002 3140 1174 3234 spondent
1196 3144 1271 3236 plu-

82 3340 84 3345 ,
187 3264 281 3349 viae,
317 3275 445 3336 ventus
479 3263 639 3350 incitant,
675 3262 816 3335 turbant
850 3263 970 3347 maria,
1005 3285 1078 3336 aera
1110 3265 1271 3356 lugubria

187 3385 352 3471 reddunt,
378 3385 595 3476 ingurgitant
620 3385 777 3476 gramina
809 3386 943 3477 campi,
979 3389 1203 3459 emolliuntur
1236 3400 1271 3458 el

187 3507 328 3578 madent
351 3505 504 3600 undique
529 3529 654 3601 aspera
689 3516 802 3579 terrae.
836 3509 907 3581 Nec
937 3507 1061 3578 rnirum
1097 3509 1127 3579 si
1157 3509 1286 3580 omnia.

187 3629 325 3720 lugent,
348 3632 430 3723 quia
460 3651 480 3700 a
516 3629 670 3726 principe
704 3631 915 3723 monarchiae
949 3634 1026 3707 loco
1060 3625 1270 3701 universalis

112 3779 115 3785 ·
187 3754 388 3826 monarchia
415 3752 557 3837 recedit,
580 3752 749 3826 deserens
770 3753 890 3825 urbem
911 3762 1015 3846 eaput
1036 3753 1146 3837 orbis,
1168 3750 1269 3824 dere·

280 3992 324 4045 ‘et
340 3993 349 4021 ²
362 3994 455 4045 Locum
468 4000 603 4058 utrumque
614 3996 745 4048 erroribus
756 3995 893 4059 implexum
905 3994 1013 4058 quisque
1023 3993 1105 4044 ridet:
1119 3993 1228 4046 fideliter
1238 4002 1272 4045 ta-

189 4083 246 4120 men
258 4083 290 4122 ex
302 4071 393 4124 Codice
406 4073 531 4123 Marciano
544 4074 688 4139 descriptus
696 4083 742 4128 est.
754 4077 903 4126 Germanam
917 4073 1051 4126 lectionem
1064 4088 1078 4126 a
1090 4074 1165 4127 nobis
1178 4074 1271 4127 lrustra

188 4151 326 4213 ‹ruumllsm
337 4153 491 4207 acutioribus
501 4155 604 4219 ingemo
615 4157 799 4210 restituendam
810 4155 986 4218 relinquimus.
