2992 4664
198 273 257 333 ιιι
540 285 581 332 uu
602 284 703 332 uanus
725 283 948 332 raurursurnus

198 442 275 502 ctos
289 432 402 522 tangit
415 433 552 501 lortuua
568 427 807 522 superstitum)
827 451 895 501 nou
917 449 1025 522 parva
1042 427 1196 499 felicitati
1217 438 1289 500 tuae

200 554 313 649 portio
334 552 561 624 subtrahitur.
585 551 698 623 Unum
716 554 820 623 tacita
840 550 1119 622 dissimulatione
1135 550 1287 622 transire

200 676 317 749 fidelis
338 658 501 747 amicitiae
518 676 577 744 lex
594 685 707 757 vetat,
725 696 795 767 qua
815 675 988 745 clarorum
1008 671 1122 745 omnis
1141 674 1212 744 aevi
1224 674 1289 746 ho-

202 801 332 871 minum
353 797 459 869 cineri
482 817 522 867 ac
544 798 646 869 lamae
666 819 736 869 non
756 798 856 868 aliter
888 819 929 868 ac
961 797 1190 889 praesentium
1224 794 1288 869 ob-

203 924 365 1014 stringor.
385 918 473 991 lllud
493 942 579 1011 ergo
601 928 705 990 tuum
728 919 814 990 mihi
833 918 1010 1013 displicuit
1041 920 1136 1011 quod
1169 920 1287 990 Marco

203 1045 329 1129 Tullio,
352 1043 453 1115 cuius
474 1063 600 1114 nomen
622 1050 682 1114 tuo
702 1041 737 1111 in
762 1041 885 1135 primis
911 1041 1088 1135 praeconio
1114 1041 1287 1113 celebrari

199 1167 381 1260 perfuerit
397 1177 432 1237 et
448 1164 573 1247 attolli,
596 1186 722 1238 censor
741 1165 944 1249 acerrimus,
965 1186 1010 1236 ne
1022 1164 1135 1236 dicam
1150 1186 1282 1257 reprae-

204 1292 347 1374 hensor,
370 1287 586 1381 asperrimus
606 1308 686 1359 esse
706 1289 874 1359 volueris.
897 1287 997 1370 Quod
1024 1288 1052 1358 si
1080 1287 1139 1359 tibi
1168 1287 1285 1359 iudicii

201 1413 346 1484 libertas
374 1410 551 1505 praestitit,
579 1422 617 1482 ut
637 1411 803 1482 iudicium
837 1434 905 1483 non
938 1410 1063 1504 probo,
1097 1411 1146 1482 sic
1173 1411 1284 1503 ipsam

204 1537 263 1606 libi
284 1558 355 1606 non
375 1532 516 1605 invideo
534 1530 752 1605 libertatem:
775 1534 838 1606 sed
859 1556 901 1605 ea
918 1542 1013 1606 certe
1030 1534 1170 1627 parcius
1185 1546 1288 1606 uten-

204 1658 286 1730 dum
308 1658 417 1730 luisse
433 1655 622 1742 denuncio,
645 1644 726 1727 sero
746 1657 848 1728 licet:
869 1659 938 1728 etsi
963 1655 1086 1728 eadem
1107 1657 1286 1729 adversus

202 1783 317 1873 ipsum
339 1781 460 1853 muudi
481 1781 666 1853 Dominum
688 1802 783 1875 saepe
805 1801 891 1851 usus
912 1779 958 1851 ab
977 1779 1055 1850 aliis
1078 1781 1216 1850 veniam
1238 1783 1288 1852 fa-

204 1904 268 1973 cile
290 1905 468 1974 merearis.
488 1905 530 1974 Et
549 1925 633 1975 sane
655 1903 690 1972 in
708 1910 801 1973 tanta
816 1905 964 1974 iortunae
978 1902 1195 1995 indulgentia
1208 1904 1288 1974 lrae·

204 2045 288 2094 nare
306 2024 458 2095 animum
481 2046 522 2095 ac
543 2024 697 2115 linguam
720 2023 925 2095 subdifficile
946 2035 1022 2096 est:
1046 2023 1110 2096 sed
1126 2046 1174 2093 ex
1192 2036 1230 2096 te
1252 2035 1288 2094 ut

203 2154 328 2216 exacta
348 2147 465 2218 omnia
486 2146 678 2238 requiram,
701 2147 817 2217 aetatis
835 2157 871 2219 et
890 2147 1058 2218 doctrinae
1080 2157 1150 2219 tuae
1169 2146 1288 2239 gravi-

192 2280 258 2340 tas
278 2270 373 2354 facit,
398 2280 504 2363 utque
525 2278 559 2339 ιθ
578 2270 722 2341 liberius
745 2270 808 2342 hac
831 2272 868 2350 iu
892 2294 933 2341 re
963 2291 1068 2364 quam
1094 2274 1151 2343 vel
1178 2271 1286 2342 filium

207 2390 322 2484 ipsum
340 2400 435 2460 tuum
449 2391 508 2483 qui
523 2404 655 2485 patrem
671 2401 812 2462 secutus
826 2392 918 2467 idam
934 2394 1054 2475 sensit,
1070 2397 1128 2465 vel
1141 2395 1288 2466 Calvum

204 2521 426 2603 coeterosque
456 2512 642 2605 participes
675 2513 833 2586 eiusdem
867 2515 986 2587 iudicii
1019 2516 1286 2609 reprehendam.

204 2633 324 2723 Neque
340 2654 427 2705 vero
445 2644 514 2704 tam
535 2635 603 2706 mei
624 2633 735 2727 ipsius
752 2636 878 2709 oblitus
897 2660 992 2721 sum,
1016 2650 1053 2710 ut
1075 2639 1135 2711 tibi
1155 2641 1191 2710 in
1207 2663 1289 2719 coe-

205 2765 307 2824 taneo
329 2765 391 2826 tuo
418 2777 545 2848 negem
567 2757 645 2829 uiso
664 2769 699 2830 et
720 2760 871 2851 cognito,
893 2762 985 2854 quod
1010 2784 1078 2854 ego
1103 2762 1187 2833 mihi
1209 2776 1289 2856 post

205 2883 254 2946 ιοι
286 2879 417 2948 saecula
448 2871 481 2950 in
508 2879 646 2951 homine
674 2891 742 2952 tam
770 2884 912 2976 antiquo
946 2885 1100 2977 tantique
1134 2886 1288 2957 nominis

205 3001 412 3091 usurparimz
434 3003 556 3074 Nullus
579 3005 757 3076 hominum
778 3013 832 3076 est
852 3007 909 3077 cui
930 3027 1000 3077 non
1026 3006 1158 3098 aliquid
1182 3006 1285 3080 desit.

204 3119 290 3201 Quis
307 3130 341 3189 ιθ
363 3123 464 3192 talem
487 3124 602 3195 virum
624 3139 716 3199 vetet
738 3127 772 3197 in
790 3127 894 3197 vicini
915 3129 965 3200 tui
986 3128 1142 3203 moribus
1164 3140 1287 3202 notan-

204 3242 288 3312 dum
303 3243 434 3335 aliquid
447 3244 647 3333 advertere,
667 3271 745 3319 oum
759 3272 825 3341 ego
837 3250 881 3321 de
895 3251 1086 3344 longinquo
1098 3253 1133 3321 in
1145 3255 1286 3346 scriptis

203 3363 280 3434 eius
296 3365 488 3441 invenerim
507 3390 588 3460 quae
609 3375 787 3442 notarem?
798 3372 844 3444 At
860 3375 955 3466 quod
968 3375 1063 3446 illius
1077 3379 1287 3469 eloquentiae

203 3487 330 3556 laruam
365 3497 492 3572 tentas,
526 3490 766 3583 facundiaeque
796 3495 1026 3587 principatum
1061 3497 1117 3569 vis
1150 3499 1287 3590 eripere

204 3610 341 3681 coelitus
363 3611 407 3680 illi
429 3611 566 3697 datum,
588 3625 623 3684 et
642 3616 746 3686 totius
767 3639 857 3710 pene
881 3620 989 3690 nostri
1002 3621 1097 3691 orbis
1110 3642 1288 3693 consensu

205 3733 280 3803 sine
301 3733 409 3824 litigio
431 3736 655 3827 permissum,
675 3738 755 3809 vide
773 3762 817 3810 ne
831 3754 951 3832 aperta
972 3743 1074 3814 nimis
1089 3743 1216 3816 iniuria
1229 3744 1285 3815 sit.

203 3855 303 3938 Vide,
327 3863 511 3948 tecumque
533 3858 662 3929 Calvus
685 3859 819 3945 videat,
850 3884 895 3933 ne
924 3864 1090 3935 camillo
1117 3865 1191 3936 viro
1218 3885 1287 3935 non

204 3997 306 4067 aequa
327 3977 415 4049 bella
437 3981 655 4073 sumpseritis
676 3981 719 4053 de
745 3985 953 4078 eloquentiae
975 3985 1183 4080 principatu,
1207 4009 1288 4081 quae

205 4097 303 4168 nohis
337 4102 575 4191 spectantibus
615 4117 734 4177 vestra
774 4111 962 4181 certamina
1001 4110 1198 4183 facillimum
1234 4121 1289 4184 ost
