2992 4664
204 305 262 363 att
285 358 286 361 ,
546 317 585 362 01
608 315 708 361 trenes
729 312 949 360 rutttrtrnnrnus

206 461 345 551 genium
364 473 460 531 tuum
474 461 566 530 novi.
581 459 816 549 Oratoriarum
832 457 1085 526 institutionum
1098 455 1186 526 liber
1199 455 1285 525 heu!

205 583 403 676 discerptus
423 592 459 651 et
478 582 570 652 lacer
586 570 687 650 'venit
706 577 752 649 ad
771 597 897 648 manus
916 599 1023 648 meas.
1042 577 1181 666 Agnovi
1202 586 1288 647 aeta-

206 720 273 777 tem
296 704 520 775 vastatricem
547 703 701 772 omniunt
726 710 762 771 et
778 699 852 770 dixi
871 722 1025 771 mecum:
1047 699 1148 769 Facis
1172 711 1210 770 ut
1231 721 1288 770 so

204 830 262 898 lita
276 849 329 897 es:
344 830 392 896 nil
404 827 494 897 hona
510 824 579 896 fide
590 823 768 906 custodis,
785 825 852 892 nisi
869 821 964 914 qnod
982 823 1130 916 perdere
1150 825 1287 893 lucrum

204 961 287 1020 erat.
303 949 401 1017 AEtas
416 947 535 1037 segnis
548 958 583 1016 et
597 947 751 1016 insolens
766 947 852 1014 tales
868 944 951 1014 mihi
965 943 1113 1014 remittis
1128 942 1287 1033 insignes

203 1073 298 1140 viros
320 1091 399 1138 cum
418 1066 666 1157 ignavissimos
688 1067 792 1137 colas.
812 1064 878 1136 Oh!
904 1063 1030 1147 sterilis
1043 1073 1080 1136 et
1093 1063 1187 1136 foeda
1204 1085 1288 1156 pars

203 1203 410 1283 temporum,
427 1187 589 1260 totrebus
601 1185 798 1258 ediscendis
812 1207 853 1257 ac
866 1185 1061 1258 scribendis
1075 1184 1193 1257 dedita
1206 1205 1287 1278 quae
1329 1237 1334 1250 .,

192 1303 329 1385 ¹melius
343 1311 569 1394 nescirentur,
578 1332 668 1403 opus
681 1311 747 1381 hoe
759 1310 1071 1401 hahereintegrum
1080 1310 1288 1401 neglexisti?

204 1438 377 1509 Caeterum
399 1433 456 1502 hic
475 1432 559 1503 mihi
580 1433 624 1503 de
647 1442 679 1503 te
699 1453 820 1511 veram
838 1431 924 1503 liber
944 1433 1140 1524 opinionem
1163 1431 1285 1511 attulit.

204 1562 270 1630 Diu
296 1560 365 1628 tuis
392 1559 426 1627 in
454 1557 558 1627 rebus
584 1578 801 1628 erraveram:
829 1555 939 1628 errori
968 1553 1077 1627 finem,
1098 1555 1287 1628 advenisse

190 1681 369 1772 gratulor.
391 1678 470 1749 Vidi
490 1681 632 1750 formosi
653 1681 807 1774 corporis
826 1688 923 1750 artus
941 1679 1086 1751 effusos:
1105 1679 1288 1751 admiratio

204 1804 355 1873 animum
378 1801 546 1895 dolorque
566 1803 754 1874 concussit.
773 1804 817 1872 llt
836 1805 984 1874 fortasse
1001 1825 1094 1873 nnnc
1114 1803 1209 1894 apud
1229 1804 1289 1873 ali-

204 1947 309 2017 quem
331 1934 425 1997 totus
442 1948 496 2007 es,
514 1916 520 1944 ¹
541 1937 576 1995 et
596 1925 689 2020 apud
702 1928 807 1997 talem
821 1924 965 1996 forsitan
979 1927 1039 2017 qui
1054 1946 1155 1996 suurn
1170 1925 1289 2017 hospi-

205 2059 273 2118 tem
296 2048 403 2119 habet
422 2051 647 2140 incognitum.
666 2048 833 2140 Quisquis
851 2049 937 2118 inte
955 2049 1161 2142 reperiendo
1181 2052 1290 2122 fortu-

204 2170 316 2242 natior
329 2172 401 2256 fuit,
418 2173 505 2244 sciat
517 2193 554 2244 se
568 2194 642 2242 rem
657 2171 773 2262 magni
787 2171 887 2263 pretii
902 2171 1096 2264 possidere,
1111 2192 1289 2263 quamque

204 2296 233 2364 si
257 2294 393 2365 noverit
413 2296 543 2388 primas
562 2294 811 2366 interdivitias
828 2296 927 2365 locet.
947 2295 997 2363 Tu
1016 2294 1156 2384 quidem
1177 2294 1211 2363 in
1234 2294 1290 2365 his

205 2416 322 2501 libris,
341 2417 401 2509 qui
421 2426 506 2507 quot
524 2416 594 2486 sint
609 2415 747 2514 nescies
761 2415 825 2486 sed
843 2414 1060 2487 hauddubie
1078 2416 1178 2486 multi
1197 2429 1288 2494 sunt.

204 2561 278 2610 rem
299 2561 320 2609 a
341 2538 507 2609 Cicerone
528 2541 595 2609 iam
618 2559 701 2609 sene
719 2541 860 2608 summo
886 2537 1000 2609 studio
1027 2527 1207 2608 tractatam
1235 2562 1290 2610 10

204 2658 330 2730 fricare
351 2659 591 2751 ausussquod
615 2661 707 2730 factu
734 2652 949 2752 impossibile
969 2660 1182 2745 iudicabam
1209 2672 1290 2754 post

201 2782 291 2854 tanti
310 2781 377 2854 viri
396 2783 549 2874 vestigia
568 2803 696 2853 novam
718 2803 790 2855 non
809 2783 1010 2855 imitationis
1032 2784 1095 2855 sed
1120 2782 1288 2855 doctrinae

204 2904 355 2998 propriae
375 2906 603 2998 praeclarique
624 2907 741 3000 operis
763 2906 908 2996 gloriam
928 2906 1107 2989 invenisti;
1126 2905 1215 2978 adeo
1235 2907 1289 2977 di-

116 3021 123 3043 '
203 3027 352 3116 ligentur
371 3028 416 3098 ab
437 3030 494 3099 1110
515 3028 707 3100 instructus
730 3038 847 3099 orator
866 3051 887 3098 a
908 3038 943 3098 te
963 3039 1123 3120 comptus
1143 3039 1287 3098 ornatus

203 3170 272 3241 qne
301 3160 372 3231 est,
405 3159 442 3218 ut
467 3152 576 3220 multa
605 3150 733 3219 abillo
763 3151 820 3220 vel
844 3152 1005 3240 neglecta
1035 3152 1091 3220 vel
1117 3172 1187 3222 non
1214 3151 1287 3221 ani-

203 3270 389 3343 madversa
402 3271 597 3342 videantur.
612 3272 728 3370 Atque
742 3275 788 3343 ita
806 3272 1006 3365 singulatim
1019 3275 1136 3344 omnia
1150 3275 1284 3365 colligis

202 3396 282 3467 duci
301 3404 360 3465 tuo
377 3397 510 3487 elapsa,
530 3403 568 3464 ut
585 3407 753 3486 quantum
772 3397 865 3465 vinci
882 3397 1033 3488 eloquio,
1055 3407 1190 3479 tantum
1210 3394 1305 3465 ditt‘

203 3516 319 3606 gontia
345 3516 486 3586 vincere
515 3527 609 3586 recto
634 3517 667 3584 ni
696 3518 794 3587 fallor
821 3517 949 3588 iudicio
975 3517 1043 3587 dici
1074 3517 1198 3609 possis.
1227 3518 1286 3587 1110

201 3640 295 3709 enim
317 3661 421 3709 suum
441 3649 615 3709 oratorem
641 3661 704 3731 per
725 3640 835 3710 ardua
860 3661 1047 3711 causarum
1069 3661 1109 3709 ac
1131 3642 1286 3710 summos

202 3763 411 3853 eloquentiae
428 3761 579 3832 vertices
597 3765 682 3852 agit,
705 3761 976 3834 et'iudicialihus
997 3763 1096 3834 hellis
1113 3764 1159 3834 ad
1179 3764 1289 3835 victo·

134 3862 143 3874 ⁵
203 3885 289 3952 riam
315 3884 451 3953 format.
480 3882 531 3953 Tu
556 3883 695 3977 longius
722 3893 882 3977 repetens
909 3896 1081 3958 oratorem
1108 3896 1208 3957 tuum
1226 3908 1288 3979 per

328 4054 333 4082 ¹
349 4055 450 4103 11111101
468 4055 543 4104 verba
560 4054 584 4102 in
602 4056 695 4106 Codice
710 4057 889 4110 Passioneiano
907 4063 1006 4123 legitur.
1022 4081 1032 4109 1
1049 4063 1100 4111 lloc
1118 4061 1267 4122 1010111011

223 4141 286 4199 quio*
299 4140 428 4191 t'ustontioe
440 4145 549 4202 rqierlttt
562 4150 598 4192 tat
613 4147 684 4193 toties.
698 4162 708 4188 1
1170 4157 1172 4159 ’
