2992 4664
587 328 738 381 rrrsrona
760 335 835 382 xxn.
1186 325 1244 389 355

175 463 238 536 her
254 465 432 540 familiaris
459 467 568 541 hostis
594 495 693 546 meus
719 476 769 548 sie
797 478 832 548 in
866 500 922 551 me
947 500 1057 575 nuper
1077 481 1243 555 coniurati

173 599 395 674 exarserunt,
419 601 456 663 ut
476 592 505 663 si
523 598 638 688 paullo
651 600 707 668 vel
727 599 784 672 illa
810 601 929 685 aerior,
957 605 1011 674 vel
1026 604 1086 675 ille
1110 602 1244 696 longior

172 711 308 794 luisset,
329 717 530 806 oppressuri
555 720 682 793 fuerint
707 721 950 797 hauddubie:
978 747 998 797 a
1023 727 1135 820 primo
1151 728 1241 832 enim
1308 769 1309 782 η

173 833 220 904 ad
238 843 433 908 extremum
453 839 546 911 diem
566 841 600 912 iu
620 842 801 935 grabatulo
832 869 910 919 meo
936 849 1088 920 vinctum
1122 871 1162 921 ac
1187 870 1243 921 se·

173 955 369 1029 mianimem
390 980 497 1056 prope
521 972 673 1037 tenuere.
701 969 852 1063 Tempus
872 969 988 1053 adluit,
1012 983 1047 1043 et
1066 994 1126 1043 aer
1145 971 1243 1044 blan-

172 1077 257 1162 dior,
292 1091 326 1151 et
358 1083 488 1154 mensis
522 1086 686 1161 amicior:
709 1091 837 1163 sensim
870 1092 975 1165 redeo
1001 1095 1091 1166 unde
1118 1095 1242 1187 raptim
1301 1158 1308 1170 .

172 1203 301 1286 excidi,
337 1213 476 1300 tamque
500 1212 672 1284 nullarum
694 1215 809 1288 adhue
839 1215 963 1287 virium
990 1237 1089 1301 sum,
1117 1227 1154 1289 ut
1179 1216 1241 1287 vix

171 1325 454 1402 adscribendum
478 1331 606 1426 digitos
631 1337 826 1430 explodam,
840 1336 916 1412 'vix
941 1361 1110 1434 papyrum
1130 1340 1239 1432 expli-

170 1470 257 1534 cem,
280 1452 342 1524 vix
360 1456 530 1528 calamum
549 1477 701 1529 versem:
723 1459 836 1554 ipsum
858 1461 947 1533 iacet
965 1461 1138 1553 ingenium
1161 1481 1240 1554 pro·

169 1571 235 1662 prii
264 1576 414 1648 carceris
441 1581 671 1653 concussione
703 1582 887 1655 deiectum.
916 1584 985 1655 Sed
1010 1593 1173 1675 assurget
1204 1582 1239 1655 in

169 1692 262 1780 dies,
284 1705 321 1769 et
341 1699 369 1770 si
391 1701 475 1772 illud
499 1703 602 1788 novi,
627 1702 687 1776 fiet
711 1705 965 1781 intermissione
991 1707 1159 1799 vegetius.
1184 1706 1239 1776 ln·

170 1823 264 1889 terea
289 1830 401 1893 tamen
435 1822 497 1896 has
529 1826 665 1898 notulas
694 1829 815 1920 quales
846 1829 1021 1902 excudere
1052 1838 1239 1924 potuerunt

168 1961 264 2033 aegra
299 1966 413 2032 menS,
444 1948 538 2018 frons
571 1949 709 2042 pallida,
744 1971 869 2023 manus
895 1947 1072 2024 imbecillis
1105 1962 1139 2023 et
1168 1961 1238 2022 tre-

168 2069 282 2151 mula,
326 2089 428 2162 aequo
470 2072 584 2143 animo
622 2083 659 2145 ut
686 2076 867 2167 perlegas,
909 2075 1031 2146 eadem
1078 2073 1238 2146 amicitiae

168 2190 222 2261 vis
254 2196 448 2286 compellet,
483 2216 564 2287 quae
597 2207 631 2267 te
669 2198 757 2269 adeo
796 2197 965 2269 solicitum
990 2197 1237 2290 ardentemque

166 2317 410 2389 coacervandis
434 2321 613 2414 opusculis
638 2323 725 2393 meis
756 2323 850 2404 lecit,
885 2341 964 2414 quae
985 2329 1022 2392 ut
1049 2340 1233 2401 memoras,

166 2435 211 2507 ab
230 2438 418 2512 innumeris
438 2450 473 2513 et
493 2443 616 2513 mirum
637 2442 670 2512 in
697 2444 838 2515 modum
857 2441 980 2536 patria,
1007 2441 1161 2514 moribus
1195 2462 1236 2512 ac

167 2561 377 2651 professione
397 2561 607 2635 distantibus
629 2565 843 2637 mendicasti.
871 2564 993 2660 Stupui
1013 2563 1237 2646 audiens-sit

166 2682 243 2786 licet
273 2683 527 2758 benevolentiae
554 2686 705 2780 antiquae
737 2710 851 2760 novus
881 2700 1022 2782 stupor;
1051 2696 1154 2758 vetus
1180 2685 1236 2757 hic

166 2824 242 2876 mos
267 2805 341 2876 tihi:
363 2807 445 2877 mihi
472 2818 611 2900 propter
637 2810 929 2900 perseverantiam
951 2808 1130 2880 admiratio
1148 2829 1235 2899 quo

167 2928 249 2999 tidie
281 2949 401 2999 recens
433 2939 502 3012 est,
535 2931 629 3023 quod
650 2933 696 3002 ita
722 2931 806 3000 nihil
826 2929 960 3001 affectui
987 2940 1045 3000 tuo
1076 2928 1236 3002 detrahat

165 3062 288 3125 cuncta
308 3073 515 3126 consumens
533 3063 631 3125 aetas.
646 3052 780 3135 Quibus
794 3063 908 3124 autem
929 3052 1034 3123 armis
1048 3074 1154 3136 emor,
1176 3062 1236 3125 aut

165 3176 292 3269 quibus
311 3176 445 3249 viribus
467 3179 672 3259 vinceretur,
694 3197 796 3268 quern
818 3196 882 3248 seu
902 3176 1050 3261 vincere,
1074 3198 1138 3249 seu
1158 3176 1234 3247 vin-

70 3390 71 3395 *
164 3299 234 3373 eire
244 3302 367 3383 omnia,
376 3312 589 3373 secretorum
601 3308 736 3372 nuturae
748 3300 905 3372 conscius
918 3301 1021 3372 Poeta
1033 3298 1234 3371 confirmat?

165 3423 478 3508 Quintusdecimus‚
500 3424 568 3495 nisi
597 3424 710 3507 fallor,
731 3444 843 3495 annus
864 3423 990 3515 egitur,
1013 3444 1059 3494 ex
1081 3441 1150 3513 quo
1169 3420 1233 3489 im-

164 3549 342 3618 mortalem
363 3547 567 3630 amicitiam‚
597 3556 633 3617 et
656 3547 739 3620 vitae
759 3554 888 3619 nostrae
914 3544 1041 3618 tinibus
1062 3566 1131 3616 non
1150 3564 1232 3614 oon-

165 3679 295 3743 tentam
315 3670 576 3742 saluberrimam
597 3670 642 3742 ad
663 3669 820 3742 umbram
848 3678 985 3766 pastore
1015 3666 1145 3759 gregis,
1173 3667 1232 3736 sil-

163 3815 288 3887 vaeque
309 3794 448 3866 domiuo
468 3805 548 3866 tunc
574 3795 669 3887 Argo
688 3793 832 3866 dextras
854 3793 1030 3883 iungente‚
1057 3790 1233 3862 contraxi·

165 3894 263 3991 mus(
276 3919 365 3990 Ecce
385 3917 476 3989 idem
502 3917 606 3989 vlrodie
630 3918 830 3989 miratores
853 3937 968 3988 rerum
989 3935 1157 3997 mearum,
1172 3912 1232 4004 qui

165 4052 247 4114 tuno
266 4044 391 4114 fueras.
425 4039 548 4112 Mirum
574 4049 608 4111 et
640 4060 784 4133 prorsus
810 4035 1044 4130 impossibile,
1067 4037 1097 4108 si
1117 4046 1231 4107 tamen

166 4185 220 4235 me
234 4165 357 4249 minus,
371 4177 431 4240 aut
444 4177 478 4240 te
491 4167 589 4240 solito
602 4167 840 4259 plusamares.
853 4161 1072 4236 Minuseuim
1085 4162 1230 4256 seipsos
