2730 4680
213 315 253 376 30
558 333 599 381 nn
620 331 721 381 nunus
743 331 966 379 rnuuramnus

214 470 335 542 altiore
371 469 511 560 fastigio
543 471 683 540 exulem
717 479 821 561 atque
854 469 1009 561 inopem,
1045 468 1106 538 sed
1141 469 1299 540 modesto

213 593 321 676 victu,
340 602 441 663 veste
454 590 590 676 humili,
615 590 889 682 submoturoque
909 591 972 661 vix
991 589 1137 661 imbrem
1156 601 1249 662 tecto
1265 605 1300 662 et.

213 717 286 786 lare
306 736 453 808 prorsus
472 714 603 805 exiguo
623 723 839 798 contentum,
867 712 912 784 ad
941 714 1024 784 litus
1056 712 1161 785 studii
1186 716 1300 787 Bone

214 838 347 909 niensis
367 860 415 908 ex
436 837 511 920 illo,
533 858 603 930 quo
623 836 685 908 diu
706 839 921 928 multumque
947 837 1063 909 iactati
1090 861 1213 909 sumus
1241 862 1301 909 cn-

215 962 350 1032 rialium
376 969 624 1053 tempestatum
648 961 788 1052 pelago,
819 963 917 1030 velut
947 983 967 1031 e
992 961 1093 1052 gravi
1119 963 1301 1053 naufragio

215 1084 364 1156 eiectum
391 1105 569 1176 spernere,
596 1084 734 1174 lugere,
757 1081 927 1154 oblivisci.
957 1084 1029 1155 Nec
1053 1085 1139 1154 satis
1165 1084 1201 1154 id
1227 1088 1301 1156 lue-

216 1218 284 1293 rat,
307 1207 374 1279 nisi
395 1205 480 1278 illud
500 1208 644 1299 insuper
665 1206 880 1292 addidisses,
901 1229 974 1292 me,
994 1208 1090 1298 quod
1106 1210 1206 1300 peius
1232 1221 1300 1285 est,

217 1330 347 1422 nequid
371 1329 559 1401 verborum
586 1340 723 1402 tuorum
756 1331 792 1399 in
823 1330 888 1407 hac
918 1331 1041 1400 saltem
1067 1329 1303 1415 accusationis

216 1463 315 1545 parte
335 1451 556 1535 variaverim
579 1451 734 1525 damnati
753 1453 888 1524 iniuste·
903 1474 1010 1544 super
1031 1453 1180 1524 tunicam
1203 1454 1302 1522 inno-

218 1584 354 1646 centem
388 1585 502 1647 sortes
529 1577 677 1646 mittere.
708 1575 811 1658 Quod
837 1575 969 1646 crimen
999 1597 1055 1645 me
1087 1574 1304 1666 quantalibet

218 1697 408 1769 intentione
428 1695 534 1768 animi
554 1697 749 1788 intelligere
770 1699 975 1790 nequivisse
1000 1698 1177 1792 profiteor.
1208 1699 1304 1770 Sicut

218 1843 283 1891 nee
299 1819 401 1903 illud,
425 1817 483 1890 ubi
503 1819 556 1891 ais
577 1842 633 1892 me
653 1819 816 1892 arborem
840 1801 1078 1914 descripsisse
1093 1822 1302 1904 vanitatum,

218 1944 274 2015 cui
307 1945 476 2015 insertum
509 1965 591 2015 esse
621 1953 882 2017 tuumnomen
916 1944 1079 2015 audieris.
1113 1945 1189 2034 Ego
1217 1967 1304 2014 vero

220 2065 452 2157 descripsisse
477 2088 533 2136 me
560 2066 752 2139 vanitatum
775 2065 938 2137 arborem
963 2068 1091 2137 nullam
1113 2066 1203 2150 scio,
1238 2066 1304 2136 nisi

218 2190 299 2281 quia
322 2191 351 2259 si
372 2211 495 2259 verum
517 2208 770 2280 recognoscere
796 2212 866 2260 non
888 2189 999 2282 piget,
1020 2188 1192 2280 quidquid
1219 2189 1305 2258 scri·

220 2312 336 2383 bimus
359 2322 419 2380 aut
439 2312 603 2400 legimns
625 2311 798 2402 quidquid
818 2310 1012 2402 cogitamus
1033 2321 1093 2382 aut
1114 2311 1299 2402 loquimur,

219 2433 389 2525 quidquid
409 2433 547 2523 agimus
573 2444 633 2503 aut
657 2446 835 2526 optamus,
858 2447 929 2506 tota
950 2435 1100 2527 denique
1122 2435 1302 2518 vitabeec,

219 2565 279 2626 aut
303 2566 396 2626 certe
423 2575 550 2644 magna
576 2578 623 2626 ex
648 2568 760 2650 parte,
788 2559 925 2631 vanitas
950 2568 1077 2640 estet,
1104 2568 1143 2628 ut
1162 2559 1210 2630 ait
1231 2560 1303 2645 ille,

219 2677 276 2768 qui
299 2699 377 2748 cum
400 2678 493 2747 omni
515 2699 578 2747 sua
602 2680 769 2770 sapientia
790 2680 880 2753 banc
900 2681 1012 2775 ipsam
1034 2682 1183 2775 publicae
1204 2684 1305 2753 vani-

220 2800 301 2872 tatis
322 2800 497 2869 infamiam
518 2823 588 2872 non
609 2803 739 2872 evasit:
770 2806 903 2874 vanitas
926 2807 1114 2875 nouitatem
1137 2816 1169 2873 et
1192 2809 1306 2876 omnia

221 2925 365 2995 vanitas.
398 2925 444 2993 lle
468 2944 537 3014 qno
564 2924 698 3017 pridem
725 2925 834 2997 breve
859 2929 1076 3020 opusculum,
1102 2949 1181 2998 meo
1206 2949 1305 2998 more

223 3048 372 3138 stiloque
401 3068 466 3116 nee
495 3047 674 3141 elaborato
702 3048 840 3141 penitus
862 3071 925 3120 uec
954 3053 1121 3140 neglecto,
1146 3051 1305 3123 scribere

221 3192 424 3264 aggressus
447 3172 645 3262 implessem
681 3174 812 3265 utique,
844 3173 912 3244 nisi
936 3175 1018 3266 quia
1050 3176 1221 3247 trahenda
1247 3198 1305 3246 res

221 3294 299 3366 visa
319 3304 388 3377 est,
412 3293 506 3384 quod
526 3295 610 3366 novi
631 3296 781 3386 vanique
801 3295 931 3388 aliquid
947 3297 1103 3388 quotidie
1120 3298 1217 3370 affert
1234 3299 1305 3387 vila

221 3415 418 3501 bominum,
440 3417 534 3489 unde
552 3418 662 3488 maior
679 3417 889 3510 uberiorque
908 3422 952 3490 sit
968 3420 1116 3492 libellus.
1132 3422 1304 3494 Caeternm

221 3561 395 3631 nusquam
429 3539 485 3622 ibi,
521 3562 694 3632 nusquam
728 3541 809 3612 alibi
844 3543 1014 3615 hactenns
1044 3554 1142 3615 tuum
1177 3569 1306 3619 nomen

222 3661 369 3746 inserui,
392 3662 603 3734 destituente
628 3664 770 3755 quidem
801 3688 856 3736 me
886 3669 1044 3750 materia,
1071 3693 1142 3741 non
1168 3672 1304 3741 affectu.

224 3785 442 3878 Quamquam
477 3786 506 3856 si
539 3788 694 3859 illustres
727 3788 794 3858 aevi
829 3792 938 3860 nostri
970 3793 1076 3863 vires
1097 3793 1307 3882 attigissem,

223 3931 292 3977 nen
313 3909 425 3981 dicam
448 3923 495 3994 te,
517 3934 562 3980 ne
584 3909 656 3993 tibi,
679 3911 775 4002 quod
795 3915 951 4003 placatus
974 3936 1041 3985 non
1064 3917 1173 4000 solen,
1196 3917 1305 3987 iratus

175 4016 180 4029 '
224 4029 357 4100 adulari
379 4032 515 4115 videar,
535 4044 681 4105 atcerte
702 4057 765 4105 nec
787 4046 960 4129 patruum,
983 4059 1046 4108 nec
1060 4048 1192 4129 patrem
1207 4050 1306 4110 tuum

227 4153 361 4223 silentio
395 4177 629 4248 oppressurus
671 4157 803 4228 luerim.
839 4161 939 4231 Nolui
978 4172 1092 4231 alitem
1137 4185 1199 4253 pro
1237 4174 1304 4235 tam
