2804 4656
191 290 251 350 236
533 303 575 349 on
596 301 697 349 nanus
720 300 941 348 annumerans

191 443 349 514 dissimae
370 443 454 514 vitae
475 464 592 525 cursu,
615 441 772 513 moribus
798 452 834 512 et
860 442 999 533 ingenio
1017 441 1167 535 probati,
1187 444 1276 516 meis

191 567 259 636 alte
291 563 494 658 praeoordiis
531 563 747 634 insederunt.
786 565 906 633 Restat
941 576 976 636 ut
1008 575 1042 634 te
1068 586 1276 656 precer,‘ne

191 687 274 756 milri
295 688 404 758 anxio
425 696 553 756 statum
571 697 669 757 tuum
689 686 783 757 sinas
804 685 1028 776 incognitum,
1048 697 1145 757 etan
1162 697 1275 758 morte

191 808 286 899 regis
313 821 426 880 tecum
451 807 582 900 aliquid
607 811 746 879 fortuna
764 807 983 899 patraverit:
1010 830 1115 900 quem
1141 810 1275 879 utinam

192 940 229 1000 ut
246 929 291 1000 ad
308 953 455 1022 regnum
473 930 525 1001 sio
541 929 587 1000 ad
604 931 719 1021 regias
739 930 886 1000 virtutes
904 931 1060 1000 attollere
1078 933 1273 1023 potuisses:

190 1050 316 1144 inquo
339 1074 477 1134 vereor,
499 1074 544 1122 ne
565 1055 708 1123 multam
728 1073 796 1143 ego
816 1073 955 1144 operam
983 1051 1170 1124 scribendo
1195 1064 1276 1146 per-

190 1172 351 1257 diderim,
375 1182 411 1243 tu
433 1174 615 1265 loquendo.
648 1175 822 1268 Optimum
848 1173 996 1244 verbum
1023 1174 1089 1246 viri
1117 1177 1272 1268 pessimi,

192 1296 349 1366 virtutem
381 1294 482 1363 uerbo
512 1316 581 1363 non
613 1293 746 1379 addere,
786 1295 882 1387 qu'od
919 1294 967 1366 ita
999 1296 1141 1367 demum
1178 1307 1275 1369 recte

191 1418 318 1490 dicitur
339 1418 369 1488 si
390 1418 485 1487 nulla
509 1438 656 1508 usquam
682 1417 857 1488 audientis
891 1418 925 1486 in
959 1419 1075 1489 animo
1108 1418 1153 1488 sit
1182 1420 1276 1489 sein-

194 1540 264 1619 tilla
280 1560 385 1631 quam
404 1539 563 1608 suscites.
586 1538 656 1610 Oh!
687 1538 777 1637 sise
799 1540 855 1610 ille
877 1541 946 1610 tuis
966 1540 1107 1610 monitis
1127 1540 1274 1612 docilem

193 1661 402 1755 praebuisset
432 1661 492 1754 (da
524 1661 677 1745 veniam,
713 1674 815 1753 urget
847 1663 1070 1734 animumne
1101 1664 1274 1733 calamum

192 1783 311 1878 dolor),
328 1787 480 1876 prolecto
497 1784 629 1856 diutius
646 1784 805 1870 vixisset,
825 1784 958 1856 felicius
976 1784 1132 1871 obiisset,
1147 1807 1275 1856 nomen

193 1905 320 1979 olarios
339 1907 549 2000 reliquisset.
565 1908 663 1991 Vale,
684 1930 800 1980 meum
820 1907 927 1980 decos
949 1929 990 1979 ao
1011 1909 1144 2000 patriae.

334 2063 455 2132 Patavii,
471 2063 517 2117 Vl.
534 2063 601 2118 Idus
616 2062 697 2118 Iunii.

602 2488 781 2553 uulslott
802 2489 872 2551 XlX.

262 2660 455 2710 sntnclscus
476 2661 646 2711 Paresaca
667 2661 800 2710 tontum
821 2663 863 2710 DE
885 2661 1053 2711 cannatae
1075 2661 1108 2716 S..
1123 2662 1152 2709 Ρ.
1174 2663 1206 2711 Β.

278 2805 318 2860 De
333 2805 454 2877 quodam
469 2807 641 2861 adolescente
657 2806 816 2860 Rauennate
832 2807 861 2861 in
876 2823 955 2861 snam
970 2806 1185 2861 familiaritatem

342 2909 439 2948 recens
453 2899 575 2965 accepto.
590 2893 631 2947 De
648 2893 811 2963 imitatione,
825 2899 853 2948 et
868 2893 958 2964 plagio
973 2893 1119 2948 litterar-io.

291 3127 392 3200 Anno
418 3141 543 3202 exacto
576 3146 655 3224 post
682 3131 876 3203 discessum
901 3141 998 3203 tuum
1018 3149 1202 3223 generosae
1223 3133 1273 3200 in·
1301 3204 1305 3209 ,

193 3250 282 3322 dolis
315 3251 521 3323 adolescens
554 3255 638 3323 mihi
672 3255 836 3346 contigit,
877 3276 982 3346 quem
1022 3254 1081 3324 tibi
1117 3254 1274 3344 ignotum

193 3374 308 3458 doleo,
330 3375 395 3445 etsi
416 3375 473 3444 ille
497 3368 660 3468 probate
681 3379 832 3461 noverit,
859 3399 963 3468 quem
999 3396 1093 3468 saepe
1118 3373 1275 3444 Venetiis

194 3495 230 3564 in
255 3495 359 3564 domo
385 3503 459 3593 tua,
487 3516 593 3586 quam
620 3496 791 3582 inhabito,
824 3506 860 3569 et
892 3498 985 3591 apud
1014 3499 1187 3567 Donatum
1212 3516 1275 3565 no-

195 3628 304 3689 strum
329 3618 428 3701 vidit,
465 3627 571 3710 utque
605 3628 662 3689 est
691 3642 766 3691 mos
796 3620 909 3691 aetatis
938 3620 1043 3700 illius,
1070 3616 1275 3688 observavit

195 3741 370 3812 attentius.
393 3741 438 3811 Ut
458 3763 542 3813 vero
563 3749 598 3811 et
620 3753 656 3812 tu
677 3743 772 3812 illum
792 3743 888 3812 noris
909 3763 978 3835 qua
998 3742 1102 3811 datur
1118 3740 1272 3822 eminae,

195 3869 230 3930 et
254 3861 288 3931 in
315 3862 436 3935 litteris
463 3864 557 3934 illum
583 3864 670 3935 meis
704 3865 843 3946 videaS,
878 3875 976 3934 ortus
1009 3873 1063 3933 est
1095 3860 1213 3930 Adriae
1238 3860 1275 3927 in

195 3981 294 4052 litore
324 4007 365 4056 ea
398 3989 505 4057 lerme
538 3994 654 4070 aetate,
690 3987 756 4056 nisi
780 3987 893 4070 fallor,
913 4007 984 4077 qua
1007 3995 1044 4055 tu
1070 3982 1116 4052 ibi
1141 3981 1274 4073 agebas

196 4125 275 4173 cum
301 4108 442 4198 antiquo
468 4111 581 4202 plagae
608 4107 699 4180 illius
724 4107 865 4179 domiuo
894 4109 970 4178 eius
990 4128 1067 4190 avo,
1095 4105 1156 4198 qui
1181 4125 1275 4175 nuno
