2940 4650
190 288 251 367 524
534 302 693 351 nernnnix
714 303 931 353 nirrnnnnnu.

190 446 344 515 clausam
381 441 566 528 Venusini,
600 455 636 516 et
665 452 805 537 apertas
832 445 940 516 ltaliae
963 447 1086 517 valles
1114 447 1303 539 collesque

190 564 442 658 pulcherrimos
461 577 497 637 et
518 566 624 638 urbes
639 566 907 638 amoenissimas
932 589 975 639 ac
1005 568 1302 639 florentissimas

191 688 338 760 intersit.
356 691 399 760 Et
417 699 532 760 tannen
553 689 637 760 vide
657 700 827 781 quantum
848 698 952 760 vetus
974 691 1219 763 consuetudo
1243 714 1303 761 va-

193 815 250 883 let.
284 811 410 884 Adhuc
435 812 481 883 ad
505 813 599 882 illarn
625 814 752 883 vallem
786 834 943 883 remeare
976 836 1051 885 non
1088 837 1237 900 renuo,
1272 813 1302 885 si

193 945 308 1007 tannen
342 936 511 1006 honestus
537 934 584 1004 ibi
607 936 690 1004 vitae
716 934 842 1026 modus
874 934 1091 1018 ostenditur,
1121 936 1188 1027 qui
1211 958 1300 1029 quo-

191 1057 285 1128 niam
319 1056 456 1128 ostendi
490 1059 585 1127 nullo
613 1068 716 1150 pacto
741 1065 872 1148 potest,
895 1067 931 1127 et
950 1057 995 1127 de
1019 1079 1060 1128 re
1081 1058 1297 1128 certissima

192 1183 297 1251 nimis
315 1181 376 1252 din
396 1180 549 1273 disputo,
572 1179 662 1264 ideo,
683 1180 801 1264 frater,
823 1188 922 1250 tuum
944 1191 979 1249 et
999 1179 1187 1250 Mainardi
1211 1200 1294 1250 con·

193 1304 308 1374 silium
326 1304 401 1374 sine
423 1302 641 1375 haesitatione
661 1303 889 1394 complector,
907 1310 944 1372 et
959 1299 1144 1372 ambobus
1165 1302 1293 1374 videor

192 1426 331 1520 proprie
352 1424 539 1495 admodum
561 1443 794 1515 responsurus
820 1423 895 1494 lulii
928 1422 1082 1493 Caesaris
1118 1424 1290 1516 exemplo

193 1550 254 1642 qui
274 1548 384 1643 Oppio
406 1547 634 1637 Cornelioque
655 1545 814 1617 scribens
836 1546 988 1628 consilio,
1015 1543 1150 1637 inquit,
1163 1593 1167 1596 -
1181 1557 1289 1616 vestro

193 1681 269 1740 otor
286 1672 432 1752 libenter,
454 1681 485 1740 et
501 1671 560 1738 boc
582 1669 747 1739 lubentius
772 1666 858 1758 quod
881 1690 955 1737 mea
979 1679 1096 1760 sponte
1117 1666 1288 1757 facereid

194 1796 427 1864 constitueram
446 1802 481 1862 et
502 1791 552 1863 sic
573 1792 607 1861 in
630 1791 752 1862 litteris
774 1790 913 1861 dicere:
936 1791 986 1861 sic
1006 1790 1283 1873 constitueram,

182 1917 245 1989 sie
262 1918 403 1999 taciani,
426 1937 539 2008 eoque
560 1915 717 1985 securior
737 1913 831 2005 quod
857 1911 961 1983 video
991 1934 1133 1984 mecum
1163 1915 1284 1985 talium

195 2041 385 2110 amicorum
411 2035 623 2108 concordare
650 2034 870 2107 sententiam.
892 2023 967 2105 Non
988 2034 1059 2116 ibo,
1082 2034 1157 2105 nisi
1177 2036 1282 2117 torte,

196 2160 290 2251 quod
309 2181 380 2231 non
402 2180 518 2250 spero,
542 2160 703 2228 Socrates
731 2157 787 2228 ille
813 2177 913 2228 meus
940 2154 1201 2226 efficacioribus
1229 2176 1285 2225 me

195 2280 341 2351 vocibus
365 2281 557 2352 excitaret:
577 2278 793 2368 consilioque
820 2288 939 2348 vestro
964 2277 998 2344 in
1020 2275 1285 2348 ltaliae'finibus

195 2409 336 2473 aetatem
357 2423 470 2492 agam.
492 2388 585 2471 Vita¹
604 2399 706 2482 enim,
728 2406 768 2468 ut
788 2418 899 2490 spero,
922 2398 988 2468 erit
1006 2396 1062 2467 hic
1076 2398 1284 2482 iucundior,

200 2533 237 2594 et
281 2544 377 2594 mors
412 2523 559 2604 felicior,
595 2530 630 2593 et
663 2522 809 2592 suavius
855 2521 1071 2613 sepulcrum,
1110 2521 1220 2592 sicuti
1253 2523 1288 2593 in

196 2645 348 2736 quodam
370 2646 446 2716 loco
465 2643 602 2713 dixisse
626 2665 683 2712 me
704 2644 834 2726 recolo,
867 2653 905 2714 et
928 2652 967 2711 ut
993 2662 1049 2712 rue
1074 2641 1198 2734 ipsum
1225 2642 1289 2713 ali-

197 2766 337 2858 quando
357 2764 518 2858 incipiam
537 2765 704 2856 allegare,

716 2918 783 2991 post
799 2912 902 2991 praelia
920 2917 999 2973 tanta

356 3012 498 3075 Fortunae
515 3010 647 3074 Ausonia
666 3011 771 3072 saltem
790 3009 897 3072 tellure
913 3007 1050 3082 recondi,

358 3112 450 3173 Dulce
468 3111 557 3185 milii,
575 3118 604 3173 et
621 3109 726 3188 patriis
743 3109 868 3184 longum
885 3104 1080 3183 requiescere
1100 3107 1206 3184 sanis,

359 3207 492 3286 Senaque
509 3225 578 3270 cum
596 3208 701 3286 fragile
718 3205 874 3269 tumulum
890 3201 1080 3265 convulserit
1098 3209 1176 3265 aetas

357 3307 470 3370 Lenius
485 3307 629 3387 Hesperia
646 3305 722 3368 einis
738 3304 786 3366 hic
803 3302 966 3380 agitabitur
983 3316 1068 3363 aura.

197 3491 269 3562 Vos
289 3490 406 3572 etiam,
428 3491 569 3575 iratres,
595 3509 657 3558 vos
677 3489 781 3557 etiam
808 3486 892 3570 huc,
916 3483 945 3554 si
973 3504 1043 3576 qua
1068 3483 1206 3574 quietis
1236 3497 1293 3558 est

198 3634 295 3714 cura,
317 3614 496 3684 dissolutis
519 3614 573 3682 vel
596 3611 709 3703 potius
730 3608 898 3679 abscissis
924 3603 1196 3698 occupationum
1228 3631 1294 3680 ve-

200 3745 350 3807 strarum
371 3733 519 3826 laqueis,
543 3734 745 3803 festinanter
770 3724 920 3800 dicerem
943 3727 1071 3807 venile,
1093 3736 1131 3796 et
1154 3729 1292 3804 videte.

200 3859 269 3928 Sed
289 3857 436 3929 venistis
465 3866 501 3928 et
528 3854 677 3926 vidistis.
705 3854 791 3933 Quae
818 3851 847 3920 si
872 3848 974 3922 vobis
1008 3847 1107 3939 regio
1140 3872 1200 3925 me
1231 3855 1296 3925 ab·

201 3989 301 4051 sente
322 4002 433 4073 usque
454 3979 543 4050 adeo
570 3975 712 4069 placuit,
743 3973 828 4064 quid
853 3973 983 4043 laceret
1008 3992 1064 4039 me
1092 3988 1295 4064 praesente,

294 4133 301 4160 ¹
318 4133 378 4193 Qua
389 4141 528 4199 sequuntur
539 4132 565 4182 in
576 4128 663 4182 codice
675 4127 854 4180 barberiniano
866 4125 1051 4178 desiderantur.
