2940 4650
539 539 716 638 urrsrom
738 539 808 611 mx.
837 625 840 632 Ι

223 714 227 720 -
270 683 447 735 struamus
468 684 646 740 vicecomes
669 683 865 742 uieouueuo
887 684 928 732 ur
950 683 1078 733 nrcrrue

161 762 173 775 '
483 783 636 849 episcopo
658 782 864 831 nuousrunsr.

134 921 175 979 oh
188 921 296 977 litteras
309 921 446 994 superbia
461 926 490 976 et
508 920 643 976 iactantiae
662 922 759 992 plenas
778 920 812 975 ab
832 937 865 976 eo
884 921 938 978 sibi
956 921 1054 978 missas
1073 921 1213 977 Galeatius

221 1012 380 1066 vicecomes
407 1010 575 1088 Episcopum
600 1010 775 1079 indignanter
802 1011 962 1082 alloquitur,
985 1016 1012 1066 e't
1033 1012 1115 1066 minis
1142 1013 1215 1066 inse-

222 1101 328 1173 quitur.

230 1295 411 1390 Superbiae
425 1296 592 1367 imovero
610 1296 756 1367 insaniae
771 1306 842 1367 tuae
856 1297 1004 1383 litteras,
1019 1321 1108 1391 quas
1125 1301 1214 1372 iniu-

133 1419 194 1488 riis
216 1421 334 1510 plenas
352 1419 618 1511 exudantesqpe
638 1418 805 1490 conviciis
827 1419 860 1489 in
888 1441 953 1491 nos
974 1421 1102 1494 diceris
1128 1423 1214 1495 effu-

133 1541 243 1624 disse,
266 1540 312 1611 ad
333 1525 456 1610 manus
478 1550 616 1611 nostras
642 1563 709 1611 non
737 1542 945 1634 pervenisse
978 1545 1131 1630 noveris,
1152 1545 1213 1616 sed

133 1663 317 1733 dumtaxat
328 1663 575 1732 continentiam*
588 1663 621 1731 in
634 1640 759 1732 ‘effectu
769 1664 1003 1754 quorumdam
1018 1665 1117 1736 nobis
1128 1666 1215 1739 fide-

134 1785 214 1854 lium
233 1795 431 1854 nostrorum
454 1784 638 1854 sedulitate
658 1762 917 1868 transmissam,
936 1786 1100 1880 quodque
1119 1788 1214 1879 ipsas

133 1927 193 1976 eas
206 1928 275 2000 qua
293 1907 410 1977 decuit
421 1908 532 1977 fronte
545 1905 785 1998 percepimus,
808 1927 986 1997 nunquam
1011 1911 1128 1997 procul
1149 1909 1214 1980 du-

133 2029 189 2102 bio
205 2031 368 2101 credituri
384 2032 451 2100 tale
472 2027 600 2119 aliquid
620 2028 695 2098 sani
722 2027 875 2098 hominis
896 2027 1121 2119 processisse.
1145 2031 1214 2101 Sed

131 2163 170 2224 ut
189 2154 303 2225 omnia
324 2153 368 2223 de
391 2162 423 2221 te
443 2149 630 2220 credamus
653 2147 778 2218 suadet
803 2148 1012 2219 notissimus
1030 2163 1066 2219 et
1086 2151 1214 2244 impor-

131 2275 246 2347 tabilis
266 2277 363 2346 furor
382 2285 476 2343 tuus.
500 2273 595 2344 Solet
611 2270 704 2340 enim
723 2288 838 2340 sermo
865 2270 1015 2341 hominis
1034 2271 1118 2342 vitae
1139 2293 1213 2343 mo·

131 2395 300 2488 ribusque
320 2394 514 2465 simillimus
535 2413 627 2475 esse,
647 2400 682 2462 et
701 2395 832 2462 clarum
849 2393 955 2462 animi
978 2394 1211 2465 testimonium

131 2517 241 2590 oratio
260 2517 455 2611 perhibere.
478 2516 527 2585 Tu
548 2515 703 2608 quidem,
726 2524 895 2606 quantum
914 2514 1067 2607 intelligi
1093 2516 1210 2601 datur,

131 2641 277 2713 eredens
309 2642 395 2711 forte
430 2638 490 2709 tibi
521 2660 593 2709 rem
616 2659 695 2709 esse
715 2659 795 2707 oum
819 2627 949 2729 pueris,
978 2639 1213 2732 multipliciter
1267 2728 1269 2734 Ι

131 2764 231 2833 visus
251 2784 291 2833 es
310 2773 350 2832 ut
369 2783 434 2832 nos
455 2769 603 2843 ventoso
635 2759 765 2829 tonitru
784 2765 818 2827 et
836 2758 1023 2829 verborum
1056 2762 1209 2833 inanium

131 2883 329 2973 fragoribus
346 2882 555 2953 deterreres.

230 3003 300 3074 Nos
322 3003 394 3094 qui,
430 3012 596 3095 quantum
629 3003 662 3070 in
697 3000 762 3071 hac
797 3002 868 3071 vita
895 3000 993 3073 brevi
1014 3005 1212 3076 etinvenili

133 3113 240 3196 aetate
256 3126 467 3219 permissum
488 3135 558 3209 est,
583 3093 693 3195 vmulla
713 3122 881 3209 vidimus
911 3126 1009 3217 plura
1025 3126 1129 3198 etiam
1152 3149 1214 3197 au·

132 3242 285 3313 divimus
305 3242 551 3333 memoriaeque
573 3239 833 3340 mandayimm,
861 3251 895 3310 et
921 3242 1116 3312 insolentiae
1143 3255 1212 3313 tuae

132 3366 244 3435 minas
256 3387 297 3435 ac
309 3365 400 3436 dicta
412 3361 678 3447 contemnimus,
698 3360 839 3432 omnino
856 3366 1095 3433 muscularum
1117 3384 1214 3432 mur-

132 3511 225 3570 mur,
248 3509 288 3558 ac
309 3508 422 3558 vanus
445 3471 609 3577 strepitus
637 3506 703 3561 non
730 3484 924 3556 horremus.
962 3485 1013 3555 Tu
1035 3493 1153 3556 tamen
1175 3493 1213 3553 ut

131 3610 284 3680 animum
311 3618 408 3679 tuum
435 3609 485 3680 tui
512 3607 633 3679 merito
659 3614 932 3702 contemptorem
952 3607 1212 3701 praeclarissimi

131 3733 280 3803 nominis
301 3733 363 3803 lux
383 3731 607 3823 praestringat
627 3731 801 3802 Vicarium
821 3740 854 3801 te
873 3731 1007 3800 romani
1023 3729 1131 3801 iactas
1148 3730 1213 3798 im-

70 3909 76 3919 .
130 3854 341 3947 periitCuius
355 3876 419 3925 nos
432 3864 467 3925 et
480 3851 602 3952 tideles
616 3855 764 3924 latemur
776 3863 811 3924 et
824 3852 979 3923 Vicarios
993 3849 1210 3944 profitemur;

130 3990 165 4048 et
185 3999 306 4049 omnes
327 3975 494 4070 aquibus
515 3977 689 4068 originem
703 3976 875 4048 traximus
897 3973 1048 4045 maiores
1071 3985 1209 4045 nostros
1230 3957 1232 3981 '

110 4096 377 4173 'devotissimos
412 4122 549 4194 semper
579 4122 619 4171 ac
645 4096 864 4171 fidelissimos
891 4096 1052 4169 extitisse
1077 4110 1208 4170 certum
