2730 4680
226 292 264 351 50
561 303 602 348 ox
624 302 724 350 nunus
746 301 968 351 xannlnnrnus

225 441 395 536 palpitans
407 450 443 509 et
460 437 587 509 blanda
599 458 672 509 vox
686 448 854 531 penetret.
869 437 958 508 lllud
971 438 1086 529 potins
1097 447 1135 509 et
1148 439 1255 510 miror
1266 452 1301 512 et

225 564 329 635 laudo
346 561 441 654 quod
454 572 523 632 tam
537 563 606 632 cito
620 560 704 631 iram
716 572 811 632 tuam
826 563 929 651 longo
941 559 1120 633 decoctam
1135 563 1247 654 spatio
1261 585 1301 634 ac

222 687 396 778 digestam
404 683 607 756 evomuisti:
622 707 685 779 pro
699 687 811 756 salute
824 682 929 753 animi
941 705 1014 754 rem
1024 684 1201 778 optimam.
1210 685 1302 768 Quid

222 808 329 892 enim,
344 810 441 894 Laeli,
457 808 509 879 ais
521 830 582 893 an,
600 818 633 878 te
645 810 799 890 lavante,
815 807 926 878 ausim
941 816 1061 879 contra
1077 805 1300 880 Aristotelem

223 918 561 1023 mutiretsacrilegio
574 933 774 1024 proximum
789 930 907 1001 multis
922 933 1009 1002 forte
1022 928 1207 1015 videbitur,
1221 954 1301 1004 cnm

221 1057 309 1124 forte
321 1054 437 1146 potius
458 1055 553 1123 illurn
567 1053 789 1146 pertinaciter
802 1051 837 1122 in
851 1051 1011 1124 omnibus
1025 1053 1124 1145 sequi
1137 1055 1230 1124 velle
1244 1075 1300 1124 sa-

221 1177 389 1268 crilegum
404 1175 458 1247 sit.
479 1176 579 1247 Certe
594 1175 714 1246 Cicero
726 1175 803 1267 ipse
820 1174 875 1244 vir
892 1184 1023 1261 tantus,
1039 1175 1301 1268 elegantissima

223 1298 418 1370 urbanitate
437 1299 495 1368 illa
512 1319 592 1382 sua,
616 1296 789 1370 interdum
807 1299 943 1390 culpam
966 1297 1032 1369 sibi
1053 1297 1207 1370 tribuere
1228 1320 1302 1369 ma·

220 1423 295 1505 luit,
310 1443 415 1514 qnam
430 1421 496 1492 viri
511 1421 618 1492 huius
631 1442 786 1493 errorem
800 1422 981 1492 manifeste
1000 1423 1176 1492 refellere:
1197 1423 1301 1515 quale

220 1557 276 1618 est
293 1545 377 1616 illud
389 1544 484 1638 qnod
496 1567 575 1616 cum
590 1543 798 1616 Aristoteles
815 1566 935 1616 omnes
950 1545 1150 1636 ingeniosos
1172 1547 1302 1616 melan·
1332 1544 1336 1549 ’

220 1669 372 1741 cholicos
392 1690 473 1740 esse
493 1668 660 1752 dixisset,
684 1667 803 1739 Cicero
824 1667 879 1737 cui
900 1664 1030 1738 dictum
1044 1689 1113 1738 non
1128 1667 1301 1761 placebat,

221 1797 339 1866 iocans
360 1795 428 1864 ait:
452 1802 591 1884 gratum
613 1790 679 1862 sibi
700 1792 794 1885 quod
816 1792 906 1863 tardi
922 1803 1019 1864 esset
1040 1796 1181 1887 ingenii,
1204 1797 1297 1868 clare

221 1918 306 1989 satis
325 1916 380 1987 his
396 1915 515 1988 verbis
532 1915 617 2008 quid
631 1915 778 1987 sentiret
789 1915 964 1987 intimans.
980 1917 1173 2009 Sequemur
1187 1929 1223 2019 et
1235 1940 1300 1991 nos

220 2040 394 2112 Ciceronis
406 2041 617 2132 exemplum.
629 2036 836 2110 Aristoteles
848 2036 989 2131 quidem
1002 2038 1049 2110 ait
1062 2039 1300 2110 inRhetoricis

220 2161 465 2234 benedixisse
485 2162 606 2233 nescio
626 2182 727 2254 quos
756 2161 850 2254 quod
877 2162 927 2232 ira
954 2164 1064 2233 multo
1088 2160 1222 2232 dulcior
1247 2173 1302 2232 est

221 2287 333 2355 melle.
356 2285 449 2368 Quid
470 2286 526 2354 hic
545 2283 658 2355 dicam
677 2283 744 2353 nisi
769 2295 967 2376 pergratum
993 2305 1075 2356 esse
1100 2285 1194 2375 quod
1216 2284 1300 2354 mihi

218 2417 349 2516 gustus
366 2406 524 2478 hebetior
545 2406 606 2490 sit,
626 2406 686 2498 qui
712 2406 803 2477 hanc
828 2406 1047 2478 dnlcedinem
1073 2427 1142 2478 non
1169 2409 1298 2492 sentio,

220 2529 408 2621 mirarique
430 2551 486 2598 me
506 2538 648 2620 gustum
671 2527 763 2600 hunc
783 2528 1043 2602 Aristotelicum
1064 2532 1124 2600 vel
1143 2530 1297 2613 illorum,

219 2653 419 2744 quicunque
443 2651 539 2744 prius
559 2653 595 2723 id
611 2650 875 2723 dixerintiEtsi
896 2652 987 2723 enim
1008 2673 1103 2745 apes
1126 2664 1164 2724 ut
1183 2653 1296 2737 aiunt,

220 2776 288 2843 mel
313 2772 555 2846 dulcissimum
579 2798 626 2846 ex
660 2773 903 2845 amarinsculis
935 2774 1145 2867 quibusdam
1179 2774 1298 2846 herbis

217 2895 370 2981 eliciant,
392 2919 460 2990 ego
480 2910 612 2985 tamen,
637 2910 674 2970 ut
693 2897 785 2984 dixi,
806 2899 895 2969 hano
912 2899 975 2971 irae
992 2899 1212 2970 dulcedinem
1228 2920 1298 2970 non

217 3020 369 3108 gustavi.
383 3019 488 3112 Apud
504 3044 749 3115 quemcunque
762 3042 848 3092 vcro
863 3021 907 3091 sit
924 3021 1026 3092 melle
1043 3019 1186 3104 dulcior,
1202 3021 1297 3115 apud

216 3144 375 3214 metelle
401 3144 533 3215 tristior
552 3156 607 3216 est
627 3145 688 3216 ira.
716 3146 766 3217 lta
791 3146 870 3218 dico
895 3144 925 3216 si
950 3144 995 3216 de
1021 3167 1129 3216 sensu
1156 3147 1296 3240 proprio

216 3265 310 3356 loqui
331 3266 445 3336 velim.
468 3267 569 3350 Quod
588 3267 615 3337 si
630 3265 827 3339 Aristotelis
840 3268 875 3340 in
889 3266 996 3339 verba
1014 3269 1131 3341 iurare
1145 3281 1292 3361 oportet,

215 3402 251 3460 et
271 3388 440 3481 quidquid
461 3389 518 3460 ille
539 3390 628 3461 dixit
646 3391 747 3482 quasi
765 3394 906 3463 ooeleste
924 3394 1104 3462 oraculum
1121 3393 1292 3485 amplecti,

217 3526 343 3584 utnon
366 3514 477 3584 solum
498 3513 611 3585 dulcis
633 3513 698 3585 sed
719 3517 827 3588 multo
846 3516 952 3588 etiam
971 3517 1070 3587 melle
1092 3515 1226 3588 dulcior
1243 3515 1293 3586 ira

218 3637 274 3722 sit,
296 3637 404 3710 fecisti
426 3647 541 3708 tamen
565 3638 694 3732 optime
717 3639 776 3731 qni
800 3641 908 3711 feram
925 3642 1017 3712 illam
1036 3641 1294 3732 immanemque

215 3759 433 3833 dulcedinem
455 3783 495 3832 ac
516 3763 696 3833 stomacho
720 3763 912 3838 nocituram
940 3763 1105 3845 reiecisti‚
1131 3772 1167 3834 et
1192 3764 1293 3853 segni

216 3882 285 3953 situ
319 3894 530 3957 contractam
563 3885 667 3955 animi
697 3883 890 3977 rubiginem
917 3884 1104 3958 detersisti.
1132 3886 1197 3956 Pro
1222 3906 1292 3977 qno

215 4016 379 4095 quantam
403 4008 464 4079 tibi
485 4008 632 4098 gratiam
653 4007 800 4080 habeam
819 4020 1056 4102 quantumque
1069 4009 1153 4080 mihi
1171 4010 1230 4079 vel
1247 4005 1292 4077 ad

216 4128 398 4221 pristinum
422 4132 470 4202 tui
488 4154 641 4204 amorem
661 4133 716 4202 vel
734 4132 779 4203 ad
796 4109 959 4201 iudicium
981 4143 1048 4201 tnae
1071 4129 1209 4201 virtutis
1233 4151 1291 4200 ac-
