2738 4680
252 318 344 368 uinea
366 318 531 370 vtcnsmus
553 318 940 370 senonens-mmmm
961 322 1002 370 rv.
1112 310 1167 372 tal

92 436 241 553 pondus
270 459 334 530 sed
354 460 480 531 multos
506 459 573 532 iarn
595 483 657 555 per
683 483 794 535 annos
814 463 934 535 verius
960 465 1067 536 terme
1091 487 1170 539 eum

90 580 233 654 floribus
267 582 481 653 renascentis
513 581 592 654 belli
620 584 771 677 pericula
798 595 963 658 tenuere:
995 609 1061 659 nec
1088 587 1171 660 dnm

89 706 166 778 ideo
193 725 293 798 spem
318 702 449 789 dimisi,
482 702 624 797 fierique
648 717 776 799 potest,
804 717 843 778 ut
867 707 961 800 quod
988 712 1173 804 expectavi

90 825 267 899 desiderio
288 825 386 896 iuxta
408 826 462 896 sit.
491 826 586 899 Sicut
610 839 726 900 autem
748 833 877 903 malum
896 852 999 903 omne
1017 852 1088 923 qno
1110 833 1173 903 im-

91 947 267 1042 provisins
287 969 330 1019 eo
346 947 478 1034 durius,
498 949 546 1022 ita
566 949 694 1023 bonnm
715 975 785 1046 quo
805 953 1016 1049 insperatius
1037 975 1080 1026 eo
1096 953 1174 1026 dul-

92 1071 175 1143 cius.
201 1071 337 1143 Interea
361 1072 495 1146 fortiter
514 1075 667 1146 feramus
693 1075 904 1161 absentiam,
929 1096 1011 1170 quae
1036 1073 1173 1149 nonnisi

93 1193 251 1266 mortalia
277 1204 452 1287 segregat,
475 1206 511 1267 et
534 1195 601 1267 hae
622 1208 707 1284 arte,
728 1197 773 1271 de
794 1221 864 1292 qna
882 1200 991 1271 multa
1007 1198 1173 1291 loquutus

95 1335 180 1402 sum,
202 1315 293 1389 hane
313 1320 462 1390 fortunae
479 1318 679 1391 violentiam
697 1319 937 1394 retundamus.
954 1320 1040 1393 Vale
1060 1320 1170 1392 nostri

96 1459 233 1511 memor.

235 1594 373 1664 venetiis,
389 1593 442 1651 XII
459 1594 598 1652 Kalendas
613 1596 707 1652 Maias.

602 1814 675 1823 ———

522 2024 699 2088 EPISTOLA
720 2026 752 2089 V.

152 2209 347 2260 Falnclsctts
366 2209 533 2261 resanata
551 2211 696 2260 PHILIPPO
713 2210 866 2261 nrtscoro
884 2211 1113 2262 cavallicanst

569 2315 595 2364 S.
614 2317 642 2364 P.
661 2316 691 2364 I).

121 2463 279 2519 Gratulatur
293 2465 415 2519 reditum
429 2465 509 2519 amici
524 2482 644 2536 eumque
658 2484 674 2520 a
689 2466 766 2521 novis
785 2466 928 2522 laboribus
947 2466 1148 2538 itineribusque

451 2554 632 2626 suscipiendis
646 2555 818 2611 dehortatur.

188 2794 336 2878 Quantis
357 2793 534 2866 laboribus
550 2772 760 2889 quantisque
776 2796 940 2889 perleulis
962 2803 1121 2888 ereptum
1141 2807 1175 2868 te

97 2914 191 2989 nobis
226 2917 361 2989 revehit
393 2919 610 3010 omnipotens
645 2921 754 3005 Deus,
788 2920 844 2989 cui
877 2915 1046 2989 beneflcio
1071 2939 1176 3010 pares

96 3049 207 3130 grates
239 3061 345 3132 agere
374 3061 475 3111 mens
508 3038 644 3112 infirma
677 3061 748 3111 non
779 3040 929 3111 sufficit!
952 3037 1035 3130 Agit
1061 3049 1175 3111 tamen

96 3184 190 3235 mens
210 3162 339 3233 devota
359 3182 448 3255 quas
469 3172 595 3258 potest,
618 3163 699 3257 quia
720 3162 819 3234 timui
840 3184 884 3233 ne
905 3162 1057 3246 Rhenus
1079 3164 1178 3234 llosa

96 3297 126 3357 et
143 3286 290 3357 Mosella
317 3283 486 3358 Rhodano
512 3285 646 3378 Sergiae
667 3308 708 3359 ac
732 3287 891 3357 Ruentiae
910 3286 1041 3359 nostris
1068 3287 1179 3357 amni·

98 3406 159 3480 bus
181 3409 350 3479 insultare
371 3407 457 3492 ausi,
482 3419 515 3480 te
534 3409 706 3501 insignem
729 3409 795 3479 illis
817 3411 970 3480 accolam
991 3408 1176 3500 eriperent,

96 3541 125 3602 et
142 3532 208 3603 sibi
226 3541 435 3625 perpetuum
446 3540 674 3633 usurparent.
694 3531 792 3603 Lioet
807 3541 923 3603 autem
941 3532 1043 3621 longa
1060 3527 1178 3600 dilatio

97 3661 223 3754 rapinae
239 3660 402 3753 proxima
420 3658 473 3741 sit,
493 3669 530 3728 tu
547 3667 663 3728 tamen
680 3658 740 3729 diu
761 3658 892 3730 dilatus
912 3653 1064 3726 neniam
1083 3651 1179 3723 abla-

97 3790 148 3854 tns
177 3804 217 3854 es
245 3783 381 3874 patrias,
408 3801 488 3874 quae
515 3791 548 3851 te
575 3779 662 3852 meis
689 3779 807 3851 verbis
834 3779 1040 3859 obtestatur,
1068 3797 1113 3847 ne
1140 3796 1178 3847 se

97 3906 239 4000 amplius
265 3902 495 3976 deserendam
521 3913 634 3998 putes.
661 3904 751 3975 Itum
779 3903 867 3974 satis
892 3921 934 3971 ae
967 3896 1116 3970 reditum
1142 3909 1178 3970 et

98 4027 258 4100 ambitum
281 4042 357 4113 est;
378 4027 454 4102 dixi
474 4026 555 4098 olim
575 4035 610 4099 et
630 4026 665 4098 in
685 4027 760 4098 dies
782 4025 850 4098 diei
872 4023 1000 4096 rectius
1025 4020 1175 4102 videtur,

102 4145 385 4244 Advesperaseit:
408 4151 452 4223 de
474 4149 624 4243 bospitio
649 4148 884 4240 cogitandum.
907 4147 1009 4240 Saepe
1036 4147 1177 4239 inquam
