2804 4656
329 320 422 370 nunna
443 319 980 380 vrcnsruusuunnrns-nrrsronl
1001 323 1021 369 r.
1142 308 1201 370 eto

125 466 170 536 Et
191 463 294 536 alibi:

624 579 728 662 'Breve
745 603 775 660 et
792 596 990 678 irreparabile
1006 604 1128 678 tempus

407 695 556 761 Omnibus
573 703 619 760 est
635 696 723 758 vitae:
784 725 786 731 2

124 829 170 898 Et
191 828 340 931 iterum:

284 997 342 1062 Sed
358 997 438 1077 iugit
454 999 586 1076 interea,
603 999 682 1078 rugit
698 999 895 1080 irreparabile
912 1005 1043 1081 tempus.

122 1175 192 1244 Vix
213 1175 299 1245 sutis
323 1177 441 1274 lugam
467 1173 632 1266 temporis
658 1173 856 1273 exprimere
890 1195 993 1267 posse
1017 1164 1217 1245 videbatur

123 1295 451 1388 irreparabilemque
472 1295 649 1379 iacturam,
673 1296 739 1366 nisi
761 1297 892 1389 saepius
913 1295 1112 1390 repetendo.
1135 1295 1207 1365 Au-

122 1419 260 1490 diebam
281 1418 457 1503 Ovidium,
491 1420 686 1511 cuiusque
713 1419 876 1490 lascivior·
909 1420 1023 1503 Musa,
1053 1441 1095 1492 eo
1121 1419 1220 1488 mibi·

123 1540 279 1611 severior
307 1540 519 1632 graviorque
553 1542 740 1624 confessio,
775 1549 811 1612 ct
843 1542 1075 1636 incorruptius
1110 1542 1204 1612 testi-

122 1662 277 1734 monium
297 1664 374 1734 veri
394 1673 480 1734 erat.
501 1659 645 1734 Dicebat
665 1663 722 1733 ille
743 1674 883 1735 antem:

282 1850 409 1914 Labitur
427 1851 558 1926 occulte,
575 1849 711 1929 fallitque
728 1851 859 1915 volatilis
875 1860 948 1917 aetas

280 1951 318 2014 Et
334 1949 410 2013 nibil
427 1955 471 2012 est
489 1948 576 2011 annis
592 1949 739 2013 velocius.

124 2110 170 2179 Et
189 2109 256 2178 alio
277 2109 376 2179 loco:

281 2273 429 2352 Tempora
445 2273 604 2357 labuntur,
622 2272 780 2352 tacitisque
797 2273 985 2337 senescimus
1002 2275 1103 2350 anuis;

361 2374 398 2435 lb
413 2372 535 2450 lugiunt
551 2374 647 2434 iraeno
664 2388 723 2434 non
742 2377 916 2444 remorante
933 2373 1006 2436 dies

121 2516 237 2608 lpsum
258 2537 362 2609 quem
384 2516 457 2588 dixi
479 2517 638 2589 Flaccum
660 2516 869 2589 audiebam:

282 2738 412 2752 .....
435 2690 539 2754 Currit
555 2691 637 2753 enirn
655 2689 742 2752 ieron
760 2695 844 2764 aetaS,

120 2842 203 2916 dnm
231 2845 276 2915 de
300 2844 532 2917 adolescentia
557 2802 782 2938 loqueretur:
817 2856 853 2916 et
885 2846 1010 2918 iterum
1037 2847 1081 2920 de
1107 2851 1202 2921 omni

122 2976 227 3036 aetate
243 2995 249 3034 ε

405 3106 509 3167 llbeul
529 3106 665 3184 fugaces,
684 3105 864 3180 Postbume,
882 3108 1062 3188 Postbume,

403 3203 560 3265 Labuntur
576 3203 661 3279 anni,
680 3219 735 3265 nec
749 3203 846 3281 pietas
864 3222 986 3269 moram

438 3299 532 3377 lingis
549 3306 579 3362 et
596 3300 697 3362 istanti
715 3307 843 3365 senectae

480 3398 606 3476 Alleret,
625 3399 840 3479 indomilaeque
857 3403 960 3465 morti.

120 3510 164 3580 Et
176 3510 309 3579 iterum
325 3535 332 3576 :

278 3675 355 3739 Vitae
369 3689 490 3738 summa
506 3673 611 3738 brevis
625 3690 710 3753 spem
723 3691 780 3737 nos
794 3679 877 3738 vetat
894 3675 1036 3738 inchoare
1053 3675 1184 3755 longam.

119 3809 163 3879 Et
184 3830 331 3880 rursus:

797 3967 892 4046 spatio
909 3966 996 4028 brevi

277 4064 366 4141 Spem
390 4064 508 4143 longam
530 4080 667 4128 reseces:
685 4066 760 4129 dum
776 4066 934 4143 loquimur
951 4065 1065 4144 ingerit
1082 4068 1183 4132 invida

277 4161 372 4223 AElas:
1057 4178 1060 4183 ’
