2738 4680
282 298 373 374 brusa
396 324 737 375 vronsruusrmuus.—
752 326 904 373 urrsrouu
927 328 976 375 xv.
1111 314 1169 375 lla

95 463 255 544 diximus
270 469 413 532 aetatum
430 482 569 554 quoque
581 458 770 533 diversitas
782 484 853 533 non
867 461 1169 555 recipit3quoniam

94 595 130 655 ut
149 585 329 677 eleganter
354 583 402 654 ait
422 583 478 654 ille
503 584 563 676 qui
590 584 638 655 nil
663 583 843 675 inelegans
864 585 923 667 ait,
944 584 1071 656 mortui
1090 584 1170 658 odio

93 719 212 779 carent
243 715 279 778 et
312 706 453 777 invidia.
484 707 600 777 iurato
626 705 711 776 mihi
736 703 840 778 fidem
861 706 984 792 dabis,
1006 706 1170 780 delectari

92 852 149 901 me
165 829 318 901 hominis
335 830 476 922 ingenio
492 841 527 901 et
545 832 639 901 stilo:
670 851 784 924 neque
801 830 846 901 de
864 830 929 924 hoc
947 853 1099 923 uuquam
1117 854 1172 904 me

92 953 160 1024 nisi
181 951 367 1045 magnifice
387 953 480 1044 loqui
501 951 652 1025 solitum.
676 952 788 1024 Unum
806 952 974 1045 estquod
995 958 1172 1048 scrupolo-

94 1078 168 1147 sius
186 1075 445 1168 inquirentibus
461 1076 650 1169 aliquando
668 1077 848 1170 respondi,
863 1079 974 1149 luisse
991 1078 1086 1149 illum
1106 1077 1172 1149 sihi

93 1200 279 1294 imparem,
294 1198 389 1291 quod
403 1198 437 1269 iu
451 1200 588 1290 vulgari
607 1201 757 1293 eloquio,
776 1222 884 1293 quam
906 1201 941 1270 in
961 1199 1172 1272 carminibus

94 1333 154 1395 aut
173 1342 281 1417 prosa
298 1323 424 1394 clarior
445 1333 550 1414 atque
570 1322 671 1395 altior
688 1325 854 1416 assurgit.
877 1324 978 1408 Quod
998 1345 1114 1416 neque
1139 1337 1175 1396 tu

92 1468 214 1539 neges,
237 1469 302 1518 nec
323 1447 389 1518 rite
410 1446 636 1518 censentibus
656 1445 751 1518 aliud
766 1471 872 1541 quarn
891 1446 1030 1520 laudem
1048 1456 1084 1518 et
1100 1449 1174 1538 glo-

93 1571 179 1641 riam
202 1571 270 1642 viri
296 1580 406 1641 sonat.
435 1569 521 1652 Quis
548 1571 641 1642 enim
667 1593 736 1644 non
762 1572 875 1644 dicam
902 1595 996 1644 nune
1021 1572 1175 1643 extincta

94 1696 377 1786 complorataque
390 1695 459 1765 iam
473 1693 609 1790 pridem
621 1697 828 1789 eloquentia,
845 1696 910 1768 sed
924 1695 1008 1767 dum
1024 1696 1176 1769 maxime

95 1817 210 1888 floruit
230 1817 266 1887 iu
287 1817 381 1888 omui
402 1815 478 1888 eius
501 1829 599 1911 parte
621 1838 780 1890 summus
801 1820 891 1891 luit‘l
912 1821 1012 1910 Lege
1033 1822 1176 1892 Senecae

96 1940 389 2012 declamationum
410 1940 529 2013 libros.
552 1941 629 2014 Non
655 1942 691 2014 id
716 1942 873 2014 Ciceroni
894 1941 1078 2022 tribuitur,
1106 1964 1177 2013 nou

97 2063 256 2156 Virgilio,
271 2085 340 2134 uon
355 2065 531 2147 Sallustio,
556 2087 624 2137 non
645 2065 789 2136 Platoni.
812 2064 898 2148 Quis
913 2065 1052 2147 laudem
1073 2067 1177 2136 tantis

98 2186 244 2279 ingeniis
278 2197 440 2279 negatam
467 2188 621 2259 ambiat?
646 2189 721 2260 Uno
747 2190 782 2257 in
809 2184 939 2280 genere
965 2187 1177 2260 excelluisse

100 2311 180 2383 satis
201 2318 269 2384 est.
288 2311 376 2394 Quae
389 2333 468 2384 cum
488 2312 536 2383 ita
554 2313 632 2397 sint,
655 2313 795 2398 sileant,
810 2333 948 2405 quaeso,
968 2314 1026 2405 qui
1045 2314 1178 2384 calum-

101 2436 186 2507 niam
210 2444 359 2508 struuut.
381 2434 507 2528 Atqui
527 2437 614 2508 forte
633 2435 928 2508 calumniantibus
942 2433 1176 2519 crediderunt,

102 2555 132 2625 hi
152 2559 183 2629 si
202 2559 296 2644 libet,
315 2560 482 2631 iudicium
495 2580 614 2631 meum
636 2561 764 2650 legant.
787 2560 847 2629 His
868 2581 936 2651 ego
953 2557 1081 2652 quibus
1100 2579 1179 2651 pre-

2 2739 7 2749 .
102 2681 215 2754 mebar
235 2682 330 2775 apud
352 2693 386 2754 te
406 2683 585 2776 depositis,
601 2681 646 2753 ad
664 2681 858 2754 secundum
880 2681 994 2753 venio.
1015 2682 1115 2768 Quod
1132 2681 1178 2754 de

102 2811 154 2875 tua
175 2808 288 2878 salute
316 2818 386 2878 tam
422 2807 577 2879 solicitus
615 2806 742 2877 luerim
764 2807 896 2898 gratias
922 2808 1016 2899 agis:
1044 2802 1179 2878 urbane

102 2930 211 3022 potius
230 2938 268 3001 et
287 2907 542 3023 vulgari'more
562 2952 666 3024 quam
690 2928 784 3022 quod
804 2930 943 3001 nescias
962 2951 1178 3023 supervacue

102 3051 133 3122 id
153 3051 240 3124 fieri.
264 3054 349 3124 Nam
371 3054 427 3127 cui
449 3075 601 3147 unquam
627 3074 690 3145 pro
718 3052 771 3122 sui
799 3053 911 3146 ipsius
938 3075 1023 3123 cura
1044 3073 1180 3145 proque

84 3191 136 3247 *re
156 3176 297 3271 propria
317 3176 406 3249 bene
426 3187 528 3270 gesta
549 3177 672 3268 gratiae
691 3184 779 3248 actae
801 3166 903 3246 sunt?
924 3176 962 3246 ln
982 3187 1033 3259 te,
1056 3176 1175 3258 amice,
1200 3174 1202 3180 ’

104 3324 176 3374 mea
199 3323 257 3373 res
278 3301 403 3393 agitur.
432 3300 507 3373 Etsi
526 3299 690 3394 equidem
703 3298 739 3371 in
754 3297 861 3372 rebus
881 3299 1042 3371 humanis
1061 3299 1177 3369 amici-

104 3425 145 3494 tia
165 3433 246 3519 post
264 3424 431 3496 virtutem
449 3423 535 3495 nihil
555 3423 722 3507 sanctius
744 3421 829 3493 nibil
848 3423 1050 3494 deiformitas
1076 3421 1179 3491 nihil-

104 3569 166 3639 que
185 3547 378 3631 caelestiae,
401 3559 519 3619 tamen
545 3548 675 3619 referre
702 3544 867 3631 arbitror,
890 3569 933 3617 an
955 3567 1073 3616 amare
1095 3544 1178 3614 iuci-

104 3674 172 3763 pias
193 3673 379 3758 anamari,
401 3673 649 3766 aliquantoque
676 3671 875 3763 religiosius
902 3667 1065 3742 colendas
1092 3668 1178 3739 ami-

105 3797 196 3869 citias
215 3798 251 3866 in
271 3796 399 3889 quibus
418 3794 545 3866 amoris
563 3795 659 3866 vices
679 3792 859 3866 reddimus
877 3814 981 3885 quam
999 3788 1177 3883 inquibus

105 3922 297 4015 accipimus.
319 3920 451 4012 Nempe
474 3927 512 3989 ut
532 3917 652 3988 sileam
674 3920 800 4003 multa,
823 3916 883 3987 ubi
904 3937 960 3986 me
979 3915 1047 3985 tuis
1074 3913 1178 3985 obse-

106 4045 188 4134 quiis
210 4055 316 4137 atque
335 4042 496 4114 amicitiae
516 4038 720 4114 muneribus
741 4040 872 4111 victum
900 4036 985 4119 scio,
1011 4059 1118 4108 unum
1138 4036 1176 4106 il-

107 4164 158 4235 lud
178 4166 339 4239 oblivisci
357 4188 535 4258 nunquam
556 4166 698 4258 possim,
722 4163 817 4256 quod
838 4173 873 4234 tu
891 4162 973 4233 olim
991 4185 1048 4234 me
1069 4161 1176 4233 ltaliae
