2934 4650
594 301 746 352 urrsroun
767 303 837 349 uxr.
1190 284 1245 344 371

177 448 232 520 his
251 452 540 545 qualemoumque
556 450 669 523 elbum
688 453 814 523 animae
832 472 957 542 magno
974 470 1053 522 oum
1074 447 1250 520 desiderio

175 554 365 665 especiem.
381 554 423 647 Et
438 577 590 668 prolecto
607 574 782 668 quoddam
795 571 913 656 breue,
930 572 991 645 ubi
1004 572 1143 644 Hmneri
1157 569 1251 664 priu-

175 694 301 787 oipium
320 696 389 768 Leo
409 697 644 770 idem‘soluris
666 698 780 769 latinis
798 694 919 769 uerbis
938 698 1021 779 ulim
1043 695 1128 770 mihi
1149 695 1250 787 quasi

176 817 282 889 lolius
304 820 423 911 operis
449 819 591 912 gustum
612 820 751 905 obtulit,
784 821 852 892 elsi
884 819 1250 922 Hieronymisenten-

177 941 234 1011 liae
261 942 390 1028 faveat,
416 945 528 1037 placet
555 946 700 1028 'tamen3
726 943 834 1015 habet
864 945 957 1016 enim
987 955 1023 1016 el
1056 962 1155 1015 suam
1188 942 1250 1013 de-

175 1065 391 1136 locutionem
412 1065 586 1151 abdilam3
607 1089 673 1139 ceu
693 1067 854 1160 quaedam
874 1069 1001 1160 epulae,
1028 1087 1116 1159 quas
1139 1064 1249 1157 gelari

175 1190 337 1287 oportuit,
372 1211 436 1260 neo
469 1189 652 1275 suecessit,
686 1190 722 1273 in
762 1188 889 1283 quibus
928 1190 997 1262 elsi
1033 1191 1145 1261 forma
1177 1210 1250 1261 uon

175 1309 316 1395 haereat,
332 1333 435 1406 sapor
451 1322 567 1384 tamen
578 1312 740 1406 'odorque
757 1336 826 1385 non
844 1323 1003 1406 pereuni.
1022 1313 1148 1405 Panga
1159 1334 1250 1405 ergo

175 1430 263 1534 hene
284 1433 485 1507 iuvantmus
506 1435 596 1523 iliis.
611 1445 646 1509 ei
665 1439 854 1510 Homerum
877 1436 976 1508 uobis
998 1437 1169 1529 perditum
1195 1431 1252 1507 ro·¹

175 1554 313 1639 esionam
337 1558 452 1648 quoad
469 1560 567 1644 alios,
595 1559 686 1653 pium
708 1560 922 1652 propositum
941 1558 1109 1631 divinitus
1129 1579 1251 1653 proso*

173 1694 310 1772 quorur.
337 1680 422 1751 Nam
446 1680 540 1773 quod
566 1680 775 1754 Platonicum
796 1685 977 1766 volumen,
999 1681 1095 1776 quod
1118 1704 1167 1753 ex
1192 1681 1250 1753 illo

176 1802 375 1896 transalpini
398 1805 489 1876 ruris
517 1805 689 1890 incendio,
707 1817 864 1897 ereptum
887 1804 1126 1889 domihabeo‚
1146 1805 1248 1875 simul

173 1925 327 2017 poscitis,
341 1939 497 1998 vestrum
515 1927 598 2003 mihi
616 1930 835 2001 commendat
852 1928 1011 2000 ardorem
1029 1937 1065 1998 et
1082 1926 1117 2015 id
1134 1927 1248 2020 ipsum

173 2061 331 2144 paralum
345 2052 414 2123 erit
430 2063 596 2145 tempore.
611 2053 682 2125 Nee
698 2053 837 2125 omuino
853 2052 983 2146 aliquid
1001 2052 1106 2125 laniis
1127 2050 1249 2145 creptis

172 2193 236 2266 per
257 2195 313 2244 me
332 2173 453 2246 deerit.
476 2175 545 2246 Sed
568 2175 755 2247 videndum
776 2175 878 2247 vobis
904 2185 972 2257 est,
1000 2197 1043 2246 ns
1068 2174 1133 2245 hos
1159 2173 1249 2250 duos

147 2286 289 2369 ¹lanios
310 2298 483 2392 principes
508 2298 690 2371 Graiorum
719 2323 787 2372 uno
812 2302 905 2371 fasee
930 2301 1139 2370 convolvere
1159 2297 1248 2368 iniu-

126 2499 128 2503 ,
174 2422 300 2492 riosius
321 2423 380 2505 sil,
402 2435 436 2494 el
459 2425 625 2495 mortales
647 2424 812 2497 humeros
832 2432 1030 2516 praegravet
1048 2421 1250 2493 divinorum

174 2544 309 2638 pondus
330 2546 557 2638 ingeniorum.
581 2547 828 2640 Aggrediatur,
852 2549 923 2629 Deo
943 2545 1100 2639 auspice,
1122 2567 1142 2616 e
1162 2545 1250 2617 duo-

173 2664 240 2738 bus
268 2671 434 2752 allorum,
456 2679 492 2740 et
512 2669 607 2742 illum
629 2670 741 2766 primo
755 2666 820 2765 qui
842 2668 968 2741 mullis
987 2668 1125 2740 saeculis
1152 2666 1249 2762 prius

168 2768 322 2883 scripsit.
344 2790 441 2861 Vale.

313 2926 473 2997 Mediolani,
490 2913 555 2983 XV(
565 2912 702 2984 Kalendas
714 2929 893 3000 Septembris.

566 3308 744 3376 mensumn
764 3309 858 3374 Xlilll.

222 3481 414 3531 FRANGISCUS
436 3480 603 3531 Peransscn
625 3482 816 3532 Tunnnnuno
839 3481 931 3531 CARD.
953 3481 1002 3529 ΕΡ.
1026 3462 1203 3529 ALBANENSI

647 3581 673 3631 S.
695 3583 723 3631 P.
745 3583 775 3631 D.
799 3580 801 3589 ’

209 3723 369 3780 Gratulatur
382 3724 417 3780 ob
430 3741 527 3797 paoem
543 3742 575 3780 eo
591 3704 755 3797 procurante
770 3725 867 3779 initam
881 3724 1046 3792 interreges
1061 3720 1213 3785 Galliarum

603 3882 608 3892 ι
632 3819 659 3867 et
673 3810 788 3884 Angliae.

270 4027 344 4099 Lex
364 4025 583 4120 triumphalis
600 4026 719 4099 Romae
735 4020 799 4099 luil
815 4026 932 4097 mullis
952 4035 1090 4098 servale
1109 4025 1247 4096 saeculis

173 4153 307 4243 nequis
321 4150 558 4244 triumpharet,
573 4149 640 4224 nisi
654 4150 812 4244 quinque
826 4148 976 4229 hostium
998 4147 1103 4222 millia
1123 4150 1247 4222 saltem
