2738 4680
282 304 376 352 urana
397 304 562 356 vrousruus
582 264 754 357 ssounous.
768 326 798 338 ·-
816 307 971 372 urrsrouu
992 309 1044 356 nn.
1139 296 1196 359 159

111 447 255 520 castella
278 447 389 540 pestis
423 468 521 521 saeva
546 448 736 542 corripuit:
764 449 919 544 alioquin
946 453 977 524 si
1003 453 1107 525 morti
1134 453 1198 524 iru-

110 571 244 665 perviae
264 572 371 666 Alpes
391 582 522 656 essent,
545 569 650 645 erede
670 571 768 658 mihi,
794 584 831 649 ut
844 585 899 646 est
916 573 999 647 vitae
1024 573 1197 671 cupiditas

110 697 230 765 innata
250 694 469 781 mortalibus,
492 698 657 769 multost
677 707 715 768 tu
735 698 922 788 angustius
949 697 1140 783 habitares,
1161 709 1198 770 ot

109 839 176 889 nos
197 815 312 888 latius.
336 819 431 890 Vale.

254 1003 422 1075 Mediolani,
438 1003 499 1061 vn.
516 1005 655 1063 Kalendas
674 962 850 1064 Nouembris.

521 1523 700 1611 urrsrouu
722 1525 789 1590 nn
865 1476 870 1487 ⁵

206 1694 401 1777 aaunslsdus
422 1696 595 1746 PETRARGA
616 1697 721 1747 PETRO
743 1696 943 1752 alcstvlnllsl
963 1699 990 1749 S.
1013 1699 1040 1748 P.
1062 1701 1094 1749 1).

161 1839 308 1907 Litanam,
328 1855 391 1910 qua
409 1839 482 1894 hauc
496 1839 634 1910 sequitur,
650 1854 681 1894 se
696 1840 725 1894 in
745 1839 845 1896 itinere
861 1841 1004 1913 scripsisse
1023 1848 1134 1913 narrat,

345 1931 374 1982 et
388 1942 468 1982 suam
482 1927 516 1982 de
531 1926 654 1982 Fortuna
673 1927 840 1982 sententiam
856 1928 954 2002 aperit.

207 2170 311 2243 Auno
342 2171 570 2255 attenedum
604 2171 649 2242 ad
684 2170 949 2243 serenissimum
970 2172 1198 2266 omniumque

107 2270 333 2370 mitissimum
354 2296 565 2373 Francorum
578 2316 699 2388 regem
714 2280 887 2387 legatione
905 2295 1079 2386 fungerer,
1101 2306 1196 2368 tanto

107 2421 190 2495 licet
217 2419 329 2514 impar
358 2418 509 2504 muneri,
540 2419 784 2513 colloquioque
816 2431 891 2503 tuo,
924 2418 1024 2494 cuius
1043 2419 1196 2495 insatia-

107 2544 188 2618 bilis
211 2567 305 2627 sum,
333 2542 489 2636 quotidie
513 2565 693 2616 recrearer
718 2564 762 2617 oo
788 2544 928 2617 avidius
960 2565 1032 2636 quo
1061 2541 1197 2617 diutur-

108 2667 243 2748 niorem
263 2667 341 2739 eius
362 2665 544 2760 penuriam
565 2688 708 2761 passus,
720 2687 766 2738 cx
781 2676 814 2739 te
828 2667 931 2739 didici
947 2689 1066 2759 regem
1081 2668 1196 2759 ipsum

107 2789 450 2884 primogenitumque
470 2790 547 2862 eius
569 2789 741 2861 illustrem
763 2790 1042 2861 Normannorum
1069 2789 1196 2860 ducem

108 2911 345 2985 ardentissimi
360 2911 505 3005 spiritus
523 2911 781 2985 adolescentem
801 2912 833 2982 in
849 2911 968 2984 verbis
983 2898 1063 3004 quae
1078 2931 1195 2983 coram

108 3033 161 3107 ers
182 3013 390 3119 nauseam,
413 3056 520 3128 super
539 3056 582 3106 eu
604 3035 757 3108 maxime
776 3036 929 3129 quosue
944 3036 1096 3106 Fortuna
1110 3029 1196 3104 malt

108 3159 239 3232 mentio
260 3157 441 3232 incidisset
463 3157 572 3230 luisse
593 3173 789 3255 permotos,
810 3160 904 3254 quod
923 3183 991 3254 ego
1012 3158 1086 3255 ipso
1110 3157 1195 3229 dum

107 3285 272 3376 loquerer
295 3305 343 3353 ex
367 3282 569 3355 vehementi
597 3283 732 3356 illorum
759 3284 951 3357 intentione
974 3293 1193 3355 notaveram:

109 3407 160 3479 sic
179 3418 317 3479 erectos
339 3407 448 3477 inrue
468 3405 578 3479 oculis
599 3407 795 3501 animisque
816 3405 955 3479 defixus
969 3405 1014 3478 ad
1031 3407 1195 3476 Fortunae

108 3551 237 3603 nornen
258 3529 343 3601 vidi.
364 3530 533 3603 Mirantur
553 3530 657 3616 euim,
680 3542 721 3603 ut
744 3531 914 3622 intelligo,
936 3540 971 3601 et
990 3527 1093 3622 quasi
1117 3525 1196 3618 qui·

107 3650 260 3725 busdam
293 3653 431 3745 maguis
457 3653 624 3727 monstris
650 3654 786 3727 attoniti
813 3665 895 3726 sunt
921 3674 982 3746 pro
1009 3652 1074 3723 hac
1099 3659 1194 3721 tauta

109 3777 279 3848 varietata
293 3776 466 3862 Fortunae,
482 3798 563 3871 quae
577 3801 657 3849 curn
668 3780 886 3871 saepeparva
900 3784 936 3847 et
951 3795 1087 3866 magna,
1099 3792 1193 3844 nrrnc

110 3898 266 3972 maxima
286 3921 403 3973 rerum
429 3901 479 3972 sic
505 3902 683 3986 afflixerit,
711 3912 750 3973 ut
782 3919 892 3992 regno
924 3898 1124 3972 felicissimo
1159 3906 1195 3966 et

110 4026 219 4095 multa
239 4022 323 4095 olim
344 4023 475 4095 invidia
495 4018 679 4109 laboranti,
695 4045 789 4096 nunc
806 4022 981 4094 miseratio
994 4019 1192 4093 deberetur⁴

110 4146 220 4240 Super
241 4169 313 4240 quo
335 4158 416 4245 ttuuo
431 4145 491 4220 tibi
505 4147 667 4242 respondi
680 4147 808 4221 debere
821 4146 995 4218 neminem
1011 4144 1191 4240 admirari:
