2804 4656
109 298 167 360 252
449 311 490 359 nu
511 310 611 359 araus
634 309 857 360 rnurummuus

109 455 246 526 avertit.
265 454 335 524 Sed
354 453 520 546 quoniam
542 475 619 525 rara
637 451 785 535 estsine
805 453 1012 546 exceptione
1030 456 1196 542 felicitas,

109 579 166 647 ille
197 584 256 647 est
284 574 423 646 abunde
449 577 548 658 felix,
572 577 629 646 oui
650 575 740 646 inter
759 574 877 645 fuscas
899 597 1059 647 errorum
1081 578 1196 650 nubes

109 698 261 771 coelestis
282 696 425 769 tandem
446 699 507 767 lux
529 697 707 770 affulserit.
726 695 818 777 Quid
838 719 931 768 nune
951 697 1060 789 igitur
1081 700 1197 770 reris?

108 822 199 892 Ecce
219 841 299 912 quae
321 828 403 892 tuuc
422 819 647 903 videbantur,
668 820 856 913 praesentia
882 819 950 890 iam
974 828 1066 890 suut.
1082 820 1195 891 Video

108 966 201 1015 nuno
222 953 352 1014 tantam
373 951 409 1013 et
430 954 500 1014 tam
522 942 678 1035 rapidam
698 943 782 1013 vitae
801 944 936 1033 fugam,
958 950 995 1012 ut
1014 942 1078 1012 vix
1099 943 1194 1013 illam

108 1068 224 1138 animo
244 1067 359 1137 metiri
379 1066 536 1159 possim:
549 1078 594 1139 et
613 1087 692 1137 oum
714 1066 1007 1158 imcomparabilis
1025 1069 1071 1137 sit
1086 1067 1194 1138 animi

107 1189 286 1272 velocitas,
310 1210 416 1281 prope
437 1188 590 1259 uelocior
610 1188 682 1262 vita
702 1200 769 1260 est.
796 1188 916 1261 Sentio
935 1189 1093 1280 singulos
1114 1189 1193 1259 dies

107 1309 283 1402 horasque
303 1321 339 1380 et
357 1322 534 1382 momenta
552 1333 608 1381 me
625 1312 675 1383 ad
688 1312 846 1382 ultimum
866 1332 1014 1401 urgere:
1033 1310 1193 1402 quotidie

108 1435 154 1504 ad
174 1443 319 1504 mortem
342 1456 399 1504 eo:
422 1434 491 1505 imo
512 1434 663 1527 aedepol,
686 1434 869 1527 quodiam
893 1442 982 1517 tuno,
1005 1433 1088 1503 dum
1108 1434 1194 1505 ado-

107 1560 241 1629 lescere
263 1557 417 1643 videbar,
435 1558 648 1650 inceperam,
669 1555 825 1651 quotidie
843 1557 992 1639 morior;
1011 1567 1046 1627 et
1067 1579 1192 1651 parum

108 1677 211 1748 abest
242 1679 326 1771 quin
359 1681 429 1750 iam
462 1678 547 1749 mibi
581 1679 834 1772 praeterito'sit
866 1679 1044 1751 utendum.
1067 1681 1193 1771 lllagna

107 1802 198 1873 enim
219 1824 267 1874 ex
287 1815 385 1898 parte
406 1815 521 1875 aetum
542 1814 598 1875 est
618 1805 713 1897 quod
733 1805 906 1894 agendum
928 1815 1014 1875 erat.
1032 1802 1078 1875 At
1098 1805 1193 1895 quod

108 1939 282 2021 superest,
306 1927 487 1998 minimum
509 1927 545 1998 id
566 1928 722 2020 quidem,
744 1935 783 1997 ut
803 1949 972 2018 auguror,
993 1950 1086 1997 nune
1106 1928 1191 2000 dum

109 2059 222 2122 tecum
245 2053 368 2143 loquor
390 2051 527 2142 agitur:
552 2060 655 2121 vetus
677 2051 849 2122 sententia
870 2073 948 2122 mea
969 2061 1034 2121 est.
1056 2051 1193 2121 Fallunt

106 2183 165 2246 aut
197 2176 362 2246 falluntur
394 2176 515 2268 procul
540 2173 647 2244 dubio
676 2173 735 2266 qui
768 2174 887 2245 nescio
919 2195 1025 2266 quam
1051 2181 1191 2244 aetatem

105 2297 354 2369 consistentem
385 2295 515 2366 dicunt.
546 2296 574 2364 Ο
603 2316 669 2367 vos
693 2296 754 2387 qui
780 2295 861 2367 huie
886 2299 1094 2390 corpusculo
1120 2307 1191 2367 tam

105 2422 213 2490 multa
233 2417 445 2510 promittitis
468 2427 507 2487 ut
527 2417 612 2486 libet
632 2419 666 2485 in
688 2417 842 2510 reliquis:
869 2442 976 2489 unum
998 2419 1065 2490 hoe
1084 2420 1188 2492 nolite

105 2541 314 2635 promittere,
335 2537 493 2610 stabilem
520 2541 568 2610 rei
596 2549 735 2611 statum.
768 2541 893 2613 Curate
919 2540 1078 2626 fideliter,
1108 2543 1191 2614 soli-

105 2662 182 2745 cite,
218 2660 424 2752 prudenter,
459 2671 621 2754 praestale
650 2664 743 2755 qnod
774 2664 809 2732 in
841 2664 942 2736 vobis
971 2677 1040 2750 est,
1071 2666 1189 2758 pellite

104 2783 286 2856 morbose
313 2784 463 2876 vestigio
489 2807 710 2870 reversuros,
745 2785 880 2858 differte
913 2788 1065 2872 senium,
1094 2788 1189 2879 quod

104 2909 232 2979 auferri
253 2909 319 2980 nisi
341 2909 462 2980 mortis
484 2931 550 3001 ope
570 2930 637 2980 non
659 2919 797 3002 potest:
819 2908 955 2981 obstate
975 2909 1077 2980 morti
1103 2932 1189 2982 mox

103 3040 277 3115 venturae‚
306 3035 449 3103 fraenate
481 3031 630 3102 viridem
664 3041 821 3116 aetatem,
857 3033 921 3104 sod
953 3035 1063 3103 fraena
1096 3054 1188 3103 mor-

104 3173 222 3224 suram
242 3155 401 3245 interque
419 3177 543 3225 manus
564 3155 784 3226 fraenantium
807 3153 992 3237 abituram,
1009 3164 1045 3225 at
1061 3162 1186 3225 cavete

37 3279 44 3288 ‘
104 3275 187 3367 quin
211 3285 303 3345 stare
325 3274 418 3344 illam
440 3275 629 3346 extimetis.
665 3277 699 3346 Si
733 3278 824 3348 euim
855 3279 927 3348 vita
960 3276 1079 3348 brevis
1113 3286 1185 3360 est,

103 3420 185 3494 quae
206 3398 317 3493 prima
337 3409 467 3470 vestrae
484 3399 712 3491 professionis
730 3409 785 3470 est
804 3422 889 3484 vox,
908 3399 1084 3494 quomodo
1103 3398 1186 3470 vitae

103 3532 221 3614 partes
239 3525 353 3613 longae
370 3523 473 3592 sunt?
489 3520 619 3593 Essent
635 3523 750 3613 longae
766 3532 884 3592 autem
898 3522 928 3593 si
941 3522 1183 3594 consisterent.

104 3645 205 3736 Fugit
219 3667 260 3716 ac
276 3644 407 3740 rapitur
425 3653 512 3714 aetas
536 3645 663 3728 omniS,
685 3645 775 3715 nulla
793 3643 1102 3715 consistit‘Omnis
1122 3644 1187 3716 ita-

102 3790 171 3860 que
184 3779 271 3840 aetas
284 3768 372 3858 fugit
385 3766 497 3858 aequis
515 3766 694 3860 passibus,
710 3766 772 3837 sed
793 3791 862 3856 non
882 3788 983 3858 aeque
1004 3766 1187 3858 perpendi-

104 3901 173 3975 tur,
196 3892 278 3983 quia
298 3889 584 3963 adscendentium
598 3889 956 3982 descendentiumque
968 3891 1187 3981 conspectior

102 4021 218 4083 motus
240 4022 305 4085 est.
327 4015 402 4105 Ego
424 4014 499 4084 baec
520 4033 600 4106 quoe
619 4014 705 4083 olim
722 4013 890 4106 opinabar
913 4013 983 4082 seio
1007 4023 1042 4081 et
1067 4011 1184 4094 video

103 4143 137 4203 et
159 4156 232 4219 voe,
257 4135 286 4207 si
306 4158 373 4208 non
391 4135 571 4210 obstruitis
594 4138 722 4220 oculos,
745 4135 880 4208 videtis,
901 4136 987 4219 Quis
1005 4134 1097 4207 enim
1116 4158 1185 4208 nou
