2940 4650
580 327 732 376 aeternna
755 328 795 375 tu.
1168 315 1226 374 bill

140 477 328 551 admodum
343 478 453 547 fateor
470 471 688 564 superstites,
707 489 786 538 curn
804 465 932 559 quibus
949 466 1070 538 vivere
1087 467 1225 559 cupiam

140 611 176 672 et
199 598 307 678 meri;
328 605 364 667 et
386 606 422 666 ut
443 594 487 665 ad
512 612 670 685 praesens
701 590 746 661 de
779 587 984 659 absentibus
1016 595 1148 659 tuntum
1175 591 1224 660 lo-

141 742 246 812 quar,
270 719 366 790 'estis
402 737 467 786 vos
500 715 570 785 duo
602 732 692 805 quos
724 709 837 803 pridie
868 710 1033 799 ignorans
1068 709 1224 805 hospites

143 843 273 914 habui:
294 853 349 914 est
370 840 570 911 Luduvicus
593 846 733 917 noster3
756 855 819 906 nec
839 833 1030 905 Guidonem
1064 836 1223 929 Septem,

144 988 208 1038 nec
240 964 428 1036 Barbatum
446 972 589 1042 meum,
613 969 707 1029 certe
728 977 794 1028 ner
815 955 1055 1026 Romanellum
1088 956 1134 1026 ab
1160 956 1225 1028 hoc

143 1106 289 1157 numero
311 1105 553 1176 segregarem,
576 1081 644 1152 nisi
664 1079 747 1172 quia
774 1077 807 1148 in
833 1077 886 1151 eis
906 1074 1129 1147 difficultates
1155 1100 1224 1150 non

145 1207 316 1291 modicas,
335 1216 440 1299 atque
461 1205 530 1277 alia
549 1214 691 1275 vocatos
711 1221 772 1270 eos
793 1203 930 1271 fortuna
949 1198 1063 1269 video.
1084 1199 1137 1269 Ad
1160 1220 1225 1272 vus

143 1329 261 1421 itaque
283 1338 354 1399 tres
374 1327 578 1418 restringor.
597 1325 719 1416 Neque
741 1344 833 1393 nunc
851 1322 895 1393 de
912 1320 1064 1393 dominis
1084 1324 1224 1415 loquor,

143 1470 292 1542 quorum
320 1446 560 1518 benevelentia
589 1443 723 1537 sperari
749 1455 880 1536 potest,
908 1445 1226 1517 conversationen

143 1579 265 1664 potest.
292 1567 416 1640 Obstat
436 1567 528 1640 euim
551 1575 673 1638 mutuo
697 1567 872 1640 convictui
899 1568 1090 1661 disparitas
1115 1570 1227 1639 lurtu-

142 1715 288 1765 nurum:
315 1690 466 1783 alioquin
501 1688 588 1759 ulios
620 1689 895 1772 dinumerarem‚
921 1699 1027 1783 atque
1049 1692 1083 1760 in
1105 1691 1227 1783 primis

143 1815 320 1887 dominum
339 1814 557 1903 episcopum,
577 1809 622 1879 de
638 1832 709 1901 quo
728 1810 860 1880 utinam
878 1811 1011 1903 aliquid
1028 1811 1224 1893 videamus,

142 1936 238 2030 quod
256 1933 412 2028 quotidie
446 1932 567 2003 videor
600 1930 731 2015 videre,
760 1932 855 2027 quod
881 1942 917 2002 et
938 1931 1041 2004 valde
1061 1931 1228 2024 possibile

143 2067 206 2141 est,
229 2058 300 2128 Deo
320 2056 477 2127 simulet
496 2053 616 2148 gloriae
640 2053 717 2124 eius
739 2063 775 2124 et
791 2053 913 2145 quieti
935 2064 1066 2157 nostrae
1086 2054 1224 2126 miseri-

144 2177 550 2272 corditerprovidente
570 2175 640 2250 Sed
666 2173 772 2246 reden
792 2174 838 2246 ad
859 2175 893 2247 id
914 2178 1009 2268 quod
1032 2199 1100 2249 non
1113 2175 1226 2254 ,modo

144 2302 322 2396 possibile,
340 2301 426 2393 quin
444 2298 540 2373 facile
557 2300 662 2370 etiarn
680 2319 769 2369 reor.
793 2298 877 2369 Tres
898 2298 986 2370 estis
1006 2312 1042 2370 et
1061 2321 1128 2391 ego
1149 2321 1228 2371 sum

144 2433 302 2518 quartus.
325 2421 487 2494 Omnium
508 2421 644 2493 animos
677 2432 715 2492 ut
743 2443 860 2493 meum
883 2424 1062 2515 proprium
1082 2443 1230 2495 noscere

144 2548 278 2619 videor.
300 2545 391 2629 Quid
405 2565 477 2618 ‚nos
497 2544 639 2639 impedit
662 2545 852 2638 quominus
878 2547 1007 2639 pariter
1033 2545 1120 2618 istas
1145 2546 1229 2617 vitre

146 2670 322 2763 reliquiae,
340 2676 636 2761 quantaecumque
654 2667 731 2752 sint,
751 2669 786 2738 in
805 2670 1051 2763 tranquillitate
1072 2669 1176 2741 animi
1194 2681 1231 2740 et

148 2792 272 2864 studiis
300 2791 468 2862 bonarum
495 2790 622 2861 artium
645 2791 894 2881 transigemus,
917 2802 953 2862 et
972 2795 1002 2861 ri
1021 2793 1058 2860 ln
1073 2799 1157 2884 freto
1178 2792 1230 2858 vi-

147 2917 272 2995 mimus,
309 2921 346 2981 ut
370 2911 420 2980 ait
451 2913 599 2992 Seneca,
633 2912 817 2979 moriemur
842 2914 889 2979 in·
902 2912 1024 3002 portu?
1048 2911 1141 2993 Quid
1166 2931 1230 2982 nos

149 3032 314 3126 impediti
334 3031 432 3102 Dicat
450 3030 509 3123 qui
532 3031 651 3102 novit:
671 3053 738 3122 ego
759 3031 849 3101 enim
873 3035 983 3103 fateor
1004 3055 1060 3103 me
1082 3034 1229 3104 nescire.

149 3154 202 3224 An
222 3152 317 3245 quod
332 3153 387 3223 uni
401 3152 578 3245 quondam
593 3162 627 3222 et
640 3153 815 3223 communi
835 3153 976 3226 domino
994 3153 1230 3248 obsequentes

149 3276 308 3362 fecimus,
323 3274 360 3345 id
374 3273 474 3343 nobis
492 3272 559 3344 iam
580 3274 739 3344 viventes
756 3297 824 3345 non
843 3276 1232 3369 audebimus‘plusque

150 3399 186 3469 in
220 3397 321 3470 nobis
353 3396 465 3489 potuit
502 3397 684 3468 servitutis
725 3399 877 3470 studium
916 3423 1022 3494 quam
1061 3399 1231 3473 libertatis

150 3523 273 3593 amor?
291 3517 437 3592 Animos
458 3520 743 3606 scicbominum,
764 3536 802 3595 ut
818 3523 917 3594 dixi:
941 3523 1009 3596 'sed
1028 3526 1146 3595 nescio
1165 3526 1232 3594 lor-

152 3661 214 3711 san
234 3639 520 3733 impedimentum
541 3643 713 3713 Fortunae.
736 3646 909 3717 Et'temeu
931 3649 1046 3731 omnia
1064 3644 1232 3716 didicisse

151 3760 372 3854 iampridem
395 3762 509 3847 debui,
531 3763 747 3856 experientia
771 3767 946 3857 magis-tra.
970 3768 1063 3851 Quid
1082 3766 1174 3837 enim
1197 3767 1232 3835 iu

152 3885 222 3955 ullo
241 3885 400 3955 -vestru'm
424 3907 576 3977 unquam
598 3887 663 3957 luit
684 3888 767 3958 mihi
789 3891 985 3960 occultum?
1006 3891 1081 3962 Non
1109 3910 1232 3961 sumus

151 4006 326 4101 principes
348 4016 450 4078 terrae
467 4009 645 4093 etmeris,
666 4019 703 4080 ut
719 4010 766 4080 ait
783 4011 1011 4085 Aristotcles:
1032 4023 1144 4084 certe:
1164 4033 1228 4082 nec

151 4138 287 4220 oportet
308 4130 354 4201 ad
375 4128 512 4202 beatam
536 4132 654 4204 vitam.
677 4132 854 4205 Habemus
875 4144 1044 4226 quantum
1072 4134 1232 4206 sufficere
