2804 4656
90 301 149 361 Ἀθ
429 309 470 357 DE
491 309 591 359 REBUS
612 309 836 359 FAMILIARIBUS

90 453 215 524 fuisset
239 449 379 523 invidiae
407 473 448 521 ao
473 449 632 522 laborum
664 452 737 522 tibi.
763 451 867 523 Aliud
899 450 1032 525 infinibe
1059 453 1177 526 maius

91 584 221 647 restat:
248 574 333 645 illud
358 573 562 665 aggredere.
589 575 659 645 Neo
679 583 713 644 to
734 575 785 645 rei
806 584 940 646 terrear
954 575 1195 667 magnitudo(

89 699 257 769 Nihilost
281 697 376 789 quod
400 695 535 788 imperii
568 697 734 768 maiestas
759 720 800 768 ao
825 697 1046 790 providentia
1067 708 1176 792 atque

89 822 235 905 iustitia,
269 831 304 891 ot
337 817 391 890 his
424 818 561 889 viribus
593 828 739 902 armato,
769 842 839 890 oon
869 820 990 912 possit.
1013 821 1117 904 Quod
1143 823 1174 893 si

41 923 46 932 ¹
88 946 207 1016 forsan
232 953 385 1034 negatus
409 941 469 1012 ribi
496 941 634 1012 coelitus
668 964 786 1012 rerum
819 939 921 1026 finis3
955 952 1072 1015 tamon
1097 947 1175 1036 glo·

88 1067 182 1139 rioso
208 1066 244 1135 in
275 1077 363 1148 aotu,
386 1086 492 1157 qoam
523 1063 558 1134 in
591 1065 710 1157 quiete
744 1064 908 1155 languida
934 1065 1039 1148 mori,
1062 1070 1173 1139 multo

88 1190 213 1262 molius
234 1190 413 1280 multoque
434 1187 567 1258 felicius
588 1187 720 1280 opinor.
741 1187 787 1256 Et
808 1187 873 1257 hoo
892 1196 947 1258 est
965 1188 1060 1281 quod
1077 1189 1173 1261 divae

88 1313 267 1386 memoriae
287 1333 394 1382 avum
416 1319 513 1381 tuum
531 1310 693 1381 omnibus
712 1309 852 1380 saeoulis
870 1311 1060 1401 gloriosum
1078 1313 1169 1384 fecit.

88 1439 191 1520 Ecce,
215 1437 347 1518 Caesar,
369 1443 406 1503 ot
426 1455 518 1504 nuno
537 1444 572 1504 et
593 1454 687 1526 saepo
708 1433 802 1515 oiim,
823 1453 894 1522 non
913 1431 1091 1505 blanditus
1106 1435 1172 1506 sed

88 1580 175 1629 voro
195 1556 353 1638 auriono,
377 1577 492 1647 nequo
510 1555 701 1627 verborum
727 1555 833 1626 cultui
860 1555 923 1626 sed
947 1556 1172 1648 expressiori

89 1699 258 1751 sensuum
281 1677 448 1754 intentus,
471 1677 547 1749 dixi
567 1676 672 1748 anxie
693 1676 787 1770 quod
807 1679 842 1746 io
860 1677 976 1750 animo
993 1698 1072 1750 meo
1090 1681 1170 1763 fuit,
1192 1730 1194 1736 ·

87 1801 182 1894 quod
203 1822 247 1870 ne
264 1802 392 1870 frustra
408 1798 558 1869 dixerim
577 1801 688 1870 Deum
708 1818 830 1892 precor
845 1813 881 1873 ot
892 1809 935 1872 oe.
949 1801 1044 1885 Vale,
1059 1801 1171 1874 decus

87 1933 122 1993 et
143 1921 309 2014 gaudium
332 1934 368 1993 or
389 1943 469 2018 spos
490 1931 621 1994 nostra.
737 1972 743 1983 „

229 2088 349 2157 Patavii,
366 2087 415 2142 111.
434 2087 500 2143 Idus
516 2087 686 2143 Decembris.
