2940 4650
393 319 560 369 rutncrscr
581 319 759 370 aurataque
780 318 1027 370 rnsrtunuruu.
1191 306 1246 368 5ll

272 467 428 538 Transeo
457 467 503 539 ad
533 462 797 559 dispositionem
825 463 969 537 aliarum
996 486 1124 536 rerum.
1156 466 1251 537 Prae-

172 588 265 660 diuto
285 588 391 680 igitur
412 586 596 681 magnifico
614 587 755 660 domino
776 608 854 657 meo
873 587 1049 669 Paduano,
1072 586 1154 678 quia
1174 587 1250 693 ipse

172 732 235 804 per
256 711 315 784 Dei
337 713 483 805 gratiam
507 735 575 784 nou
595 720 690 804 eget,
713 719 835 803 elego
861 711 944 782 nibil
973 709 1085 781 habeo
1105 695 1249 800 dignum

174 854 225 916 se,
248 833 382 905 dimitto
404 834 554 906 tabulam
577 856 690 905 meam
710 833 786 907 sive
805 833 938 905 iconam
958 835 1077 905 Beatae
1096 832 1250 924 Virginis

172 954 292 1026 Mariae
313 977 401 1049 opus
421 957 497 1027 lotti
518 957 660 1051 pictoris
685 956 834 1048 egregii,
861 979 942 1049 quae
971 955 1052 1026 mibi
1074 954 1119 1025 ab
1140 955 1251 1027 amico

173 1096 252 1146 meo
271 1077 451 1150 'Michaele
475 1078 607 1148 Vauuis
637 1076 681 1149 de
711 1078 883 1150 Florentia
919 1077 1024 1146 missa
1055 1086 1122 1159 est,
1150 1075 1250 1146 cuius

172 1197 464 1290 pulchritudinem
500 1200 704 1292 ignorantes
738 1221 807 1272 nou
840 1201 1057 1291 intelligunt,
1093 1197 1250 1288 magistri

172 1327 289 1390 autem
314 1320 398 1391 artis
425 1329 575 1414 stupent.
605 1323 698 1392 Hauc
722 1322 858 1393 iconam
886 1304 952 1416 ipsi
980 1319 1164 1412 magnifico
1189 1320 1251 1391 do·

172 1441 265 1513 mino
287 1443 377 1535 lego,
400 1451 438 1514 ut
457 1443 533 1535 ipsa
553 1442 661 1535 Virgo
681 1443 870 1516 Benedicta
890 1444 936 1515 sit
953 1417 1188 1537 sibi'propttia
1206 1439 1252 1513 ad

173 1560 277 1637 filium
299 1586 402 1638 suum
423 1568 537 1637 lesum
558 1565 744 1638 Christum.

268 1685 398 1758 Amicis
412 1688 556 1758 minoris
575 1695 698 1773 statue,
715 1688 779 1760 sed
790 1687 982 1760 carissimis
995 1688 1088 1773 mibi,
1103 1687 1251 1759 libenter

171 1828 298 1900 magua
322 1808 548 1893 dimitterem,
573 1808 603 1880 si
629 1811 774 1882 facultas
799 1820 897 1881 esset
922 1808 1085 1880 uberior:
1113 1808 1176 1881 sed
1201 1811 1251 1880 ai-

170 1934 296 2004 fculum
312 1930 484 2003 libabunt.
516 1956 518 1961 ’
579 1957 580 1961 ’

239 2041 434 2140 'Magistro
467 2052 600 2121 Donato
632 2050 677 2122 de
709 2052 829 2132 Prato,
866 2048 978 2121 veteri
1011 2047 1250 2140 grammaticae

168 2171 385 2264 praeceptori,
406 2193 497 2244 nunu
520 2171 672 2243 Venetiis
694 2171 879 2256 habitanti,
895 2171 923 2242 si
944 2171 1030 2264 quid
1048 2169 1132 2241 mibi
1146 2169 1252 2242 debet

169 2314 217 2364 ex
241 2304 379 2380 mutuo,
406 2294 502 2387 quod
531 2304 701 2388 quantum
728 2295 774 2365 sit
798 2293 930 2377 nascio,
960 2292 1023 2364 sed
1044 2292 1164 2386 utique
1190 2315 1251 2388 pa-

169 2437 247 2486 rum
268 2426 339 2500 est,
363 2416 500 2488 remitto
521 2426 556 2488 et
582 2418 681 2509 lego:
708 2440 773 2489 uec
798 2415 987 2509 veloquod
1012 2415 1146 2487 baeradi
1165 2417 1251 2486 'meo

169 2535 215 2608 ub
234 2537 324 2609 banc
345 2559 494 2610 causam·
511 2540 554 2611 ad
576 2538 708 2632 aliquid
729 2549 898 2612 teneatur.
1130 2536 1132 2539 ’

181 2650 184 2657 ’
266 2661 317 2731 De
336 2652 438 2753 equis
459 2662 555 2746 meis,
580 2661 610 2732 si
631 2684 719 2755 qnos
740 2661 896 2733 habuero
916 2661 952 2731 in
974 2668 1129 2753 ternpore
1157 2668 1251 2731 tran-

171 2774 360 2852 situs‘mei
392 2783 454 2875 qui
478 2784 637 2878 placeant
668 2784 880 2854 Bonzanello
912 2781 957 2852 de
989 2782 1180 2873 Vigonoia,
1215 2793 1251 2853 et

171 2899 369 2972 Lombardo
401 2898 423 2972 a
455 2901 573 2973 Serico
605 2902 809 2973 concivibus
834 2903 1016 2986 Paduauis,
1046 2908 1127 2974 volo
1155 2905 1250 2997 quud

171 3019 262 3093 inter
278 3014 339 3094 eos
358 3017 547 3094 sortiantur
563 3023 623 3116 qui
643 3022 791 3116 primum
807 3025 929 3114 elegat,
945 3023 1025 3116 quis
1044 3025 1248 3096 secuudum.

269 3143 313 3215 Et
333 3136 460 3239 praeter
472 3145 546 3229 hoc,
561 3145 654 3217 dicto
666 3145 873 3229 Lombardo,
892 3145 954 3240 qui
972 3146 1089 3219 rerum
1105 3169 1248 3218 suarum

172 3286 293 3337 curam
314 3266 478 3358 deposuit
499 3276 535 3337 ut
549 3289 606 3339 res
625 3288 720 3339 meas
742 3281 869 3360 ageret,
889 3268 1080 3360 obligatum
1100 3291 1155 3340 me
1168 3288 1249 3340 con-

172 3385 273 3460 liteor
296 3387 332 3458 in
352 3388 532 3461 CXXXIV.
559 3391 696 3463 ducatis
722 3390 798 3462 auri
831 3400 866 3461 et
892 3389 1011 3462 solidis
1038 3392 1126 3460 XVl.
1157 3411 1247 3484 quos

172 3511 340 3602 expendit
364 3512 399 3582 iu
426 3504 631 3586 utilitatibus
665 3513 767 3597 meis,
798 3524 833 3584 et
864 3514 973 3591 multo
993 3514 1152 3606 amplius.
1181 3515 1249 3586 Sed

172 3633 261 3704 lauta
284 3632 401 3705 ultima
418 3633 585 3708 internos
607 3636 751 3718 ratione,
774 3636 878 3709 dictae
897 3636 1099 3728 quantitatis
1113 3635 1249 3709 debitor

173 3757 341 3842 remansi,
368 3778 473 3850 quam
500 3759 529 3829 si
555 3768 635 3832 ante
660 3761 841 3853 acceperit,
869 3760 960 3832 sicut
985 3782 1089 3855 spero
1111 3763 1180 3834 cito
1198 3764 1248 3833 ia-

171 3897 268 3962 cere,
291 3877 378 3949 beue
398 3879 475 3951 erit.
496 3877 658 3974 Alioquin
678 3883 766 3954 volo
785 3881 879 3974 quod
903 3882 1019 3954 baeres
1041 3905 1141 3956 meus
1168 3897 1248 3958 ante

171 3999 287 4070 omnia
308 3998 373 4072 sibi
393 4002 594 4074 satisfacere
619 4012 800 4087 teneatur;
827 4003 871 4075 de
896 4028 966 4099 quo
992 4005 1110 4080 debito
1134 4008 1249 4082 chiro

172 4121 344 4214 graphum
366 4144 481 4196 meum
502 4123 621 4214 babet,
639 4125 735 4220 quod
755 4127 915 4202 restituat
926 4129 1061 4205 haeredi
1083 4153 1159 4206 meo
1172 4131 1248 4226 ipse
