2940 4650
208 336 267 396 tau
674 346 837 393 venturust

208 493 374 586 loquitur;
387 495 537 564 clamant
549 499 656 573 actus
670 512 734 583 pro
748 488 875 581 quibus
889 487 1021 580 gratias
1034 507 1153 578 ageos
1169 489 1305 557 clamat

206 617 342 686 animus
378 636 495 699 meuS,
530 613 650 704 lingua
681 623 795 683 tamen
823 611 916 694 silet,
956 612 1011 682 cui
1032 612 1134 706 paria
1158 611 1300 682 meritis
1407 610 1414 681 ἶ

207 739 273 810 tuis
289 736 480 809 verbauon
495 745 702 830 suppetunt:
723 733 759 805 id
776 735 867 813 enirn
890 736 966 826 agis
986 756 1056 806 non
1080 745 1118 806 ut
1142 737 1299 826 vulgare

205 860 343 953 aliquid,
364 861 427 932 sed
444 871 482 931 ut
503 880 667 955 suprema
684 859 769 929 vitae
789 857 926 950 gaudia,
944 858 1150 942 libertatem,
1169 859 1299 931 solitu.-
1410 944 1414 964 Ἰ

205 982 336 1069 dinem,
360 986 478 1069 otium,
497 983 681 1068 silentium,
714 982 748 1053 ld
774 982 850 1074 agis
872 992 910 1053 ut
926 960 1083 1053 laborum
1110 983 1232 1064 ferias
1258 993 1297 1054 ut
1410 981 1414 989 ’

207 1106 401 1199 tranquillae
414 1108 540 1177 mentis
555 1114 693 1189 statum,
709 1114 747 1176 ut
759 1116 793 1176 te
805 1115 991 1198 postremo,
1006 1114 1044 1175 ut
1057 1126 1112 1174 me
1135 1105 1223 1174 mibi
1239 1125 1295 1174 re·
1411 1088 1412 1092 “

206 1231 340 1301 stituas.
360 1230 397 1298 ln
419 1250 488 1322 quo
508 1240 542 1300 te
559 1227 645 1300 adeo
661 1227 867 1320 pervigilem
893 1226 1022 1319 probas
1044 1227 1146 1319 quasi
1170 1250 1292 1298 rerum

205 1355 389 1424 immemor
409 1352 641 1423 maximarum
667 1352 749 1422 huic
767 1351 827 1422 uni
852 1358 958 1421 omne
976 1350 1129 1421 studium
1149 1370 1293 1421 curam·

205 1498 274 1568 que
294 1475 496 1557 devoverim
514 1475 610 1568 quod
627 1473 711 1543 mihi
729 1483 875 1568 stupens
896 1474 1055 1544 Socrates
1080 1493 1184 1544 meus
1203 1473 1291 1544 scri·
1406 1461 1408 1468 ’

206 1600 257 1669 hit
277 1610 312 1670 et
333 1597 411 1668 stilo
429 1598 531 1668 efficit
548 1607 586 1669 ut
602 1620 691 1690 pene
711 1597 818 1669 rebus
843 1596 929 1689 ipsis
956 1595 1182 1667 interfuerim.
1206 1596 1290 1666 Per·

206 1707 316 1794 fecisti
337 1722 406 1792 iam
428 1721 583 1804 tandem,
617 1732 656 1792 ut
676 1741 794 1813 spere,
829 1719 923 1811 quod
949 1739 1044 1810 saepe
1068 1727 1287 1802 tentaveras,

207 1846 510 1936 obluctantemque
528 1844 715 1915 Fortunam
739 1865 803 1937 pro
831 1841 912 1912 nisu
938 1851 973 1912 et
1005 1840 1184 1922 indefessa
1210 1840 1291 1912 dili-

207 1969 321 2060 geutia
350 1966 516 2058 fatigasti:
548 1966 641 2039 victa
669 1967 737 2037 iam
764 1963 864 2035 nobis
891 1964 997 2051 cedit,
1019 1973 1055 2034 et
1073 1962 1207 2057 patitur
1229 1975 1288 2050 ut,
1320 2004 1325 2016 ι

206 2089 300 2181 quod
314 2110 452 2181 semper
470 2099 687 2180 optaveram,
707 2110 814 2182 prope
836 2097 869 2159 te
882 2089 1009 2172 vivam,
1027 2109 1136 2181 prope
1155 2095 1190 2158 te
1213 2108 1290 2158 mo-

207 2212 289 2294 riar;
307 2208 402 2303 quod
423 2211 454 2280 si
471 2211 519 2281 ita
535 2221 590 2281 est
603 2221 640 2281 ut
652 2212 770 2297 audin,
785 2211 895 2282 fecisti
909 2235 991 2294 rem,
1007 2213 1126 2292 fateor,
1140 2232 1214 2301 qua
1226 2231 1290 2280 ne-

208 2335 279 2405 scio
300 2357 344 2405 an
360 2336 428 2404 ulla
440 2332 524 2403 mihi
539 2335 670 2424 gratior
687 2331 762 2404 fieri
774 2346 905 2427 posset.
922 2336 1111 2415 Caeterum,
1136 2341 1175 2403 ut
1193 2333 1291 2427 prin-

207 2457 296 2551 cipio
316 2453 422 2527 finem
441 2456 600 2546 iungam,
632 2457 879 2528 conscientiam
906 2467 999 2526 tuam
1020 2457 1213 2545 interroga,
1233 2454 1292 2524 illa

208 2589 306 2650 tuum
329 2588 362 2647 te
383 2598 524 2669 quoque
543 2579 722 2668 negotium
739 2580 864 2650 fecisse
881 2579 1055 2650 fatebitur.
1078 2579 1209 2670 Supple
1226 2576 1292 2669 igi-

209 2714 266 2773 tur
283 2699 498 2771 inscientiam
513 2721 639 2783 meam,
656 2710 691 2770 et
711 2712 749 2770 tu
767 2701 828 2772 tibi
849 2702 979 2792 gratias
997 2722 1074 2791 age,
1092 2699 1191 2790 quod
1212 2700 1295 2770 licet

210 2845 231 2894 a
252 2823 389 2894 nemine
422 2820 498 2892 fieri
523 2823 588 2915 ipsi
613 2844 679 2913 ego
700 2824 787 2918 patri
809 2832 928 2895 nostro
953 2821 1120 2894 Meldeusi
1141 2823 1294 2915 scripse-

210 2945 289 3032 rim,
311 2945 360 3016 sic
380 2944 507 3016 habeto
523 2945 800 3017 efficacissimam
822 2946 1103 3037 uberrimamque
1134 2949 1296 3018 omnium

210 3069 243 3136 in
265 3069 367 3138 terris
389 3090 469 3139 esse
490 3068 648 3160 gratiam,
666 3090 771 3162 quam
794 3069 884 3143 bene
910 3067 1074 3142 conscius
1099 3068 1244 3142 animus
1261 3074 1297 3143 in

210 3189 348 3263 silentio
371 3191 474 3260 refert
491 3189 566 3262 sibi.
589 3192 678 3263 Vive
695 3202 731 3262 et
744 3194 833 3264 vale.

354 3332 516 3406 Mediolani,
534 3335 584 3391 VII
601 3335 738 3392 Kalendas
753 3338 846 3392 Maias.
