2940 4650
656 294 816 342 venatuum

589 623 768 687 nussum
795 625 889 687 cxiv.
985 592 987 595 ’

251 791 444 843 FRANCISCUS
466 790 636 840 Parauaea
657 793 811 842 EPISCOPO
833 792 1070 843 CAVALLICENSI
1094 793 1122 841 S.
1150 795 1183 842 P.
1210 796 1242 842 D.

265 936 331 1000 Quae
346 937 610 1010 temporeanteacto
626 931 660 986 ab
676 948 708 987 eo
725 933 830 1003 accepit
843 932 979 986 beneficia
993 940 1232 1001 commemorat,

464 1026 491 1076 et
506 1037 557 1093 pro
572 1023 680 1077 noviter
698 1023 805 1076 collatis
820 1023 923 1093 gratias
937 1022 1003 1093 agit.

293 1296 485 1386 Utcumque
504 1292 589 1375 aliis,
613 1315 759 1385 quorum
774 1296 831 1363 vel
846 1292 1004 1365 libertate
1018 1297 1077 1365 vel
1092 1316 1207 1386 opera
1222 1297 1289 1365 fre·
1398 1388 1399 1391 Ἴ

195 1427 251 1486 tus
272 1438 377 1498 eram,
399 1415 484 1507 quid
500 1416 652 1486 dicerem
671 1415 806 1500 inveni,
825 1415 870 1487 ad
890 1428 924 1486 te
938 1415 1095 1487 scribere
1108 1418 1284 1507 cogitanti

195 1537 320 1605 mirum
344 1544 382 1605 ut
403 1556 495 1628 saepe
516 1533 623 1605 verba
650 1534 846 1606 defuerunt.
873 1536 965 1620 Quid
990 1536 1081 1607 enim
1102 1536 1288 1610 dicerem?

195 1657 244 1728 lta
271 1657 356 1729 mihi
377 1679 585 1752 persuasum
607 1659 847 1751 profundeque
867 1660 1009 1730 insitum
1036 1672 1091 1730 est
1118 1670 1222 1731 tuum
1256 1637 1286 1731 te

197 1782 380 1881 negocium
403 1803 508 1872 agere
533 1781 616 1852 dum
644 1803 758 1869 meum
790 1780 883 1872 agis,
918 1782 1024 1871 idque
1056 1803 1126 1852 non
1148 1787 1286 1855 emolu-

131 1945 140 1972 .
195 1906 302 1975 menti
327 1904 604 1975 consideratione
627 1905 795 1994 vulgaris,
824 1904 888 1974 sed
913 1904 981 1974 alia
1002 1905 1154 1995 quadam
1175 1929 1285 1996 gene-

194 2047 275 2096 rosa
292 2037 327 2097 et
348 2025 500 2116 ingenua
533 2026 766 2101 aestimatione
797 2047 1004 2116 paucorum,
1039 2037 1074 2096 et
1100 2026 1284 2118 inprimis

116 2185 133 2210 t
194 2159 264 2217 tua.
284 2149 375 2218 Sunt
384 2150 474 2218 enim
491 2149 549 2240 qui
565 2148 648 2218 nihil
664 2147 729 2217 nisi
749 2147 951 2241 pecuniario
964 2148 1081 2240 pretio
1098 2152 1283 2230 aestimare

194 2268 404 2352 didicerunt3
436 2281 575 2361 tempus
596 2271 756 2340 amicitiis
790 2268 998 2362 impendunt
1027 2293 1097 2361 quo
1119 2272 1208 2340 nihil
1227 2285 1285 2342 est

193 2393 324 2474 carius,
345 2403 412 2462 tam
435 2393 483 2461 nit
513 2392 576 2462 sibi
606 2392 770 2462 videntur
796 2391 1020 2484 impendisse,
1044 2392 1110 2462 nisi
1129 2394 1282 2465 forsitan

194 2495 473 2604 duantum-lucri
494 2515 643 2604 idipsum
665 2525 801 2606 tempus
825 2514 963 2586 intentis
982 2515 1028 2585 ad
1048 2516 1115 2584 alia
1132 2520 1282 2588 collatu-

194 2638 271 2704 rum
298 2634 406 2703 tuisse
431 2634 619 2706 videbitur.
648 2638 737 2706 Dant
762 2638 957 2718 consitium,
986 2636 1070 2708 dant
1089 2639 1279 2725 auxilium,

194 2754 277 2824 daut
310 2753 473 2838 animam,
501 2757 584 2826 dant
618 2757 770 2850 seipsos,
792 2757 875 2826 nihil
903 2779 941 2828 se
966 2756 1107 2829 dedisse
1134 2772 1280 2853 putant:

193 2877 280 2946 forte
298 2876 400 2946 etiam
416 2883 479 2948 uec
499 2880 679 2951 falluntur:
698 2890 733 2949 at
747 2880 777 2948 si
798 2879 882 2970 quid
902 2880 1058 2972 pecuniae
1075 2881 1280 2972 impensum

109 3024 111 3028 ¹
192 3011 259 3084 est,
278 2998 313 3068 id
336 3000 564 3072 aestimatione
587 3004 701 3081 tacita,
724 3002 758 3071 id
787 3001 992 3093 importunis
1017 3001 1138 3073 verbis
1163 3026 1282 3099 exag-

193 3133 331 3210 geraut3
354 3121 446 3193 haud
468 3125 649 3196 immerito:
675 3125 815 3216 quando
840 3124 892 3194 eis
911 3125 1053 3215 pecunia
1085 3126 1280 3216 pretiosius

193 3243 276 3312 nihil
295 3250 362 3325 est,
388 3266 453 3314 non
475 3256 622 3338 tempus,
641 3269 710 3316 nou
732 3249 837 3328 sama,
861 3267 930 3317 nou
953 3227 1109 3335 sanguis
1133 3269 1206 3318 non
1226 3254 1283 3324 vi-

192 3375 240 3449 ta,
265 3389 333 3436 nou
351 3366 474 3436 anima.
497 3369 643 3437 Tantum
666 3369 800 3461 imperii
818 3368 908 3437 inter
929 3369 1076 3439 miseros
1102 3375 1281 3446 mortales

192 3510 277 3560 auro
295 3503 508 3580 argentoque
521 3490 618 3560 dedit
636 3492 757 3560 insana
770 3492 953 3582 cupiditas.
973 3491 1047 3562 Tibi
1064 3474 1154 3562 ¹vero
1173 3516 1282 3570 mens

191 3611 406 3690 aliadiversi
422 3610 790 3705 mores‚iudiciumque
803 3613 1072 3685 dissimileNou
1091 3624 1125 3683 te
1147 3635 1283 3707 super-

190 3732 287 3804 ficies
302 3757 417 3806 rerum
433 3734 532 3816 saltim
551 3737 698 3805 solerter
708 3735 926 3830 introspiciS,
945 3745 980 3805 et
995 3758 1099 3805 suum
1117 3739 1282 3829 pretium

191 3857 296 3928 rebus
311 3857 421 3949 ponis.
436 3857 513 3927 Non
526 3868 563 3929 tu
582 3880 628 3929 en
648 3880 702 3928 me
716 3881 838 3929 aurum
855 3880 1066 3950 speraS,u0n
1086 3858 1284 3936 ambitiosa

87 4048 96 4063 ,
191 3979 364 4069 suffragia,
388 3979 449 4051 sed
471 3981 622 4052 animum
644 4003 762 4052 meum
783 3992 817 4052 et
837 3979 978 4053 obsides
1001 3980 1103 4051 animi
1126 3982 1284 4060 affectus

191 4108 288 4170 tenes
309 4100 424 4191 potius
445 4125 548 4195 quam
569 4125 705 4196 speras:
741 4103 785 4174 de
811 4105 926 4175 futuro
948 4104 1075 4175 etenim
1097 4126 1183 4197 spes
1206 4121 1283 4196 est;
