2738 4680
230 321 284 383 lul
563 338 603 385 nn
625 336 725 386 nunus
747 337 969 386 eliminamus

224 484 303 554 uem
325 457 514 577 principem
540 481 789 574 philosophicae
809 482 994 573 legationis
1019 483 1064 554 ab
1088 484 1310 559 Atheniensi-

224 607 290 678 bus
312 607 454 678 Romam
475 605 595 677 missae
616 606 872 700 quamprimum
894 608 1030 679 censuit
1051 611 1309 699 remittendum,

224 730 358 801 ratione
379 729 495 800 addita
516 729 621 821 quod,
644 728 702 798 illo
723 729 798 800 viro
820 732 993 822 loquente,
1016 752 1084 801 nou
1106 734 1205 804 facile
1226 735 1312 826 quid

126 860 128 869 ’
223 877 346 927 verum
367 856 402 925 in
429 853 535 924 rebus
561 852 702 945 etquid
726 854 853 923 falsum
875 861 972 925 esset
996 853 1140 946 intelligi
1166 861 1312 951 posset?

224 977 279 1048 Sic
303 988 358 1048 est
389 977 573 1070 equidem:
608 999 727 1057 rerum
760 977 907 1048 mendas
938 975 1110 1047 artificum
1144 981 1235 1050 celat
1259 983 1311 1050 in-

221 1098 365 1182 dustria,
386 1099 522 1170 ruditas
541 1098 660 1190 aperit.
678 1098 757 1169 Vidi
777 1100 912 1189 legente
932 1098 988 1169 illo
1006 1100 1099 1192 quod
1119 1111 1152 1170 te
1170 1103 1310 1193 legente

221 1243 291 1293 non
313 1223 478 1304 videram,
497 1229 533 1293 et
553 1245 645 1293 nunc
662 1222 814 1293 maxime
832 1221 945 1304 didici,
966 1220 1025 1292 ubi
1048 1225 1210 1318 voluptas
1228 1244 1311 1316 ope-

222 1368 298 1416 rum
320 1346 490 1437 quaeritur
510 1356 707 1438 promptum
728 1354 763 1415 et
782 1344 920 1415 dulcem
942 1344 1110 1415 adhibere
1132 1348 1308 1430 lectorem,

221 1467 280 1538 ubi
301 1468 467 1539 correctio
485 1469 623 1539 tardum
641 1477 748 1560 atque
765 1489 940 1562 asperum.
959 1466 1060 1549 Quod
1079 1479 1195 1540 autem
1216 1471 1251 1541 in
1267 1493 1309 1542 eo

221 1589 373 1661 carmine
394 1600 564 1661 mutatum
586 1590 701 1676 velim,
725 1613 769 1661 ne
791 1592 907 1662 stilum
926 1591 1047 1686 parvis
1068 1590 1229 1664 obicibus
1246 1595 1309 1664 im-

221 1712 360 1805 plicem,
393 1735 552 1786 seorsum
580 1717 688 1807 leges.
721 1715 835 1785 Unum
862 1737 928 1786 nec
962 1713 1023 1784 tibi
1056 1736 1121 1785 neo
1151 1714 1308 1809 epistolae

222 1838 501 1910 subtrahendum
522 1838 652 1910 credidi
674 1839 760 1908 mihi
780 1838 951 1909 hactenus
966 1838 1172 1929 ignoratum,
1188 1843 1306 1925 fateor,

219 1973 254 2032 et
278 1986 371 2034 nunc
400 1983 541 2055 quoque
574 1961 732 2033 mirabile
766 1961 1060 2054 stupendumque.
1097 1963 1133 2032 Si
1164 1965 1306 2055 quidem

221 2107 343 2158 omnes
371 2109 434 2158 nos
461 2087 660 2179 quicunqne
686 2085 769 2157 novi
801 2085 932 2178 aliquid
966 2084 1150 2156 scribimus
1178 2087 1307 2178 saepius

220 2214 342 2283 fallunt
358 2232 439 2303 quae
457 2211 581 2281 melius
598 2209 793 2293 didicimus,
814 2209 920 2301 inque
937 2208 1015 2300 ipso
1033 2208 1211 2280 scribendi
1229 2221 1305 2282 actu

219 2334 423 2406 familiarius
455 2334 590 2404 ludunt.
626 2331 761 2402 Certins
792 2332 923 2402 scimus
955 2351 1037 2423 quae
1070 2333 1196 2401 lentius
1227 2342 1307 2403 sunt

183 2535 185 2539 Α
221 2458 383 2528 mandata
404 2457 592 2526 memoriae.
614 2455 705 2538 Quid
727 2453 803 2523 ais‘l
823 2454 982 2545 iuquies;
1004 2475 1073 2525 non
1096 2465 1129 2524 te
1149 2478 1307 2550 puguan-

221 2581 267 2652 tia
290 2581 384 2673 loqui
405 2580 528 2651 vides‘l
547 2579 637 2648 Fieri
664 2600 733 2649 non
753 2587 870 2673 potest
892 2589 929 2648 ul
949 2577 1018 2648 duo
1046 2578 1147 2648 simul
1169 2588 1306 2649 contra-

219 2707 269 2776 ria
295 2726 380 2775 vera
401 2704 480 2801 sint.
508 2705 691 2789 Quomodo
711 2705 818 2796 igitur
842 2705 972 2775 efficies
994 2713 1033 2776 ut
1058 2705 1152 2797 quod
1175 2707 1305 2777 scimus

218 2827 366 2921 amplius
383 2827 419 2898 id
437 2827 588 2899 sciamus
605 2827 735 2910 minus,
755 2835 789 2898 et
806 2847 886 2919 quae
904 2826 1038 2917 pigrius
1057 2826 1242 2897 hausimus
1264 2849 1304 2898 ea

218 2947 353 3021 firmius
376 2955 581 3022 teneamus?
602 2952 690 3053 Qu'ae
711 2949 859 3044 Sphinx,
883 2947 1022 3040 quodve
1045 2949 1140 3019 istud
1166 2949 1305 3041 enigma

195 3076 294 3143 est?
314 3074 441 3144 Dicam.
464 3075 585 3165 Neque
606 3096 691 3145 vero
711 3094 780 3143 non
806 3072 872 3144 hoc
893 3071 1012 3143 itidem
1035 3073 1069 3142 in
1096 3071 1203 3143 rebus
1229 3073 1304 3144 aliis

218 3195 348 3278 evcnit,
369 3203 406 3265 ut
422 3205 457 3266 et
473 3196 709 3289 patrifamilias
728 3216 821 3288 saepe
838 3194 934 3287 quod
952 3196 1153 3288 diligentius
1170 3195 1303 3269 abdidit

217 3317 332 3415 minus
354 3318 398 3388 ad
415 3339 555 3388 manum
579 3317 631 3400 sit,
651 3326 687 3389 et
706 3340 787 3409 quae
806 3326 887 3388 sunl
907 3319 1009 3390 altius
1030 3318 1154 3390 obruta
1172 3320 1305 3410 aegrius

216 3451 392 3512 eruantur.
416 3440 485 3511 Sed
504 3441 570 3512 hoo
591 3441 626 3510 in
648 3440 754 3511 rebus
775 3441 949 3533 corporeis
971 3443 1084 3512 locum
1108 3451 1212 3512 tenet.
1236 3443 1304 3513 Ila-

216 3585 284 3653 que
320 3585 390 3633 non
429 3583 574 3657 prorsus
612 3562 677 3634 boc
716 3560 868 3631 intendo.
908 3560 984 3632 Neu
1023 3570 1056 3632 te
1093 3561 1302 3654 ambagibus

99 3715 101 3718 ⁴
217 3706 426 3780 suspensum
448 3693 592 3768 teneam,
612 3686 811 3778 exemplum
830 3685 956 3779 accipe.
979 3683 1062 3776 Legi
1082 3686 1190 3754 semel
1209 3685 1303 3779 apud

216 3809 385 3895 Ennium,
413 3809 506 3904 apud
532 3811 706 3893 Plautum,
735 3809 828 3903 apud
854 3807 1003 3879 Felicem
1030 3807 1181 3900 Capella,
1209 3808 1302 3903 apud

216 3927 413 4024 Apuleium,
427 3943 462 4004 et
474 3933 541 4024 legi
556 3933 689 4025 raptim,
699 3953 858 4026 propere,
869 3934 997 4002 nullam
1013 3929 1060 4001 ibi
1076 3938 1114 4000 ut
1128 3930 1252 4002 alienis
1266 3931 1301 4000 in

217 4049 345 4124 finibus
368 4076 501 4127 moram
522 4056 674 4127 trahens.
698 4057 753 4127 Sic
773 4053 1008 4149 praetereunti,
1025 4057 1136 4125 multa
1157 4053 1301 4146 contigit

217 4182 255 4244 ut
287 4175 457 4264 viderem,
489 4200 596 4272 pauca
623 4177 859 4274 decerperem,
887 4177 1050 4272 pauciora
1076 4199 1297 4270 reponerem,
