2940 4650
217 302 276 363 {tlt
558 315 719 364 aarannrx
739 315 954 366 nrrrnalauu.

216 457 275 527 illa
294 477 341 528 ex
358 456 442 540 alto,
461 465 497 526 et
514 458 689 550 insperato
706 456 752 528 ad
770 459 825 528 sui
843 456 979 530 lihitum
998 457 1170 553 disponit
1187 458 1315 529 omnia.

216 581 421 651 Vestrorum
435 579 603 650 maiorum
623 580 759 651 hahetis
775 583 952 673 exempla,
969 584 1163 666 mortaleS,
1184 580 1313 675 quibus

217 700 443 784 testantibus,
471 713 506 772 et
544 702 705 772 haeredes
730 723 812 773 oara
832 706 978 794 pignora
999 703 1307 796 relinquentibus,

216 825 300 894 nihil
327 825 565 919 inposterum
598 825 643 895 ad
676 833 759 896 vota
789 825 972 910 successit,
1000 834 1036 896 et
1062 847 1160 918 quos
1188 827 1307 896 nolue-

217 957 306 1031 rant,
328 947 498 1018 adversos
525 946 686 1018 haeredes
699 957 735 1017 et
755 945 948 1039 inopinatos
968 947 1145 1018 habuere.
1162 987 1211 998 —
1224 948 1305 1017 Haeo

215 1071 331 1140 omnia
352 1072 478 1153 fateor,
498 1079 535 1139 et
554 1067 735 1140 audivisse
761 1067 870 1141 iuvat.
896 1069 965 1140 Sed
989 1070 1035 1142 ad
1061 1068 1133 1140 alia
1159 1090 1302 1163 pregre

216 1192 381 1264 diondum
402 1202 468 1262 est.
491 1185 606 1263 Tim'es
626 1213 671 1263 ne
693 1190 749 1262 hio
775 1194 871 1264 solus
902 1213 1041 1262 morans
1076 1190 1240 1284 aliquid?
1256 1230 1302 1245 -

216 1319 335 1387 Solum
357 1324 534 1408 peecatum
556 1316 672 1386 timeo.
687 1355 732 1366 —
746 1314 838 1398 Quid
857 1315 934 1405 agis
961 1315 994 1384 in
1021 1313 1102 1385 die?
1121 1355 1173 1366 -
1187 1314 1296 1405 Lege,

214 1437 340 1511 scribo.
356 1477 401 1489 -
416 1436 471 1506 Ad
484 1438 569 1529 quid
585 1437 670 1509 illud
690 1439 826 1528 legere?
840 1479 884 1488 —
900 1437 944 1508 Ut
963 1435 1055 1508 hona
1072 1437 1249 1524 ediscam,
1266 1449 1299 1508 et

214 1562 305 1629 mala
330 1557 524 1643 dediscam,
559 1570 595 1629 et
625 1560 741 1630 minus
767 1561 881 1630 malus
905 1556 998 1628 fiam.
1014 1559 1166 1642 —Quis
1189 1559 1299 1631 noscit

213 1679 304 1751 hona
324 1693 360 1753 et
378 1683 493 1769 mala‘?
512 1681 636 1752 Nullus
663 1693 723 1753 aut
751 1682 853 1774 pauoi
879 1679 1004 1752 sciunt.
1026 1681 1077 1752 lta
1097 1682 1298 1753 moriuntur

213 1803 273 1896 qui
294 1807 402 1876 multa
423 1804 552 1888 sciunt,
577 1805 667 1877 siout
686 1803 747 1896 qui
768 1814 803 1875 et
822 1824 943 1897 pauca.
960 1843 1005 1854 -
1019 1801 1193 1874 Minime:
1219 1827 1298 1875 nam

214 1925 259 1994 illi
281 1924 461 1997 moriendo
482 1928 603 1998 vivere
624 1927 807 2018 incipiunt,
831 1924 866 1993 hi
887 1924 1042 1996 vivendo
1058 1926 1223 2017 quotidie
1243 1948 1299 1997 oo-

214 2047 345 2118 oidunt.
361 2048 601 2130 -Quomodo
621 2058 772 2141 possunt
796 2048 843 2116 illi
869 2058 904 2118 et
929 2045 1050 2117 vivere
1070 2055 1107 2116 et
1126 2046 1297 2116 mori?—

130 2151 136 2159 ’
213 2169 288 2240 Non
308 2170 493 2261 intelligis:
513 2192 580 2262 ego
596 2171 674 2241 dioo
692 2170 779 2239 mori
803 2180 838 2240 et
859 2168 992 2239 vivere.
1008 2166 1164 2250 -Quid
1182 2167 1298 2240 credis

213 2292 367 2363 vivendo
380 2297 508 2385 agere?
522 2336 565 2346 -
580 2296 675 2363 Bene
688 2294 808 2363 lacere.
825 2332 871 2343 —
883 2290 967 2359 Cui‘l
981 2329 1026 2340 -
1039 2288 1134 2358 Mihi.
1145 2289 1298 2361 -Tibi‘l

213 2415 324 2484 -lta
345 2424 380 2485 et
397 2415 504 2497 alteri,
525 2415 555 2484 si
568 2414 647 2506 quis
665 2414 769 2484 volet.
786 2411 921 2481 -Non
938 2412 1014 2480 vult
1030 2411 1134 2480 alter:
1155 2413 1297 2484 omnino

184 2607 188 2614 ,
211 2534 357 2606 deridet.
373 2577 417 2586 —
431 2537 475 2604 Et
495 2539 626 2627 qnare?
647 2575 692 2585 —-
713 2534 801 2615 Quia
822 2533 935 2625 ignari
955 2531 1119 2621 eligenda
1144 2557 1220 2605 uon
1245 2535 1298 2605 vi-

212 2658 305 2728 dent.
334 2657 489 2738 -Quis
523 2667 573 2727 tot
602 2679 643 2726 ao
670 2667 763 2727 tanta
790 2657 911 2728 videre
941 2657 1086 2748 potest?
1117 2656 1295 2753 Nonnulli.

213 2778 282 2849 Sed
318 2775 513 2867 ignorantia
547 2779 651 2847 simul
683 2786 719 2848 et
750 2779 897 2849 avaritia
930 2777 1083 2848 omnium
1119 2777 1295 2851 honorum

213 2903 354 2975 inimica
377 2914 448 2987 est,
475 2901 700 2994 omniumque
734 2905 903 2974 malorum
929 2911 1057 2972 trames
1082 2910 1121 2974 el
1152 2903 1227 2976 via.
1251 2945 1296 2956 -

212 3024 294 3096 Mihi
318 3025 443 3095 sufficit
464 3037 499 3095 et
520 3023 605 3094 satis
625 3035 679 3094 est
698 3024 832 3094 vivere.
853 3023 976 3094 Omnia
997 3024 1074 3095 haeo
1098 3024 1180 3095 aliis
1206 3047 1298 3118 prae-

212 3146 374 3219 termitto.
396 3145 524 3215 Vivere
543 3144 629 3237 quid
650 3146 841 3215 maximum
863 3157 928 3216 est.
945 3144 1096 3229 —Quid
1116 3145 1235 3217 diois?
1251 3189 1297 3199 -

211 3268 303 3353 Quid
322 3268 421 3340 dioo‘l
440 3269 561 3340 Nonne
582 3269 686 3340 vivo‘l
700 3309 744 3320 -
757 3269 827 3338 Es:
847 3266 942 3339 haud
961 3267 1065 3339 vivis.
1082 3269 1192 3338 —Et
1212 3270 1299 3363 quid

210 3403 265 3464 est
281 3392 425 3464 vivere?
440 3390 665 3460 --Naturam
683 3389 829 3465 honeste
842 3391 953 3482 sequi.
970 3430 1015 3442 -
1028 3389 1113 3458 Nam
1131 3403 1298 3463 nat-uram

212 3535 350 3607 sequor.
370 3555 414 3566 -
435 3512 639 3606 Oppositum
667 3514 837 3606 sequeris.
856 3527 901 3564 ’-
920 3513 1040 3583 Nonne
1073 3512 1171 3603 quod
1207 3515 1300 3586 facio

211 3639 415 3709 naturaliter
434 3636 543 3707 laoio‘?
556 3677 601 3687 -
616 3637 823 3730 Impetuose,
847 3635 923 3707 sine
944 3633 1090 3717 ratione,
1110 3633 1191 3706 sine
1213 3658 1301 3708 oon-

212 3759 306 3842 silio,
342 3770 377 3830 et
410 3760 588 3830 voluntate
622 3759 716 3828 facis.
751 3759 841 3828 Num
874 3757 953 3826 haeo
978 3753 1160 3824 rationalia
1189 3764 1302 3831 sunt?

212 3887 516 3963 contra'naturam,
530 3878 612 3972 quia
625 3891 745 3952 contra
759 3880 991 3971 temetipsum.
1000 3874 1099 3944 -m
1108 3883 1302 3967 quomodo

211 4022 317 4090 agere
342 4001 479 4073 debeo?
493 4043 539 4056 -
552 4001 670 4084 Disce,
692 4022 834 4094 perage,
857 3999 1015 4091 dispone.
1031 3997 1172 4068 -Non
1195 4001 1305 4076 intel-

213 4121 282 4211 ligo
286 4176 352 4192 ......
379 4124 437 4193 Sol
461 4123 525 4193 ivit
554 4122 599 4194 ad
623 4141 808 4194 oceasum:
840 4117 1023 4192 recedendi
1057 4127 1203 4212 tempus
1233 4136 1304 4198 est.
