2738 4680
285 337 378 386 urnuu
400 335 689 387 vrcusmusrumus.
702 337 905 386 -umsrour
927 339 967 386 ru.
1132 327 1166 386 ‘ll

92 480 232 542 mirator
267 482 472 564 amatorque
505 494 621 543 rerum
660 472 930 555 excellentium,
969 474 1046 544 auri
1086 497 1171 547 vero

91 597 181 690 quod
202 596 360 689 quotidie
381 606 519 679 tractat,
541 617 715 689 opumque
736 597 921 680 fallacium,
941 598 1009 668 nisi
1031 622 1093 692 pro
1110 622 1171 671 ne-

90 723 270 807 cessitate,
294 730 521 815 contemptor.
548 723 592 792 Et
617 719 673 792 bic
697 720 840 813 quidem
867 722 936 791 iam
961 731 1064 796 aetate
1090 745 1171 818 pro-

90 845 237 932 vectior,
257 868 337 917 cum
359 848 445 916 forte
464 867 580 916 meum
598 865 726 915 nomen
744 844 903 915 audisset
920 847 1023 916 famae
1045 848 1172 918 lenoci-

90 971 144 1040 nio
163 969 346 1040 confestim
381 968 417 1039 in
449 968 610 1040 amicitiae
643 988 733 1040 mcae
768 968 922 1040 studium
943 968 1171 1042 vehementer

90 1105 282 1165 exarserat.
305 1094 461 1186 Longius
487 1115 564 1165 eam
595 1094 626 1164 si
659 1091 787 1186 quibus
817 1091 873 1162 ille
903 1092 1100 1164 tramitibus
1126 1094 1170 1165 ad

92 1216 193 1288 huius
215 1217 466 1289 modestissimi
487 1217 559 1288 voti
581 1237 768 1289 successus
786 1214 960 1300 ambierit,
989 1240 1168 1311 exequar3

90 1339 176 1432 quid
189 1339 272 1412 fidei
292 1341 588 1435 honestarumque
606 1340 851 1413 blanditiarum
873 1342 908 1409 in
929 1362 985 1411 me
1003 1362 1171 1435 meosque

91 1482 210 1533 omnes
231 1462 443 1549 exercuerit,
466 1474 505 1534 ut
524 1461 570 1535 ad
590 1484 646 1533 me
667 1465 770 1554 longe
786 1464 938 1555 positum
957 1461 1170 1535 familiariter

91 1596 194 1677 atque
214 1585 377 1658 ardenter
392 1588 594 1671 accesserit,
617 1586 758 1678 ignotus
783 1585 884 1670 facie,
915 1585 976 1657 scd
997 1585 1065 1657 iam
1092 1607 1169 1680 pro-

91 1709 202 1801 posito
222 1719 325 1782 notus
343 1705 379 1781 et
399 1712 548 1795 nomine,
566 1710 699 1803 quidve
716 1710 832 1782 animo
849 1723 987 1803 gereret
1004 1713 1039 1781 in
1057 1716 1170 1784 fronte

91 1841 192 1927 atque
212 1835 322 1906 oculis
344 1834 512 1930 scriptum
538 1833 682 1926 babens,
716 1834 806 1917 Quid
832 1838 960 1928 putas‘l
984 1837 1073 1907 Num
1101 1835 1168 1908 sibi

92 1979 144 2028 me
177 1970 402 2050 negaturum,
437 1959 532 2052 quod
565 1960 659 2030 nulla
688 1957 884 2042 barbaries
907 1960 1039 2030 nullum
1070 1961 1169 2031 serox

92 2080 216 2152 animal
243 2085 430 2174 negasset?
455 2081 693 2152 Delinimentis
714 2092 749 2152 ct
769 2079 839 2152 fido
859 2102 900 2152 ac
921 2093 1088 2175 perpetuo
1109 2082 1170 2154 fle-

93 2227 157 2275 xus
190 2205 360 2299 obsequio
395 2216 465 2278 tota
493 2206 608 2277 virum
642 2216 758 2277 mente
786 2207 1014 2299 complector.
1050 2206 1170 2298 Neque

93 2332 179 2402 euim
202 2342 256 2403 sat
276 2354 332 2402 me
354 2329 530 2403 hominem
548 2352 635 2413 rear,
652 2331 682 2400 si
703 2331 851 2400 honeste
872 2327 1001 2399 amanti
1020 2329 1084 2401 sim
1103 2328 1170 2401 du-

94 2454 156 2525 rior
174 2453 219 2526 ad
234 2454 445 2526 reddendam
467 2454 589 2526 vicem.
610 2455 670 2525 llle
689 2463 804 2526 autem
824 2455 993 2539 exultare,
1013 2454 1166 2544 gloriari,

95 2578 253 2667 gaudium
267 2578 372 2649 animi
387 2581 495 2663 vultu,
514 2600 608 2662 voce,
625 2587 728 2669 gestu
745 2578 903 2669 prodere,
923 2586 958 2648 et
975 2579 1078 2670 quasi
1095 2580 1169 2649 voti

94 2721 229 2796 compos
260 2701 502 2793 angustissimi
528 2701 649 2774 altiora
674 2701 849 2795 respicere
874 2712 910 2774 ct
935 2712 1027 2775 totus
1055 2703 1090 2772 in
1116 2705 1169 2773 vi-

95 2848 163 2896 rum
185 2828 333 2898 alterum
355 2837 495 2920 repente
515 2826 688 2909 converti;
711 2827 777 2896 iam
799 2826 948 2923 primum
972 2825 1168 2919 patrimonii

94 2952 140 3020 sui
160 2960 295 3043 partem
317 2974 386 3023 non
412 2951 578 3042 exiguam
605 2949 639 3019 in
666 2973 782 3021 mcum
808 2949 918 3021 decus
943 2951 1165 3043 expendere,

94 3073 242 3166 signum,
262 3096 402 3158 nomen,
426 3074 614 3166 imaginem
641 3076 724 3145 novi
745 3073 846 3144 amici
867 3074 901 3142 in
923 3073 1085 3144 omnibus
1103 3074 1168 3147 do·

94 3220 163 3271 mus
191 3219 267 3271 suae
294 3197 449 3290 augulis
485 3196 548 3269 sed
580 3199 614 3267 in
650 3210 788 3290 pectore
821 3197 926 3269 altius
958 3199 1166 3291 insculptam

93 3322 230 3396 habere:
262 3333 397 3416 partem
427 3326 571 3396 alteram
605 3322 800 3395 scribendis
829 3344 1061 3417 quaecumque
1083 3321 1165 3390 mibi

94 3448 164 3520 stilo
181 3448 338 3541 quolibet
359 3447 580 3520 effluxerunt.
599 3447 643 3516 Et
659 3469 726 3539 ego
744 3456 871 3538 negata
889 3445 1080 3518 maioribus
1100 3440 1166 3513 sibi

93 3568 180 3644 haud
200 3572 337 3644 duriter
358 3572 486 3663 scripta
504 3570 621 3663 largiri
640 3571 766 3642 ardore
784 3570 934 3642 hominis
953 3590 994 3638 ac
1012 3566 1166 3635 novitate

93 3696 254 3791 propositi
281 3695 484 3768 delectatus.
518 3694 609 3779 Quid
638 3695 716 3767 vis?
746 3692 913 3766 Paulatim
936 3692 992 3762 ille
1012 3689 1164 3784 priorem

94 3820 202 3906 vitam,
226 3830 327 3891 actus
363 3831 398 3891 et
432 3819 545 3891 studia
579 3840 766 3911 moresque
791 3815 971 3899 dedidicit,
1006 3827 1041 3885 et
1076 3833 1165 3906 pene

94 3961 185 4017 omne
207 3942 304 4037 quod
324 3944 451 4029 fuerat,
475 3942 525 4015 sic
545 3943 656 4026 exuit,
693 3953 731 4014 ut
764 3941 818 4011 sui
848 3958 969 4010 omnes
997 3936 1166 4005 mirentur

96 4087 127 4138 ac
164 4079 341 4162 stupeant.
380 4066 434 4139 Ad
467 4076 680 4150 extremum,
710 4088 765 4138 me
797 4063 1003 4134 dehortante
1029 4067 1064 4129 et
1098 4079 1165 4129 sae·
1215 4146 1216 4149 Ἴ

97 4192 162 4281 pius
179 4196 408 4279 admonente,
442 4215 485 4264 nc
503 4214 582 4264 sero
614 4191 803 4263 litterarum
828 4186 944 4260 studio
970 4209 1089 4259 curam
1111 4184 1162 4255 rei
