<?xml version="1.0" encoding="UTF-8"?>
<!DOCTYPE html PUBLIC "-//W3C//DTD XHTML 1.0 Transitional//EN"
    "http://www.w3.org/TR/xhtml1/DTD/xhtml1-transitional.dtd">
<html xmlns="http://www.w3.org/1999/xhtml" xml:lang="en" lang="en">
 <head>
  <title>
</title>
<meta http-equiv="Content-Type" content="text/html;charset=utf-8" />
  <meta name='ocr-system' content='tesseract 3.04.00' />
  <meta name='ocr-capabilities' content='ocr_page ocr_carea ocr_par ocr_line ocrx_word'/>
</head>
<body>
  <div class='ocr_page' id='page_1' title='image "./franciscipetrar00fracgoog_0499.png"; bbox 0 0 2940 4650; ppageno 0'>
   <div class='ocr_carea' id='block_1_1' title="bbox 214 271 834 348">
    <p class='ocr_par' dir='ltr' id='par_1_1' title="bbox 214 271 834 348">
     <span class='ocr_line' id='line_1_1' title="bbox 214 271 834 348; baseline 0 -3"><span class='ocrx_word' id='word_1_1' title='bbox 214 286 272 345; x_wconf 78' lang='grc' dir='ltr'><em>ιιι</em></span> <span class='ocrx_word' id='word_1_2' title='bbox 672 271 834 348; x_wconf 73' lang='lat' dir='ltr'><em>vrnrnnuu</em></span> 
     </span>
    </p>
   </div>
   <div class='ocr_carea' id='block_1_2' title="bbox 215 435 1316 533">
    <p class='ocr_par' dir='ltr' id='par_1_2' title="bbox 215 435 1414 533">
     <span class='ocr_line' id='line_1_2' title="bbox 215 435 1316 533; baseline -0.011 -20"><span class='ocrx_word' id='word_1_3' title='bbox 215 463 295 525; x_wconf 89' lang='lat' dir='ltr'><em>uus,</em></span> <span class='ocrx_word' id='word_1_4' title='bbox 316 440 358 511; x_wconf 88' lang='lat' dir='ltr'><em>nd</em></span> <span class='ocrx_word' id='word_1_5' title='bbox 379 440 584 512; x_wconf 78' lang='lat' dir='ltr'><em>Arnlrosinnr</em></span> <span class='ocrx_word' id='word_1_6' title='bbox 618 442 816 533; x_wconf 85' lang='lat' dir='ltr'><em>episcopum,</em></span> <span class='ocrx_word' id='word_1_7' title='bbox 848 440 884 507; x_wconf 93' lang='lat' dir='ltr'><em>in</em></span> <span class='ocrx_word' id='word_1_8' title='bbox 917 437 1045 528; x_wconf 83' lang='lat' dir='ltr'><em>optimis</em></span> <span class='ocrx_word' id='word_1_9' title='bbox 1084 445 1211 503; x_wconf 86' lang='lat' dir='ltr'><em>notnrn</em></span> <span class='ocrx_word' id='word_1_10' title='bbox 1242 435 1316 504; x_wconf 85' lang='lat' dir='ltr'><em>orbi</em></span> 
     </span>
    </p>
   </div>
   <div class='ocr_carea' id='block_1_3' title="bbox 181 557 1411 4224">
    <p class='ocr_par' dir='ltr' id='par_1_3' title="bbox 181 557 1414 4224">
     <span class='ocr_line' id='line_1_3' title="bbox 216 557 1312 659; baseline -0.007 -27"><span class='ocrx_word' id='word_1_11' title='bbox 216 577 327 634; x_wconf 88' lang='lat' dir='ltr'><em>terroe:</em></span> <span class='ocrx_word' id='word_1_12' title='bbox 354 575 388 634; x_wconf 86' lang='lat' dir='ltr'><em>et</em></span> <span class='ocrx_word' id='word_1_13' title='bbox 410 573 637 659; x_wconf 88' lang='lat' dir='ltr'><em>postpauca:</em></span> <span class='ocrx_word' id='word_1_14' title='bbox 673 561 823 658; x_wconf 77' lang='lat' dir='ltr'><em>Suscepit</em></span> <span class='ocrx_word' id='word_1_15' title='bbox 842 581 904 644; x_wconf 87' lang='lat' dir='ltr'><em>rne,</em></span> <span class='ocrx_word' id='word_1_16' title='bbox 928 557 1058 650; x_wconf 88' lang='lat' dir='ltr'><em>inquit,</em></span> <span class='ocrx_word' id='word_1_17' title='bbox 1077 569 1233 650; x_wconf 84' lang='lat' dir='ltr'><em>paterne</em></span> <span class='ocrx_word' id='word_1_18' title='bbox 1255 558 1312 626; x_wconf 88' lang='lat' dir='ltr'><em>ille</em></span> 
     </span>
     <span class='ocr_line' id='line_1_4' title="bbox 216 678 1410 779; baseline -0.004 -24"><span class='ocrx_word' id='word_1_19' title='bbox 216 688 308 756; x_wconf 84' lang='lat' dir='ltr'><em>tono</em></span> <span class='ocrx_word' id='word_1_20' title='bbox 329 690 408 770; x_wconf 90' lang='lat' dir='ltr'><em>Dei,</em></span> <span class='ocrx_word' id='word_1_21' title='bbox 431 698 461 755; x_wconf 91' lang='lat' dir='ltr'><em>et</em></span> <span class='ocrx_word' id='word_1_22' title='bbox 476 688 777 779; x_wconf 60' lang='lat' dir='ltr'><em>peregrinationem</em></span> <span class='ocrx_word' id='word_1_23' title='bbox 793 706 899 752; x_wconf 84' lang='lat' dir='ltr'><em>nieurn</em></span> <span class='ocrx_word' id='word_1_24' title='bbox 920 683 1153 773; x_wconf 78' lang='lat' dir='ltr'><em>episcopaliter</em></span> <span class='ocrx_word' id='word_1_25' title='bbox 1172 678 1306 748; x_wconf 85' lang='lat' dir='ltr'><em>clileocit.</em></span> <span class='ocrx_word' id='word_1_26' title='bbox 1407 693 1410 750; x_wconf 62' lang='lat'><em>1¹</em></span> 
     </span>
     <span class='ocr_line' id='line_1_5' title="bbox 216 798 1411 902; baseline -0.009 -22"><span class='ocrx_word' id='word_1_27' title='bbox 216 809 306 892; x_wconf 90' lang='lat' dir='ltr'><em>Quid</em></span> <span class='ocrx_word' id='word_1_28' title='bbox 327 810 399 893; x_wconf 87' lang='lat' dir='ltr'><em>tibi,</em></span> <span class='ocrx_word' id='word_1_29' title='bbox 434 810 519 902; x_wconf 91' lang='lat' dir='ltr'><em>quid</em></span> <span class='ocrx_word' id='word_1_30' title='bbox 539 809 622 879; x_wconf 90' lang='lat' dir='ltr'><em>mihi</em></span> <span class='ocrx_word' id='word_1_31' title='bbox 643 807 907 880; x_wconf 81' lang='lat' dir='ltr'><em>convenientius</em></span> <span class='ocrx_word' id='word_1_32' title='bbox 939 805 1006 875; x_wconf 90' lang='lat' dir='ltr'><em>diei</em></span> <span class='ocrx_word' id='word_1_33' title='bbox 1036 805 1182 895; x_wconf 75' lang='lat' dir='ltr'><em>potest?</em></span> <span class='ocrx_word' id='word_1_34' title='bbox 1215 798 1306 871; x_wconf 88' lang='lat' dir='ltr'><em>Veni</em></span> <span class='ocrx_word' id='word_1_35' title='bbox 1409 870 1411 882; x_wconf 15' lang='grc' dir='ltr'>ᾗ</span> 
     </span>
     <span class='ocr_line' id='line_1_6' title="bbox 215 924 1304 1024; baseline -0.008 -21"><span class='ocrx_word' id='word_1_36' title='bbox 215 954 283 1024; x_wconf 78' lang='lat' dir='ltr'><em>ego</em></span> <span class='ocrx_word' id='word_1_37' title='bbox 302 954 371 1003; x_wconf 92' lang='lat' dir='ltr'><em>non</em></span> <span class='ocrx_word' id='word_1_38' title='bbox 391 933 641 1014; x_wconf 85' lang='lat' dir='ltr'><em>Mediolanum,</em></span> <span class='ocrx_word' id='word_1_39' title='bbox 663 929 755 1002; x_wconf 90' lang='lat' dir='ltr'><em>unde</em></span> <span class='ocrx_word' id='word_1_40' title='bbox 776 929 835 999; x_wconf 89' lang='lat' dir='ltr'><em>tibi</em></span> <span class='ocrx_word' id='word_1_41' title='bbox 857 937 972 999; x_wconf 88' lang='lat' dir='ltr'><em>tamen</em></span> <span class='ocrx_word' id='word_1_42' title='bbox 993 927 1069 997; x_wconf 85' lang='lat' dir='ltr'><em>haee</em></span> <span class='ocrx_word' id='word_1_43' title='bbox 1084 924 1215 1007; x_wconf 90' lang='lat' dir='ltr'><em>scribo,</em></span> <span class='ocrx_word' id='word_1_44' title='bbox 1231 945 1304 1017; x_wconf 92' lang='lat' dir='ltr'><em>quo</em></span> 
     </span>
     <span class='ocr_line' id='line_1_7' title="bbox 214 1040 1408 1149; baseline -0.006 -24"><span class='ocrx_word' id='word_1_45' title='bbox 214 1054 347 1149; x_wconf 86' lang='lat' dir='ltr'><em>pridem</em></span> <span class='ocrx_word' id='word_1_46' title='bbox 362 1080 381 1126; x_wconf 88' lang='lat' dir='ltr'><em>a</em></span> <span class='ocrx_word' id='word_1_47' title='bbox 395 1065 428 1126; x_wconf 88' lang='lat' dir='ltr'><em>te</em></span> <span class='ocrx_word' id='word_1_48' title='bbox 450 1077 594 1148; x_wconf 89' lang='lat' dir='ltr'><em>corpore</em></span> <span class='ocrx_word' id='word_1_49' title='bbox 613 1054 797 1146; x_wconf 78' lang='lat' dir='ltr'><em>digressus</em></span> <span class='ocrx_word' id='word_1_50' title='bbox 814 1074 893 1123; x_wconf 90' lang='lat' dir='ltr'><em>cum</em></span> <span class='ocrx_word' id='word_1_51' title='bbox 914 1050 981 1122; x_wconf 89' lang='lat' dir='ltr'><em>alio</em></span> <span class='ocrx_word' id='word_1_52' title='bbox 998 1070 1199 1145; x_wconf 83' lang='lat' dir='ltr'><em>pergerem,</em></span> <span class='ocrx_word' id='word_1_53' title='bbox 1216 1049 1302 1119; x_wconf 88' lang='lat' dir='ltr'><em>For·</em></span> <span class='ocrx_word' id='word_1_54' title='bbox 1401 1040 1408 1144; x_wconf 55' lang='grc' dir='ltr'>ζ</span> 
     </span>
     <span class='ocr_line' id='line_1_8' title="bbox 216 1170 1405 1274; baseline -0.007 -26"><span class='ocrx_word' id='word_1_55' title='bbox 216 1187 299 1249; x_wconf 89' lang='lat' dir='ltr'><em>tuna</em></span> <span class='ocrx_word' id='word_1_56' title='bbox 317 1178 366 1248; x_wconf 86' lang='lat' dir='ltr'><em>sie</em></span> <span class='ocrx_word' id='word_1_57' title='bbox 387 1200 444 1248; x_wconf 88' lang='lat' dir='ltr'><em>res</em></span> <span class='ocrx_word' id='word_1_58' title='bbox 466 1178 644 1249; x_wconf 90' lang='lat' dir='ltr'><em>hominum</em></span> <span class='ocrx_word' id='word_1_59' title='bbox 661 1181 841 1259; x_wconf 88' lang='lat' dir='ltr'><em>volvente,</em></span> <span class='ocrx_word' id='word_1_60' title='bbox 869 1175 1027 1274; x_wconf 88' lang='lat' dir='ltr'><em>perveni,</em></span> <span class='ocrx_word' id='word_1_61' title='bbox 1059 1174 1124 1245; x_wconf 92' lang='lat' dir='ltr'><em>sed</em></span> <span class='ocrx_word' id='word_1_62' title='bbox 1147 1173 1184 1241; x_wconf 94' lang='lat' dir='ltr'><em>in</em></span> <span class='ocrx_word' id='word_1_63' title='bbox 1206 1170 1300 1241; x_wconf 91' lang='lat' dir='ltr'><em>ruris</em></span> <span class='ocrx_word' id='word_1_64' title='bbox 1400 1228 1405 1264; x_wconf 59' lang='lat'>3</span> 
     </span>
     <span class='ocr_line' id='line_1_9' title="bbox 216 1296 1405 1395; baseline -0.011 -24"><span class='ocrx_word' id='word_1_65' title='bbox 216 1302 264 1371; x_wconf 89' lang='lat' dir='ltr'><em>tui</em></span> <span class='ocrx_word' id='word_1_66' title='bbox 287 1312 433 1386; x_wconf 84' lang='lat' dir='ltr'><em>secreta,</em></span> <span class='ocrx_word' id='word_1_67' title='bbox 456 1314 577 1381; x_wconf 87' lang='lat' dir='ltr'><em>nonte</em></span> <span class='ocrx_word' id='word_1_68' title='bbox 597 1302 749 1395; x_wconf 84' lang='lat' dir='ltr'><em>quidem,</em></span> <span class='ocrx_word' id='word_1_69' title='bbox 765 1317 872 1393; x_wconf 80' lang='lat' dir='ltr'><em>&#39;quem</em></span> <span class='ocrx_word' id='word_1_70' title='bbox 893 1298 1007 1370; x_wconf 87' lang='lat' dir='ltr'><em>adhue</em></span> <span class='ocrx_word' id='word_1_71' title='bbox 1029 1296 1095 1366; x_wconf 91' lang='lat' dir='ltr'><em>nisi</em></span> <span class='ocrx_word' id='word_1_72' title='bbox 1115 1296 1207 1367; x_wconf 86' lang='lat' dir='ltr'><em>facie</em></span> <span class='ocrx_word' id='word_1_73' title='bbox 1229 1315 1299 1365; x_wconf 90' lang='lat' dir='ltr'><em>non</em></span> <span class='ocrx_word' id='word_1_74' title='bbox 1399 1300 1405 1369; x_wconf 71' lang='lat'>1</span> 
     </span>
     <span class='ocr_line' id='line_1_10' title="bbox 216 1399 1404 1510; baseline -0.006 -16"><span class='ocrx_word' id='word_1_75' title='bbox 216 1446 354 1510; x_wconf 88' lang='lat' dir='ltr'><em>noram,</em></span> <span class='ocrx_word' id='word_1_76' title='bbox 370 1425 433 1496; x_wconf 89' lang='lat' dir='ltr'><em>sed</em></span> <span class='ocrx_word' id='word_1_77' title='bbox 447 1425 665 1496; x_wconf 88' lang='lat' dir='ltr'><em>solitudinem</em></span> <span class='ocrx_word' id='word_1_78' title='bbox 680 1425 725 1496; x_wconf 90' lang='lat' dir='ltr'><em>ab</em></span> <span class='ocrx_word' id='word_1_79' title='bbox 738 1424 880 1494; x_wconf 78' lang='lat' dir='ltr'><em>infantia</em></span> <span class='ocrx_word' id='word_1_80' title='bbox 901 1423 1061 1494; x_wconf 90' lang='lat' dir='ltr'><em>dilectam</em></span> <span class='ocrx_word' id='word_1_81' title='bbox 1082 1442 1123 1491; x_wconf 90' lang='lat' dir='ltr'><em>ac</em></span> <span class='ocrx_word' id='word_1_82' title='bbox 1138 1421 1298 1491; x_wconf 90' lang='lat' dir='ltr'><em>locorum</em></span> <span class='ocrx_word' id='word_1_83' title='bbox 1401 1399 1404 1442; x_wconf 68' lang='lat'>⁵</span> 
     </span>
     <span class='ocr_line' id='line_1_11' title="bbox 217 1547 1299 1640; baseline -0.003 -24"><span class='ocrx_word' id='word_1_84' title='bbox 217 1547 399 1618; x_wconf 73' lang='lat' dir='ltr'><em>silentium·</em></span> <span class='ocrx_word' id='word_1_85' title='bbox 420 1569 586 1640; x_wconf 86' lang='lat' dir='ltr'><em>quaerens</em></span> <span class='ocrx_word' id='word_1_86' title='bbox 619 1550 714 1633; x_wconf 90' lang='lat' dir='ltr'><em>veni,</em></span> <span class='ocrx_word' id='word_1_87' title='bbox 749 1547 808 1618; x_wconf 90' lang='lat' dir='ltr'><em>ubi</em></span> <span class='ocrx_word' id='word_1_88' title='bbox 841 1571 861 1618; x_wconf 89' lang='lat' dir='ltr'><em>a</em></span> <span class='ocrx_word' id='word_1_89' title='bbox 887 1557 920 1618; x_wconf 91' lang='lat' dir='ltr'><em>te</em></span> <span class='ocrx_word' id='word_1_90' title='bbox 942 1566 1044 1638; x_wconf 89' lang='lat' dir='ltr'><em>qnam</em></span> <span class='ocrx_word' id='word_1_91' title='bbox 1066 1552 1218 1636; x_wconf 90' lang='lat' dir='ltr'><em>paterne</em></span> <span class='ocrx_word' id='word_1_92' title='bbox 1240 1563 1299 1613; x_wconf 90' lang='lat' dir='ltr'><em>su-</em></span> 
     </span>
     <span class='ocr_line' id='line_1_12' title="bbox 217 1653 1410 1764; baseline 0 -25"><span class='ocrx_word' id='word_1_93' title='bbox 217 1680 356 1763; x_wconf 82' lang='lat' dir='ltr'><em>sceptus</em></span> <span class='ocrx_word' id='word_1_94' title='bbox 375 1672 455 1752; x_wconf 84' lang='lat' dir='ltr'><em>sim,</em></span> <span class='ocrx_word' id='word_1_95' title='bbox 474 1694 580 1763; x_wconf 89' lang='lat' dir='ltr'><em>qnam</em></span> <span class='ocrx_word' id='word_1_96' title='bbox 600 1695 685 1764; x_wconf 82' lang='lat' dir='ltr'><em>erga</em></span> <span class='ocrx_word' id='word_1_97' title='bbox 705 1695 760 1744; x_wconf 90' lang='lat' dir='ltr'><em>me</em></span> <span class='ocrx_word' id='word_1_98' title='bbox 786 1671 998 1743; x_wconf 79' lang='lat' dir='ltr'><em>familiariter</em></span> <span class='ocrx_word' id='word_1_99' title='bbox 1026 1670 1129 1740; x_wconf 92' lang='lat' dir='ltr'><em>simul</em></span> <span class='ocrx_word' id='word_1_100' title='bbox 1160 1669 1298 1762; x_wconf 89' lang='lat' dir='ltr'><em>episco-</em></span> <span class='ocrx_word' id='word_1_101' title='bbox 1408 1653 1410 1658; x_wconf 28' lang='lat'><strong>¹</strong></span> 
     </span>
     <span class='ocr_line' id='line_1_13' title="bbox 216 1793 1295 1889; baseline -0.004 -24"><span class='ocrx_word' id='word_1_102' title='bbox 216 1795 410 1889; x_wconf 88' lang='lat' dir='ltr'><em>paliterque</em></span> <span class='ocrx_word' id='word_1_103' title='bbox 431 1805 464 1866; x_wconf 87' lang='lat' dir='ltr'><em>te</em></span> <span class='ocrx_word' id='word_1_104' title='bbox 486 1796 655 1887; x_wconf 65' lang='lat' dir='ltr'><em>gesseris</em></span> <span class='ocrx_word' id='word_1_105' title='bbox 675 1806 713 1868; x_wconf 88' lang='lat' dir='ltr'><em>tu</em></span> <span class='ocrx_word' id='word_1_106' title='bbox 733 1797 820 1867; x_wconf 85' lang='lat' dir='ltr'><em>forte</em></span> <span class='ocrx_word' id='word_1_107' title='bbox 846 1798 903 1867; x_wconf 90' lang='lat' dir='ltr'><em>vel</em></span> <span class='ocrx_word' id='word_1_108' title='bbox 923 1794 1008 1865; x_wconf 89' lang='lat' dir='ltr'><em>nihil</em></span> <span class='ocrx_word' id='word_1_109' title='bbox 1027 1793 1201 1874; x_wconf 80' lang='lat' dir='ltr'><em>aeslimeS,</em></span> <span class='ocrx_word' id='word_1_110' title='bbox 1225 1795 1295 1873; x_wconf 86' lang='lat' dir='ltr'><em>vel,</em></span> 
     </span>
     <span class='ocr_line' id='line_1_14' title="bbox 217 1910 1405 2011; baseline -0.003 -23"><span class='ocrx_word' id='word_1_111' title='bbox 217 1919 310 2011; x_wconf 90' lang='lat' dir='ltr'><em>quod</em></span> <span class='ocrx_word' id='word_1_112' title='bbox 328 1920 430 1989; x_wconf 92' lang='lat' dir='ltr'><em>valde</em></span> <span class='ocrx_word' id='word_1_113' title='bbox 452 1919 618 1990; x_wconf 85' lang='lat' dir='ltr'><em>beneficis</em></span> <span class='ocrx_word' id='word_1_114' title='bbox 643 1919 762 1990; x_wconf 86' lang='lat' dir='ltr'><em>inesse</em></span> <span class='ocrx_word' id='word_1_115' title='bbox 783 1921 881 2001; x_wconf 82' lang='lat' dir='ltr'><em>solet,</em></span> <span class='ocrx_word' id='word_1_116' title='bbox 904 1910 1033 1988; x_wconf 84' lang='lat' dir='ltr'><em>ohlilns</em></span> <span class='ocrx_word' id='word_1_117' title='bbox 1054 1917 1117 1997; x_wconf 88' lang='lat' dir='ltr'><em>sis;</em></span> <span class='ocrx_word' id='word_1_118' title='bbox 1140 1937 1209 2006; x_wconf 84' lang='lat' dir='ltr'><em>ego</em></span> <span class='ocrx_word' id='word_1_119' title='bbox 1228 1937 1297 1986; x_wconf 90' lang='lat' dir='ltr'><em>non</em></span> <span class='ocrx_word' id='word_1_120' title='bbox 1404 1991 1405 1995; x_wconf 8' lang='grc' dir='ltr'><strong>Ἴ</strong></span> 
     </span>
     <span class='ocr_line' id='line_1_15' title="bbox 217 2038 1298 2134; baseline -0.003 -22"><span class='ocrx_word' id='word_1_121' title='bbox 217 2041 248 2113; x_wconf 90' lang='lat' dir='ltr'><em>si</em></span> <span class='ocrx_word' id='word_1_122' title='bbox 266 2043 399 2112; x_wconf 88' lang='lat' dir='ltr'><em>Lethaei</em></span> <span class='ocrx_word' id='word_1_123' title='bbox 417 2044 565 2134; x_wconf 77' lang='lat' dir='ltr'><em>gurgitis</em></span> <span class='ocrx_word' id='word_1_124' title='bbox 582 2043 712 2115; x_wconf 89' lang='lat' dir='ltr'><em>fluenta</em></span> <span class='ocrx_word' id='word_1_125' title='bbox 734 2042 930 2113; x_wconf 85' lang='lat' dir='ltr'><em>transierim</em></span> <span class='ocrx_word' id='word_1_126' title='bbox 955 2038 1156 2119; x_wconf 85' lang='lat' dir='ltr'><em>obliviscar,</em></span> <span class='ocrx_word' id='word_1_127' title='bbox 1184 2048 1223 2108; x_wconf 91' lang='grc' dir='ltr'><em>ιιι</em></span> <span class='ocrx_word' id='word_1_128' title='bbox 1245 2061 1298 2109; x_wconf 92' lang='lat' dir='ltr'><em>me</em></span> 
     </span>
     <span class='ocr_line' id='line_1_16' title="bbox 218 2147 1299 2258; baseline -0.002 -24"><span class='ocrx_word' id='word_1_129' title='bbox 218 2147 356 2258; x_wconf 84' lang='lat' dir='ltr'><em>semper</em></span> <span class='ocrx_word' id='word_1_130' title='bbox 375 2187 444 2235; x_wconf 92' lang='lat' dir='ltr'><em>una</em></span> <span class='ocrx_word' id='word_1_131' title='bbox 466 2168 577 2237; x_wconf 86' lang='lat' dir='ltr'><em>fronte</em></span> <span class='ocrx_word' id='word_1_132' title='bbox 596 2188 735 2258; x_wconf 90' lang='lat' dir='ltr'><em>unoque</em></span> <span class='ocrx_word' id='word_1_133' title='bbox 753 2166 868 2236; x_wconf 90' lang='lat' dir='ltr'><em>animo</em></span> <span class='ocrx_word' id='word_1_134' title='bbox 880 2163 1026 2235; x_wconf 90' lang='lat' dir='ltr'><em>videris:</em></span> <span class='ocrx_word' id='word_1_135' title='bbox 1050 2171 1087 2231; x_wconf 91' lang='lat' dir='ltr'><em>nt</em></span> <span class='ocrx_word' id='word_1_136' title='bbox 1103 2161 1149 2232; x_wconf 90' lang='lat' dir='ltr'><em>ad</em></span> <span class='ocrx_word' id='word_1_137' title='bbox 1168 2171 1203 2232; x_wconf 90' lang='lat' dir='ltr'><em>te</em></span> <span class='ocrx_word' id='word_1_138' title='bbox 1218 2161 1299 2232; x_wconf 91' lang='lat' dir='ltr'><em>iude</em></span> 
     </span>
     <span class='ocr_line' id='line_1_17' title="bbox 217 2287 1299 2385; baseline -0.003 -27"><span class='ocrx_word' id='word_1_139' title='bbox 217 2289 413 2360; x_wconf 87' lang='lat' dir='ltr'><em>venientem</em></span> <span class='ocrx_word' id='word_1_140' title='bbox 444 2288 639 2385; x_wconf 87' lang='lat' dir='ltr'><em>exceperis,</em></span> <span class='ocrx_word' id='word_1_141' title='bbox 676 2300 868 2360; x_wconf 87' lang='lat' dir='ltr'><em>morantem</em></span> <span class='ocrx_word' id='word_1_142' title='bbox 894 2287 1119 2369; x_wconf 85' lang='lat' dir='ltr'><em>excitaveris,</em></span> <span class='ocrx_word' id='word_1_143' title='bbox 1149 2303 1299 2376; x_wconf 81' lang='lat' dir='ltr'><em>segnem</em></span> 
     </span>
     <span class='ocr_line' id='line_1_18' title="bbox 218 2404 1407 2507; baseline -0.001 -27"><span class='ocrx_word' id='word_1_144' title='bbox 218 2413 445 2507; x_wconf 83' lang='lat' dir='ltr'><em>increpueris,</em></span> <span class='ocrx_word' id='word_1_145' title='bbox 468 2422 503 2482; x_wconf 90' lang='lat' dir='ltr'><em>et</em></span> <span class='ocrx_word' id='word_1_146' title='bbox 523 2412 802 2484; x_wconf 86' lang='lat' dir='ltr'><em>adhortationum</em></span> <span class='ocrx_word' id='word_1_147' title='bbox 824 2410 972 2483; x_wconf 91' lang='lat' dir='ltr'><em>stimulis</em></span> <span class='ocrx_word' id='word_1_148' title='bbox 994 2429 1089 2502; x_wconf 86' lang='lat' dir='ltr'><em>saepe</em></span> <span class='ocrx_word' id='word_1_149' title='bbox 1111 2409 1299 2500; x_wconf 85' lang='lat' dir='ltr'><em>segnitiem</em></span> <span class='ocrx_word' id='word_1_150' title='bbox 1406 2404 1407 2408; x_wconf 63' lang='grc'>’</span> 
     </span>
     <span class='ocr_line' id='line_1_19' title="bbox 219 2530 1301 2627; baseline -0.002 -23"><span class='ocrx_word' id='word_1_151' title='bbox 219 2534 434 2616; x_wconf 59' lang='lat' dir='ltr'><em>excusseris</em></span> <span class='ocrx_word' id='word_1_152' title='bbox 455 2555 549 2627; x_wconf 87' lang='lat' dir='ltr'><em>saepe</em></span> <span class='ocrx_word' id='word_1_153' title='bbox 576 2554 640 2605; x_wconf 90' lang='lat' dir='ltr'><em>nec</em></span> <span class='ocrx_word' id='word_1_154' title='bbox 662 2533 809 2604; x_wconf 90' lang='lat' dir='ltr'><em>stimulis</em></span> <span class='ocrx_word' id='word_1_155' title='bbox 835 2533 975 2625; x_wconf 89' lang='lat' dir='ltr'><em>quidem</em></span> <span class='ocrx_word' id='word_1_156' title='bbox 996 2541 1189 2627; x_wconf 88' lang='lat' dir='ltr'><em>parentem,</em></span> <span class='ocrx_word' id='word_1_157' title='bbox 1214 2530 1301 2603; x_wconf 89' lang='lat' dir='ltr'><em>urbe</em></span> 
     </span>
     <span class='ocr_line' id='line_1_20' title="bbox 218 2657 1301 2750; baseline -0.001 -23"><span class='ocrx_word' id='word_1_158' title='bbox 218 2659 337 2728; x_wconf 85' lang='lat' dir='ltr'><em>relicta</em></span> <span class='ocrx_word' id='word_1_159' title='bbox 352 2666 420 2742; x_wconf 91' lang='lat' dir='ltr'><em>tua,</em></span> <span class='ocrx_word' id='word_1_160' title='bbox 435 2680 574 2750; x_wconf 88' lang='lat' dir='ltr'><em>quoque</em></span> <span class='ocrx_word' id='word_1_161' title='bbox 591 2679 647 2729; x_wconf 89' lang='lat' dir='ltr'><em>me</em></span> <span class='ocrx_word' id='word_1_162' title='bbox 663 2657 827 2748; x_wconf 84' lang='lat' dir='ltr'><em>dignatus</em></span> <span class='ocrx_word' id='word_1_163' title='bbox 849 2657 898 2727; x_wconf 92' lang='lat' dir='ltr'><em>sis</em></span> <span class='ocrx_word' id='word_1_164' title='bbox 917 2658 1192 2748; x_wconf 88' lang='lat' dir='ltr'><em>consolatusque·</em></span> <span class='ocrx_word' id='word_1_165' title='bbox 1209 2677 1301 2750; x_wconf 87' lang='lat' dir='ltr'><em>prae·</em></span> 
     </span>
     <span class='ocr_line' id='line_1_21' title="bbox 220 2779 1302 2874; baseline 0.002 -26"><span class='ocrx_word' id='word_1_166' title='bbox 220 2779 345 2863; x_wconf 87' lang='lat' dir='ltr'><em>sentia,</em></span> <span class='ocrx_word' id='word_1_167' title='bbox 366 2787 468 2872; x_wconf 88' lang='lat' dir='ltr'><em>teque</em></span> <span class='ocrx_word' id='word_1_168' title='bbox 489 2780 635 2874; x_wconf 88' lang='lat' dir='ltr'><em>hospitis</em></span> <span class='ocrx_word' id='word_1_169' title='bbox 649 2801 746 2851; x_wconf 90' lang='lat' dir='ltr'><em>amor</em></span> <span class='ocrx_word' id='word_1_170' title='bbox 760 2781 944 2852; x_wconf 86' lang='lat' dir='ltr'><em>attraxerit</em></span> <span class='ocrx_word' id='word_1_171' title='bbox 964 2801 1033 2871; x_wconf 87' lang='lat' dir='ltr'><em>quo</em></span> <span class='ocrx_word' id='word_1_172' title='bbox 1050 2781 1208 2849; x_wconf 83' lang='lat' dir='ltr'><em>locorum</em></span> <span class='ocrx_word' id='word_1_173' title='bbox 1223 2787 1302 2850; x_wconf 75' lang='lat' dir='ltr'><em>tuo</em></span> 
     </span>
     <span class='ocr_line' id='line_1_22' title="bbox 219 2901 1303 2994; baseline 0.003 -24"><span class='ocrx_word' id='word_1_174' title='bbox 219 2923 296 2970; x_wconf 90' lang='lat' dir='ltr'><em>rum</em></span> <span class='ocrx_word' id='word_1_175' title='bbox 323 2902 450 2973; x_wconf 88' lang='lat' dir='ltr'><em>caritas</em></span> <span class='ocrx_word' id='word_1_176' title='bbox 479 2924 548 2973; x_wconf 92' lang='lat' dir='ltr'><em>non</em></span> <span class='ocrx_word' id='word_1_177' title='bbox 565 2902 735 2973; x_wconf 85' lang='lat' dir='ltr'><em>trahebat.</em></span> <span class='ocrx_word' id='word_1_178' title='bbox 751 2903 804 2972; x_wconf 88' lang='lat' dir='ltr'><em>Me</em></span> <span class='ocrx_word' id='word_1_179' title='bbox 823 2923 876 2986; x_wconf 91' lang='lat' dir='ltr'><em>ue,</em></span> <span class='ocrx_word' id='word_1_180' title='bbox 887 2913 925 2971; x_wconf 92' lang='lat' dir='ltr'><em>ut</em></span> <span class='ocrx_word' id='word_1_181' title='bbox 941 2911 1066 2972; x_wconf 88' lang='lat' dir='ltr'><em>caetera</em></span> <span class='ocrx_word' id='word_1_182' title='bbox 1085 2901 1303 2994; x_wconf 68' lang='lat' dir='ltr'><em>praetermit-</em></span> 
     </span>
     <span class='ocr_line' id='line_1_23' title="bbox 220 3023 1303 3109; baseline 0.001 -15"><span class='ocrx_word' id='word_1_183' title='bbox 220 3033 311 3109; x_wconf 87' lang='lat' dir='ltr'><em>tam,</em></span> <span class='ocrx_word' id='word_1_184' title='bbox 346 3026 439 3096; x_wconf 89' lang='lat' dir='ltr'><em>illius</em></span> <span class='ocrx_word' id='word_1_185' title='bbox 468 3025 534 3097; x_wconf 86' lang='lat' dir='ltr'><em>loci</em></span> <span class='ocrx_word' id='word_1_186' title='bbox 564 3025 800 3098; x_wconf 87' lang='lat' dir='ltr'><em>immemorem</em></span> <span class='ocrx_word' id='word_1_187' title='bbox 834 3023 1031 3106; x_wconf 87' lang='lat' dir='ltr'><em>arbitraris,</em></span> <span class='ocrx_word' id='word_1_188' title='bbox 1056 3023 1140 3094; x_wconf 93' lang='lat' dir='ltr'><em>dum</em></span> <span class='ocrx_word' id='word_1_189' title='bbox 1168 3027 1303 3098; x_wconf 87' lang='lat' dir='ltr'><em>coactis</em></span> 
     </span>
     <span class='ocr_line' id='line_1_24' title="bbox 181 3146 1305 3245; baseline 0.004 -30"><span class='ocrx_word' id='word_1_190' title='bbox 181 3234 183 3239; x_wconf 21' lang='lat'><strong>⁴</strong></span> <span class='ocrx_word' id='word_1_191' title='bbox 221 3146 403 3217; x_wconf 83' lang='lat' dir='ltr'><em>sarcinulis</em></span> <span class='ocrx_word' id='word_1_192' title='bbox 416 3148 546 3218; x_wconf 90' lang='lat' dir='ltr'><em>ltaliam</em></span> <span class='ocrx_word' id='word_1_193' title='bbox 563 3158 732 3240; x_wconf 88' lang='lat' dir='ltr'><em>repetens,</em></span> <span class='ocrx_word' id='word_1_194' title='bbox 757 3168 836 3219; x_wconf 90' lang='lat' dir='ltr'><em>sero</em></span> <span class='ocrx_word' id='word_1_195' title='bbox 856 3146 900 3217; x_wconf 90' lang='lat' dir='ltr'><em>ad</em></span> <span class='ocrx_word' id='word_1_196' title='bbox 918 3155 952 3216; x_wconf 93' lang='lat' dir='ltr'><em>te</em></span> <span class='ocrx_word' id='word_1_197' title='bbox 973 3168 1034 3245; x_wconf 91' lang='lat' dir='ltr'><em>pro</em></span> <span class='ocrx_word' id='word_1_198' title='bbox 1054 3146 1305 3220; x_wconf 89' lang='lat' dir='ltr'><em>benedictione</em></span> 
     </span>
     <span class='ocr_line' id='line_1_25' title="bbox 221 3270 1306 3355; baseline 0.002 -15"><span class='ocrx_word' id='word_1_199' title='bbox 221 3293 261 3341; x_wconf 90' lang='lat' dir='ltr'><em>ac</em></span> <span class='ocrx_word' id='word_1_200' title='bbox 289 3270 426 3342; x_wconf 88' lang='lat' dir='ltr'><em>licentia</em></span> <span class='ocrx_word' id='word_1_201' title='bbox 458 3273 651 3354; x_wconf 85' lang='lat' dir='ltr'><em>venissem,</em></span> <span class='ocrx_word' id='word_1_202' title='bbox 685 3283 765 3342; x_wconf 87' lang='lat' dir='ltr'><em>ante</em></span> <span class='ocrx_word' id='word_1_203' title='bbox 798 3271 881 3342; x_wconf 88' lang='lat' dir='ltr'><em>solis</em></span> <span class='ocrx_word' id='word_1_204' title='bbox 911 3291 1073 3342; x_wconf 88' lang='lat' dir='ltr'><em>oceasum</em></span> <span class='ocrx_word' id='word_1_205' title='bbox 1095 3271 1306 3355; x_wconf 88' lang='lat' dir='ltr'><em>Druentiam</em></span> 
     </span>
     <span class='ocr_line' id='line_1_26' title="bbox 221 3390 1308 3486; baseline 0.003 -23"><span class='ocrx_word' id='word_1_206' title='bbox 221 3395 446 3478; x_wconf 62' lang='lat' dir='ltr'><em>transiturum</em></span> <span class='ocrx_word' id='word_1_207' title='bbox 461 3406 499 3465; x_wconf 90' lang='lat' dir='ltr'><em>ut</em></span> <span class='ocrx_word' id='word_1_208' title='bbox 515 3406 545 3466; x_wconf 87' lang='lat' dir='ltr'><em>te</em></span> <span class='ocrx_word' id='word_1_209' title='bbox 560 3395 715 3485; x_wconf 81' lang='lat' dir='ltr'><em>graviter</em></span> <span class='ocrx_word' id='word_1_210' title='bbox 733 3404 971 3486; x_wconf 81' lang='lat' dir='ltr'><em>aegrotantem,</em></span> <span class='ocrx_word' id='word_1_211' title='bbox 986 3392 1079 3485; x_wconf 88' lang='lat' dir='ltr'><em>qnod</em></span> <span class='ocrx_word' id='word_1_212' title='bbox 1095 3390 1211 3463; x_wconf 89' lang='lat' dir='ltr'><em>dolori</em></span> <span class='ocrx_word' id='word_1_213' title='bbox 1225 3416 1308 3466; x_wconf 90' lang='lat' dir='ltr'><em>meo</em></span> 
     </span>
     <span class='ocr_line' id='line_1_27' title="bbox 221 3515 1310 3608; baseline 0 -21"><span class='ocrx_word' id='word_1_214' title='bbox 221 3539 366 3608; x_wconf 87' lang='lat' dir='ltr'><em>parcens</em></span> <span class='ocrx_word' id='word_1_215' title='bbox 388 3539 442 3587; x_wconf 91' lang='lat' dir='ltr'><em>me</em></span> <span class='ocrx_word' id='word_1_216' title='bbox 464 3519 651 3599; x_wconf 85' lang='lat' dir='ltr'><em>celaveras,</em></span> <span class='ocrx_word' id='word_1_217' title='bbox 680 3527 827 3593; x_wconf 86' lang='lat' dir='ltr'><em>moestus</em></span> <span class='ocrx_word' id='word_1_218' title='bbox 853 3527 887 3589; x_wconf 90' lang='lat' dir='ltr'><em>et</em></span> <span class='ocrx_word' id='word_1_219' title='bbox 913 3515 1088 3587; x_wconf 89' lang='lat' dir='ltr'><em>admirans</em></span> <span class='ocrx_word' id='word_1_220' title='bbox 1109 3516 1244 3606; x_wconf 84' lang='lat' dir='ltr'><em>reperi3</em></span> <span class='ocrx_word' id='word_1_221' title='bbox 1269 3527 1310 3589; x_wconf 88' lang='lat' dir='ltr'><em>ut</em></span> 
     </span>
     <span class='ocr_line' id='line_1_28' title="bbox 224 3638 1310 3734; baseline 0.002 -22"><span class='ocrx_word' id='word_1_222' title='bbox 224 3639 339 3712; x_wconf 90' lang='lat' dir='ltr'><em>subito</em></span> <span class='ocrx_word' id='word_1_223' title='bbox 361 3644 471 3714; x_wconf 84' lang='lat' dir='ltr'><em>factus</em></span> <span class='ocrx_word' id='word_1_224' title='bbox 504 3641 650 3712; x_wconf 87' lang='lat' dir='ltr'><em>alacrior</em></span> <span class='ocrx_word' id='word_1_225' title='bbox 680 3651 770 3712; x_wconf 87' lang='lat' dir='ltr'><em>totos</em></span> <span class='ocrx_word' id='word_1_226' title='bbox 802 3650 945 3734; x_wconf 92' lang='lat' dir='ltr'><em>penates</em></span> <span class='ocrx_word' id='word_1_227' title='bbox 972 3643 1050 3710; x_wconf 88' lang='lat' dir='ltr'><em>laeto</em></span> <span class='ocrx_word' id='word_1_228' title='bbox 1070 3638 1215 3730; x_wconf 90' lang='lat' dir='ltr'><em>quidem</em></span> <span class='ocrx_word' id='word_1_229' title='bbox 1242 3641 1310 3713; x_wconf 89' lang='lat' dir='ltr'><em>sed</em></span> 
     </span>
     <span class='ocr_line' id='line_1_29' title="bbox 224 3760 1311 3855; baseline 0.004 -23"><span class='ocrx_word' id='word_1_230' title='bbox 224 3765 381 3835; x_wconf 91' lang='lat' dir='ltr'><em>modesto</em></span> <span class='ocrx_word' id='word_1_231' title='bbox 395 3766 545 3836; x_wconf 89' lang='lat' dir='ltr'><em>elamore</em></span> <span class='ocrx_word' id='word_1_232' title='bbox 558 3765 746 3855; x_wconf 88' lang='lat' dir='ltr'><em>complesti,</em></span> <span class='ocrx_word' id='word_1_233' title='bbox 764 3775 795 3834; x_wconf 87' lang='lat' dir='ltr'><em>te</em></span> <span class='ocrx_word' id='word_1_234' title='bbox 809 3763 944 3834; x_wconf 85' lang='lat' dir='ltr'><em>sanitati</em></span> <span class='ocrx_word' id='word_1_235' title='bbox 959 3762 1130 3834; x_wconf 87' lang='lat' dir='ltr'><em>redditum</em></span> <span class='ocrx_word' id='word_1_236' title='bbox 1145 3760 1311 3836; x_wconf 88' lang='lat' dir='ltr'><em>adventu</em></span> 
     </span>
     <span class='ocr_line' id='line_1_30' title="bbox 225 3885 1311 3978; baseline 0.003 -23"><span class='ocrx_word' id='word_1_237' title='bbox 225 3907 303 3956; x_wconf 93' lang='lat' dir='ltr'><em>meo</em></span> <span class='ocrx_word' id='word_1_238' title='bbox 324 3885 532 3978; x_wconf 80' lang='lat' dir='ltr'><em>praedicans3</em></span> <span class='ocrx_word' id='word_1_239' title='bbox 568 3895 605 3956; x_wconf 93' lang='lat' dir='ltr'><em>ut</em></span> <span class='ocrx_word' id='word_1_240' title='bbox 634 3885 667 3955; x_wconf 89' lang='lat' dir='ltr'><em>in</em></span> <span class='ocrx_word' id='word_1_241' title='bbox 688 3885 869 3977; x_wconf 81' lang='lat' dir='ltr'><em>egregium</em></span> <span class='ocrx_word' id='word_1_242' title='bbox 891 3886 1029 3956; x_wconf 79' lang='lat' dir='ltr'><em>fratrem</em></span> <span class='ocrx_word' id='word_1_243' title='bbox 1052 3895 1149 3955; x_wconf 91' lang='lat' dir='ltr'><em>tuum</em></span> <span class='ocrx_word' id='word_1_244' title='bbox 1171 3907 1311 3958; x_wconf 90' lang='lat' dir='ltr'><em>versus</em></span> 
     </span>
     <span class='ocr_line' id='line_1_31' title="bbox 226 4007 1393 4105; baseline 0.007 -30"><span class='ocrx_word' id='word_1_245' title='bbox 226 4008 309 4079; x_wconf 87' lang='lat' dir='ltr'><em>nihil</em></span> <span class='ocrx_word' id='word_1_246' title='bbox 331 4008 398 4080; x_wconf 90' lang='lat' dir='ltr'><em>iam</em></span> <span class='ocrx_word' id='word_1_247' title='bbox 420 4021 453 4082; x_wconf 90' lang='lat' dir='ltr'><em>te</em></span> <span class='ocrx_word' id='word_1_248' title='bbox 470 4010 514 4082; x_wconf 92' lang='lat' dir='ltr'><em>de</em></span> <span class='ocrx_word' id='word_1_249' title='bbox 536 4012 646 4081; x_wconf 88' lang='lat' dir='ltr'><em>salute</em></span> <span class='ocrx_word' id='word_1_250' title='bbox 673 4018 733 4079; x_wconf 87' lang='lat' dir='ltr'><em>tua</em></span> <span class='ocrx_word' id='word_1_251' title='bbox 764 4008 909 4079; x_wconf 89' lang='lat' dir='ltr'><em>dubium</em></span> <span class='ocrx_word' id='word_1_252' title='bbox 931 4007 1066 4093; x_wconf 85' lang='lat' dir='ltr'><em>dixisti,</em></span> <span class='ocrx_word' id='word_1_253' title='bbox 1089 4007 1174 4099; x_wconf 91' lang='lat' dir='ltr'><em>quia</em></span> <span class='ocrx_word' id='word_1_254' title='bbox 1197 4034 1314 4105; x_wconf 90' lang='lat' dir='ltr'><em>quem</em></span> <span class='ocrx_word' id='word_1_255' title='bbox 1391 4061 1393 4066; x_wconf 16' lang='grc' dir='ltr'>ι</span> 
     </span>
     <span class='ocr_line' id='line_1_32' title="bbox 228 4131 1317 4224; baseline 0.005 -24"><span class='ocrx_word' id='word_1_256' title='bbox 228 4131 412 4219; x_wconf 80' lang='lat' dir='ltr'><em>qrraerebas</em></span> <span class='ocrx_word' id='word_1_257' title='bbox 428 4136 636 4217; x_wconf 86' lang='lat' dir='ltr'><em>invenisses;</em></span> <span class='ocrx_word' id='word_1_258' title='bbox 647 4141 684 4204; x_wconf 89' lang='lat' dir='ltr'><em>ut</em></span> <span class='ocrx_word' id='word_1_259' title='bbox 699 4131 885 4218; x_wconf 61' lang='lat' dir='ltr'><em>mondum</em></span> <span class='ocrx_word' id='word_1_260' title='bbox 899 4154 965 4224; x_wconf 83' lang='lat' dir='ltr'><em>ego</em></span> <span class='ocrx_word' id='word_1_261' title='bbox 978 4133 1099 4203; x_wconf 90' lang='lat' dir='ltr'><em>dolens</em></span> <span class='ocrx_word' id='word_1_262' title='bbox 1114 4132 1268 4224; x_wconf 87' lang='lat' dir='ltr'><em>quidem</em></span> <span class='ocrx_word' id='word_1_263' title='bbox 1278 4150 1317 4209; x_wconf 87' lang='lat' dir='ltr'><em>et</em></span> 
     </span>
    </p>
   </div>
   <div class='ocr_carea' id='block_1_4' title="bbox 0 0 1490 4650">
    <p class='ocr_par' dir='ltr' id='par_1_4' title="bbox 0 0 1490 4650">
     <span class='ocr_line' id='line_1_33' title="bbox 0 0 1490 4650; baseline 0 0"><span class='ocrx_word' id='word_1_264' title='bbox 0 0 1490 4650; x_wconf 95' lang='lat' dir='ltr'><em> </em></span> 
     </span>
    </p>
   </div>
  </div>
 </body>
</html>
