2730 4680
229 296 267 356 76
488 358 491 370 ,
563 310 604 357 nn
625 310 725 358 nunus
746 309 966 358 rarrnmnrnus

227 445 350 538 patriae
385 443 557 516 reddidit?
590 445 702 528 Quam
736 446 900 517 virtutem
934 445 1066 539 stupuit
1098 445 1225 527 bostiS,
1260 468 1301 516 ac

226 568 315 639 civis
343 588 445 660 aeque
462 568 593 639 honore
613 578 649 639 et
664 568 808 663 praemic
824 566 966 659 dignam
982 567 1094 638 duxit.
1113 567 1200 650 Quis
1218 569 1300 640 Cor-

226 690 350 762 neliam
373 689 521 761 Africani
540 689 645 761 tiliam
663 690 895 761 Gracchorum
917 686 1086 760 matrem?
1105 688 1193 771 Quae
1212 689 1300 760 duo-

225 810 339 882 decim
359 809 440 882 fitiis
461 813 585 907 partim
609 811 746 894 morbo,
768 812 893 904 partim
914 813 1006 882 ferro
1027 811 1185 896 amissiS,
1212 834 1299 904 quo-

226 958 302 1006 rum
323 935 531 1007 fortissimos
558 936 756 1006 interfectos
782 956 803 1004 a
823 936 951 1028 populo
975 946 1079 1027 atque
1099 935 1298 1007 inhumatos

224 1069 259 1128 et
283 1059 319 1128 in
345 1057 495 1128 Tiberim
522 1056 673 1128 abiectos
699 1057 809 1128 oculis
836 1058 911 1129 suis
939 1057 1016 1152 ipsa
1051 1074 1295 1152 conspexerat,

222 1190 353 1252 tantam
379 1182 514 1251 ruinam
535 1193 639 1272 atquc
660 1179 841 1252 orbitatem
862 1181 983 1251 viriles
1003 1202 1142 1274 quoque
1161 1181 1297 1253 animos

222 1324 473 1376 concussuram
495 1314 564 1373 tam
586 1303 715 1374 invicte
736 1305 890 1405 pertulit,
906 1315 944 1375 ut
960 1305 1062 1374 nullis
1081 1307 1298 1397 comploran-

223 1426 306 1496 tium
329 1437 564 1498 matronarum
582 1425 721 1498 fletibus
744 1426 860 1517 induci
879 1435 1010 1521 posset,
1028 1429 1112 1520 quin
1133 1448 1173 1498 se
1193 1427 1297 1498 mise-

226 1571 311 1634 ram,
334 1548 396 1619 sed
415 1550 548 1620 felicem
569 1548 793 1643 diceretquae
808 1553 895 1620 tales
917 1549 1005 1620 filios
1023 1550 1225 1642 genuisset?
1240 1552 1298 1622 Di-

222 1694 302 1763 gna,
321 1695 377 1742 me
394 1672 517 1758 iudice,
537 1674 670 1758 mulier,
686 1694 767 1766 quae
787 1675 873 1746 tales
892 1684 1038 1767 pareret,
1058 1672 1200 1764 indigna
1215 1695 1296 1766 quae

222 1795 397 1890 perderet.
419 1794 504 1879 Quis
527 1796 665 1867 Catonis
692 1797 865 1880 Martiam,
887 1818 992 1888 quam
1019 1808 1172 1867 sanctam
1195 1806 1297 1868 vocat

221 1919 434 2012 antiquitas?
450 1919 535 2002 Quis
553 1918 658 1991 buius
675 1930 793 1990 natam
810 1919 977 2004 Porciam,
996 1941 1077 2012 quae
1100 1920 1168 1991 viri
1184 1930 1296 1991 morte

221 2043 387 2129 nuntiata,
409 2065 454 2114 ne
474 2042 521 2112 illi
542 2043 795 2136 superviveret,
817 2043 900 2136 quia
920 2062 1075 2137 praesens
1096 2045 1177 2114 ferri
1198 2045 1296 2137 copia
1321 2049 1324 2061 '

222 2190 291 2238 non
309 2179 395 2252 erat,
409 2167 502 2236 vivis
516 2190 576 2238 ore
593 2165 802 2238 carbonibus
820 2166 1005 2260 absorptis,
1023 2165 1090 2236 viri
1108 2167 1163 2238 sui
1178 2189 1300 2238 aman-

211 2292 393 2363 tissimum
426 2303 461 2362 et
494 2292 593 2383 sequi
625 2302 867 2385 properantem
904 2291 1073 2384 spiritum.
1094 2291 1298 2362 exhalavit?

220 2415 345 2486 Multas
368 2414 482 2484 sciens
498 2415 694 2504 volensque
713 2422 892 2506 praetereo,
911 2413 1088 2506 praecipue
1106 2411 1167 2483 tibi
1187 2415 1298 2485 notis-

222 2535 379 2621 simam
396 2535 592 2628 virginibus
617 2535 762 2620 nostris,
788 2557 869 2628 quae
889 2557 958 2607 non
983 2557 1046 2630 pro
1070 2533 1224 2607 terrenis
1243 2536 1296 2606 af-

162 2677 166 2684 ·
219 2659 385 2743 tectibus,
408 2657 471 2729 sed
496 2679 559 2752 pro
580 2659 721 2753 pietate,
748 2680 811 2754 pro
837 2653 997 2743 veritate,
1027 2682 1088 2753 pro
1113 2661 1293 2745 castitate,
1318 2749 1323 2760 ³

220 2803 284 2876 pro
304 2780 384 2868 fide,
401 2805 465 2877 pro
486 2791 628 2854 aeternae
648 2783 731 2854 vitae
751 2782 927 2855 desiderio
945 2785 1073 2856 teneris
1093 2783 1295 2878 corporibus

219 2905 368 2979 fortibus
390 2907 515 2979 animis
535 2907 624 2981 dura
639 2911 748 2980 tulere
763 2908 943 3003 supplicia,
965 2909 1072 2981 duras
1091 2920 1234 2980 mortes.
1252 2911 1296 2979 Et

220 3034 330 3104 fateor
350 3030 384 3101 in
409 3030 464 3102 bis
490 3030 575 3124 ipsis
595 3030 640 3102 de
664 3030 834 3103 industria
857 3034 981 3123 longus
1006 3053 1100 3114 sum,
1124 3043 1162 3104 ut
1187 3053 1295 3104 sexus

221 3155 276 3226 cui
297 3153 497 3246 infamando
514 3153 721 3246 scriptorum
741 3154 847 3247 aliqui
868 3155 1043 3239 studuere,
1062 3154 1295 3248 qualicunque

208 3278 308 3363 stilo,
323 3297 410 3348 vero
423 3285 525 3360 certe,
539 3276 576 3346 ni
592 3278 700 3361 fallor,
714 3300 832 3349 rerum
846 3278 1042 3350 testimonio
1059 3292 1203 3350 ornatus
1221 3282 1295 3351 lau-

218 3401 302 3474 dum
318 3422 461 3474 suarum
478 3412 578 3494 parte
594 3423 663 3472 non
680 3410 807 3474 careat.
825 3403 955 3475 Verum
972 3412 1012 3473 ut
1027 3402 1062 3471 in
1079 3424 1216 3476 summo
1232 3427 1295 3498 pe-

219 3524 301 3598 dem
328 3523 447 3617 figam,
483 3536 587 3617 teque
611 3526 806 3619 praelustris
825 3513 984 3618 Augusta
1008 3548 1087 3597 cum
1122 3528 1292 3600 altissima

218 3646 373 3718 omnium
388 3655 424 3718 et
438 3656 507 3718 tute
525 3647 628 3718 sortis
648 3648 788 3719 foemina
808 3647 986 3735 dimittam,
1005 3670 1086 3743 quae
1107 3649 1220 3722 virtus
1238 3650 1295 3720 Li-

218 3771 300 3855 viae,
327 3791 408 3864 quae
436 3771 610 3853 maiestas
637 3791 718 3864 quae
744 3773 874 3862 gloria?
893 3774 978 3844 Haec
997 3754 1091 3866 apud
1117 3773 1291 3845 Caesarem

218 3886 417 3982 Augustum
438 3914 520 3964 eum
542 3893 650 3964 tenuit
669 3895 781 3965 locum
799 3916 904 3988 quem
927 3905 964 3966 tu
984 3895 1087 3972 hodie
1106 3895 1199 3990 apud
1216 3896 1292 3967 eius

219 4031 458 4087 successorem
476 4015 648 4087 Caesarem
662 4027 820 4088 nostrum
839 4028 945 4101 tenes
965 4040 1033 4088 non
1051 4017 1141 4090 tbori
1159 4026 1291 4089 tantum

220 4133 280 4205 sed
295 4134 429 4205 consilii
444 4137 618 4230 totiusque
628 4140 709 4210 vitae
723 4139 904 4235 particeps
918 4139 1064 4213 facunda
1077 4132 1290 4233 ante'omnes
