<?xml version="1.0" encoding="UTF-8"?>
<!DOCTYPE html PUBLIC "-//W3C//DTD XHTML 1.0 Transitional//EN"
    "http://www.w3.org/TR/xhtml1/DTD/xhtml1-transitional.dtd">
<html xmlns="http://www.w3.org/1999/xhtml" xml:lang="en" lang="en">
 <head>
  <title>
</title>
<meta http-equiv="Content-Type" content="text/html;charset=utf-8" />
  <meta name='ocr-system' content='tesseract 3.04.00' />
  <meta name='ocr-capabilities' content='ocr_page ocr_carea ocr_par ocr_line ocrx_word'/>
</head>
<body>
  <div class='ocr_page' id='page_1' title='image "./franciscipetrar00fracgoog_0252.png"; bbox 0 0 2804 4656; ppageno 0'>
   <div class='ocr_carea' id='block_1_1' title="bbox 290 292 1195 357">
    <p class='ocr_par' dir='ltr' id='par_1_1' title="bbox 290 292 1195 357">
     <span class='ocr_line' id='line_1_1' title="bbox 290 292 1195 357; baseline -0.003 -1"><span class='ocrx_word' id='word_1_1' title='bbox 290 308 383 357; x_wconf 69' lang='lat' dir='ltr'>slusa</span> <span class='ocrx_word' id='word_1_2' title='bbox 404 307 928 357; x_wconf 70' lang='lat' dir='ltr'>vlcssslllusluuslus&#39;.-urlsuotn</span> <span class='ocrx_word' id='word_1_3' title='bbox 950 309 1034 357; x_wconf 87' lang='lat' dir='ltr'>llVlll.</span> <span class='ocrx_word' id='word_1_4' title='bbox 1135 292 1195 354; x_wconf 69' lang='lat'>235</span> 
     </span>
    </p>
   </div>
   <div class='ocr_carea' id='block_1_2' title="bbox 115 453 1207 2629">
    <p class='ocr_par' dir='ltr' id='par_1_2' title="bbox 115 453 1207 2629">
     <span class='ocr_line' id='line_1_2' title="bbox 116 453 1196 547; baseline 0 -23"><span class='ocrx_word' id='word_1_5' title='bbox 116 456 175 526; x_wconf 91' lang='lat' dir='ltr'>illa</span> <span class='ocrx_word' id='word_1_6' title='bbox 200 463 422 547; x_wconf 84' lang='lat' dir='ltr'>praeteream,</span> <span class='ocrx_word' id='word_1_7' title='bbox 449 475 518 524; x_wconf 93' lang='lat' dir='ltr'>non</span> <span class='ocrx_word' id='word_1_8' title='bbox 551 453 618 524; x_wconf 90' lang='lat' dir='ltr'>hoc</span> <span class='ocrx_word' id='word_1_9' title='bbox 645 455 778 526; x_wconf 83' lang='lat' dir='ltr'>calamo</span> <span class='ocrx_word' id='word_1_10' title='bbox 803 456 898 547; x_wconf 92' lang='lat' dir='ltr'>inopi</span> <span class='ocrx_word' id='word_1_11' title='bbox 925 455 988 526; x_wconf 89' lang='lat' dir='ltr'>sed</span> <span class='ocrx_word' id='word_1_12' title='bbox 1006 457 1196 526; x_wconf 51' lang='lat' dir='ltr'>‘Homerico</span> 
     </span>
     <span class='ocr_line' id='line_1_3' title="bbox 115 550 1194 668; baseline -0.003 -20"><span class='ocrx_word' id='word_1_13' title='bbox 115 578 222 668; x_wconf 77' lang='lat' dir='ltr'>digna</span> <span class='ocrx_word' id='word_1_14' title='bbox 256 550 441 668; x_wconf 79' lang='lat' dir='ltr'>praeconio,</span> <span class='ocrx_word' id='word_1_15' title='bbox 477 597 590 667; x_wconf 89' lang='lat' dir='ltr'>neque</span> <span class='ocrx_word' id='word_1_16' title='bbox 623 577 779 668; x_wconf 84' lang='lat' dir='ltr'>epistolae</span> <span class='ocrx_word' id='word_1_17' title='bbox 809 575 987 647; x_wconf 81' lang='lat' dir='ltr'>materiam</span> <span class='ocrx_word' id='word_1_18' title='bbox 1015 577 1076 647; x_wconf 89' lang='lat' dir='ltr'>sed</span> <span class='ocrx_word' id='word_1_19' title='bbox 1104 575 1194 657; x_wconf 89' lang='lat' dir='ltr'>libri,</span> 
     </span>
     <span class='ocr_line' id='line_1_4' title="bbox 117 697 1196 792; baseline 0 -21"><span class='ocrx_word' id='word_1_20' title='bbox 117 697 413 792; x_wconf 84' lang='lat' dir='ltr'>quemadmodum</span> <span class='ocrx_word' id='word_1_21' title='bbox 432 700 487 767; x_wconf 85' lang='lat' dir='ltr'>vel</span> <span class='ocrx_word' id='word_1_22' title='bbox 506 697 594 769; x_wconf 90' lang='lat' dir='ltr'>bella</span> <span class='ocrx_word' id='word_1_23' title='bbox 616 700 722 768; x_wconf 90' lang='lat' dir='ltr'>armis</span> <span class='ocrx_word' id='word_1_24' title='bbox 743 707 778 768; x_wconf 89' lang='lat' dir='ltr'>et</span> <span class='ocrx_word' id='word_1_25' title='bbox 798 699 970 769; x_wconf 77' lang='lat' dir='ltr'>castrensi</span> <span class='ocrx_word' id='word_1_26' title='bbox 987 699 1122 791; x_wconf 88' lang='lat' dir='ltr'>peritia,</span> <span class='ocrx_word' id='word_1_27' title='bbox 1141 703 1196 771; x_wconf 90' lang='lat' dir='ltr'>vel</span> 
     </span>
     <span class='ocr_line' id='line_1_5' title="bbox 117 819 1197 912; baseline -0.003 -20"><span class='ocrx_word' id='word_1_28' title='bbox 117 820 256 911; x_wconf 79' lang='lat' dir='ltr'>legibus</span> <span class='ocrx_word' id='word_1_29' title='bbox 285 821 341 890; x_wconf 92' lang='lat' dir='ltr'>vel</span> <span class='ocrx_word' id='word_1_30' title='bbox 373 819 465 889; x_wconf 87' lang='lat' dir='ltr'>civili</span> <span class='ocrx_word' id='word_1_31' title='bbox 496 820 625 889; x_wconf 91' lang='lat' dir='ltr'>iustitia</span> <span class='ocrx_word' id='word_1_32' title='bbox 657 842 777 912; x_wconf 90' lang='lat' dir='ltr'>pacem</span> <span class='ocrx_word' id='word_1_33' title='bbox 810 843 926 912; x_wconf 79' lang='lat' dir='ltr'>regas.</span> <span class='ocrx_word' id='word_1_34' title='bbox 954 819 1107 902; x_wconf 86' lang='lat' dir='ltr'>Quarum</span> <span class='ocrx_word' id='word_1_35' title='bbox 1139 821 1197 891; x_wconf 89' lang='lat' dir='ltr'>tibi</span> 
     </span>
     <span class='ocr_line' id='line_1_6' title="bbox 119 941 1200 1034; baseline -0.002 -18"><span class='ocrx_word' id='word_1_36' title='bbox 119 945 289 1016; x_wconf 84' lang='lat' dir='ltr'>hacteuus</span> <span class='ocrx_word' id='word_1_37' title='bbox 322 941 657 1034; x_wconf 87' lang='lat' dir='ltr'>artinmNeapolis,</span> <span class='ocrx_word' id='word_1_38' title='bbox 691 952 726 1012; x_wconf 93' lang='lat' dir='ltr'>et</span> <span class='ocrx_word' id='word_1_39' title='bbox 759 944 817 1013; x_wconf 92' lang='lat' dir='ltr'>illa</span> <span class='ocrx_word' id='word_1_40' title='bbox 850 954 928 1014; x_wconf 88' lang='lat' dir='ltr'>ante</span> <span class='ocrx_word' id='word_1_41' title='bbox 956 944 1042 1014; x_wconf 92' lang='lat' dir='ltr'>alios</span> <span class='ocrx_word' id='word_1_42' title='bbox 1064 943 1200 1015; x_wconf 91' lang='lat' dir='ltr'>laudata</span> 
     </span>
     <span class='ocr_line' id='line_1_7' title="bbox 120 1065 1199 1158; baseline -0.001 -22"><span class='ocrx_word' id='word_1_43' title='bbox 120 1066 327 1158; x_wconf 83' lang='lat' dir='ltr'>Campania3</span> <span class='ocrx_word' id='word_1_44' title='bbox 349 1065 574 1135; x_wconf 82' lang='lat' dir='ltr'>nunosicilia</span> <span class='ocrx_word' id='word_1_45' title='bbox 607 1074 661 1136; x_wconf 89' lang='lat' dir='ltr'>est</span> <span class='ocrx_word' id='word_1_46' title='bbox 695 1067 809 1150; x_wconf 78' lang='lat' dir='ltr'>testiS,</span> <span class='ocrx_word' id='word_1_47' title='bbox 847 1078 882 1137; x_wconf 91' lang='lat' dir='ltr'>et</span> <span class='ocrx_word' id='word_1_48' title='bbox 916 1065 1093 1137; x_wconf 80' lang='lat' dir='ltr'><strong>Arethusa</strong></span> <span class='ocrx_word' id='word_1_49' title='bbox 1131 1067 1199 1136; x_wconf 91' lang='lat' dir='ltr'>iam</span> 
     </span>
     <span class='ocr_line' id='line_1_8' title="bbox 120 1189 1202 1285; baseline 0.001 -25"><span class='ocrx_word' id='word_1_50' title='bbox 120 1192 243 1272; x_wconf 88' lang='lat' dir='ltr'>laetior,</span> <span class='ocrx_word' id='word_1_51' title='bbox 267 1199 372 1280; x_wconf 89' lang='lat' dir='ltr'>atque</span> <span class='ocrx_word' id='word_1_52' title='bbox 393 1189 521 1259; x_wconf 86' lang='lat' dir='ltr'>AEthna</span> <span class='ocrx_word' id='word_1_53' title='bbox 543 1191 725 1284; x_wconf 85' lang='lat' dir='ltr'>tepentior,</span> <span class='ocrx_word' id='word_1_54' title='bbox 754 1202 789 1261; x_wconf 90' lang='lat' dir='ltr'>et</span> <span class='ocrx_word' id='word_1_55' title='bbox 815 1189 988 1285; x_wconf 83' lang='lat' dir='ltr'>Carybdis</span> <span class='ocrx_word' id='word_1_56' title='bbox 1007 1191 1202 1261; x_wconf 89' lang='lat' dir='ltr'>reverentia</span> 
     </span>
     <span class='ocr_line' id='line_1_9' title="bbox 121 1311 1200 1406; baseline -0.004 -21"><span class='ocrx_word' id='word_1_57' title='bbox 121 1324 191 1385; x_wconf 87' lang='lat' dir='ltr'>tuae</span> <span class='ocrx_word' id='word_1_58' title='bbox 217 1311 338 1383; x_wconf 80' lang='lat' dir='ltr'>frontis</span> <span class='ocrx_word' id='word_1_59' title='bbox 363 1323 399 1383; x_wconf 93' lang='lat' dir='ltr'>et</span> <span class='ocrx_word' id='word_1_60' title='bbox 424 1322 562 1384; x_wconf 88' lang='lat' dir='ltr'>tuorum</span> <span class='ocrx_word' id='word_1_61' title='bbox 588 1324 728 1386; x_wconf 80' lang='lat' dir='ltr'>actuum</span> <span class='ocrx_word' id='word_1_62' title='bbox 762 1312 990 1384; x_wconf 80' lang='lat' dir='ltr'>admiratione</span> <span class='ocrx_word' id='word_1_63' title='bbox 1024 1313 1200 1406; x_wconf 80' lang='lat' dir='ltr'>placatior.</span> 
     </span>
     <span class='ocr_line' id='line_1_10' title="bbox 121 1435 1202 1529; baseline -0.004 -22"><span class='ocrx_word' id='word_1_64' title='bbox 121 1436 234 1507; x_wconf 88' lang='lat' dir='ltr'>Macte</span> <span class='ocrx_word' id='word_1_65' title='bbox 254 1435 384 1506; x_wconf 87' lang='lat' dir='ltr'>virtute</span> <span class='ocrx_word' id='word_1_66' title='bbox 407 1435 596 1529; x_wconf 90' lang='lat' dir='ltr'>multiplici,</span> <span class='ocrx_word' id='word_1_67' title='bbox 622 1445 727 1528; x_wconf 89' lang='lat' dir='ltr'>atque</span> <span class='ocrx_word' id='word_1_68' title='bbox 747 1438 781 1505; x_wconf 94' lang='lat' dir='ltr'>in</span> <span class='ocrx_word' id='word_1_69' title='bbox 804 1436 926 1529; x_wconf 90' lang='lat' dir='ltr'>primis</span> <span class='ocrx_word' id='word_1_70' title='bbox 952 1456 1073 1505; x_wconf 91' lang='lat' dir='ltr'>omnes</span> <span class='ocrx_word' id='word_1_71' title='bbox 1098 1435 1202 1505; x_wconf 91' lang='lat' dir='ltr'>animi</span> 
     </span>
     <span class='ocr_line' id='line_1_11' title="bbox 122 1557 1202 1653; baseline 0 -25"><span class='ocrx_word' id='word_1_72' title='bbox 122 1559 222 1628; x_wconf 88' lang='lat' dir='ltr'>dotes</span> <span class='ocrx_word' id='word_1_73' title='bbox 243 1557 434 1629; x_wconf 90' lang='lat' dir='ltr'>adornante</span> <span class='ocrx_word' id='word_1_74' title='bbox 455 1559 641 1643; x_wconf 88' lang='lat' dir='ltr'>modestia,-</span> <span class='ocrx_word' id='word_1_75' title='bbox 664 1561 721 1652; x_wconf 90' lang='lat' dir='ltr'>qui</span> <span class='ocrx_word' id='word_1_76' title='bbox 745 1559 806 1631; x_wconf 91' lang='lat' dir='ltr'>tibi</span> <span class='ocrx_word' id='word_1_77' title='bbox 831 1560 924 1653; x_wconf 90' lang='lat' dir='ltr'>apud</span> <span class='ocrx_word' id='word_1_78' title='bbox 949 1567 1109 1652; x_wconf 87' lang='lat' dir='ltr'>posteros</span> <span class='ocrx_word' id='word_1_79' title='bbox 1134 1581 1202 1630; x_wconf 92' lang='lat' dir='ltr'>non</span> 
     </span>
     <span class='ocr_line' id='line_1_12' title="bbox 124 1678 1204 1773; baseline -0.001 -23"><span class='ocrx_word' id='word_1_80' title='bbox 124 1681 292 1750; x_wconf 86' lang='lat' dir='ltr'>minorem</span> <span class='ocrx_word' id='word_1_81' title='bbox 313 1701 360 1748; x_wconf 85' lang='lat' dir='ltr'>ex</span> <span class='ocrx_word' id='word_1_82' title='bbox 380 1678 436 1749; x_wconf 90' lang='lat' dir='ltr'>his</span> <span class='ocrx_word' id='word_1_83' title='bbox 457 1680 562 1771; x_wconf 81' lang='lat' dir='ltr'>nugis</span> <span class='ocrx_word' id='word_1_84' title='bbox 585 1681 673 1752; x_wconf 91' lang='lat' dir='ltr'>meis</span> <span class='ocrx_word' id='word_1_85' title='bbox 690 1703 795 1773; x_wconf 89' lang='lat' dir='ltr'>quam</span> <span class='ocrx_word' id='word_1_86' title='bbox 815 1703 862 1752; x_wconf 87' lang='lat' dir='ltr'>ex</span> <span class='ocrx_word' id='word_1_87' title='bbox 883 1681 976 1751; x_wconf 93' lang='lat' dir='ltr'>omni</span> <span class='ocrx_word' id='word_1_88' title='bbox 994 1690 1053 1752; x_wconf 92' lang='lat' dir='ltr'>tua</span> <span class='ocrx_word' id='word_1_89' title='bbox 1071 1681 1204 1773; x_wconf 79' lang='lat' dir='ltr'>magni-</span> 
     </span>
     <span class='ocr_line' id='line_1_13' title="bbox 125 1791 1204 1897; baseline 0.002 -27"><span class='ocrx_word' id='word_1_90' title='bbox 125 1801 243 1872; x_wconf 78' lang='lat' dir='ltr'>tudine</span> <span class='ocrx_word' id='word_1_91' title='bbox 260 1803 387 1871; x_wconf 89' lang='lat' dir='ltr'>lamam</span> <span class='ocrx_word' id='word_1_92' title='bbox 406 1823 543 1894; x_wconf 78' lang='lat' dir='ltr'>spereS,</span> <span class='ocrx_word' id='word_1_93' title='bbox 563 1791 668 1895; x_wconf 65' lang='lat' dir='ltr'>idque</span> <span class='ocrx_word' id='word_1_94' title='bbox 685 1823 843 1897; x_wconf 84' lang='lat' dir='ltr'>persaepe</span> <span class='ocrx_word' id='word_1_95' title='bbox 861 1803 930 1873; x_wconf 91' lang='lat' dir='ltr'>tuis</span> <span class='ocrx_word' id='word_1_96' title='bbox 947 1803 992 1874; x_wconf 91' lang='lat' dir='ltr'>ad</span> <span class='ocrx_word' id='word_1_97' title='bbox 1011 1824 1065 1874; x_wconf 90' lang='lat' dir='ltr'>me</span> <span class='ocrx_word' id='word_1_98' title='bbox 1082 1802 1204 1873; x_wconf 89' lang='lat' dir='ltr'>litteris</span> 
     </span>
     <span class='ocr_line' id='line_1_14' title="bbox 125 1923 1205 2009; baseline -0.001 -16"><span class='ocrx_word' id='word_1_99' title='bbox 125 1926 275 1994; x_wconf 82' lang='lat' dir='ltr'>fateare:</span> <span class='ocrx_word' id='word_1_100' title='bbox 310 1944 410 1995; x_wconf 90' lang='lat' dir='ltr'>error</span> <span class='ocrx_word' id='word_1_101' title='bbox 434 1925 592 1994; x_wconf 82' lang='lat' dir='ltr'>fortassis</span> <span class='ocrx_word' id='word_1_102' title='bbox 619 1923 804 2009; x_wconf 87' lang='lat' dir='ltr'>honestior,</span> <span class='ocrx_word' id='word_1_103' title='bbox 829 1926 892 1996; x_wconf 89' lang='lat' dir='ltr'>sed</span> <span class='ocrx_word' id='word_1_104' title='bbox 923 1946 993 2007; x_wconf 81' lang='lat' dir='ltr'>non</span> <span class='ocrx_word' id='word_1_105' title='bbox 1023 1925 1135 1994; x_wconf 90' lang='lat' dir='ltr'>minor</span> <span class='ocrx_word' id='word_1_106' title='bbox 1159 1944 1205 1993; x_wconf 83' lang='lat' dir='ltr'>ex</span> 
     </span>
     <span class='ocr_line' id='line_1_15' title="bbox 126 2024 1206 2139; baseline -0.003 -23"><span class='ocrx_word' id='word_1_107' title='bbox 126 2024 243 2116; x_wconf 81' lang='lat' dir='ltr'>amore</span> <span class='ocrx_word' id='word_1_108' title='bbox 264 2047 391 2116; x_wconf 90' lang='lat' dir='ltr'>oriens.</span> <span class='ocrx_word' id='word_1_109' title='bbox 413 2047 489 2137; x_wconf 84' lang='lat' dir='ltr'>Ego</span> <span class='ocrx_word' id='word_1_110' title='bbox 509 2068 596 2116; x_wconf 86' lang='lat' dir='ltr'>vero</span> <span class='ocrx_word' id='word_1_111' title='bbox 615 2068 683 2117; x_wconf 93' lang='lat' dir='ltr'>non</span> <span class='ocrx_word' id='word_1_112' title='bbox 705 2048 818 2118; x_wconf 85' lang='lat' dir='ltr'>dicam</span> <span class='ocrx_word' id='word_1_113' title='bbox 836 2048 929 2139; x_wconf 93' lang='lat' dir='ltr'>apud</span> <span class='ocrx_word' id='word_1_114' title='bbox 950 2048 1026 2117; x_wconf 92' lang='lat' dir='ltr'>illos</span> <span class='ocrx_word' id='word_1_115' title='bbox 1048 2047 1108 2137; x_wconf 88' lang='lat' dir='ltr'>qui</span> <span class='ocrx_word' id='word_1_116' title='bbox 1129 2055 1206 2136; x_wconf 92' lang='lat' dir='ltr'>post</span> 
     </span>
     <span class='ocr_line' id='line_1_16' title="bbox 126 2164 1205 2261; baseline -0.003 -22"><span class='ocrx_word' id='word_1_117' title='bbox 126 2191 182 2239; x_wconf 91' lang='lat' dir='ltr'>me</span> <span class='ocrx_word' id='word_1_118' title='bbox 215 2179 416 2254; x_wconf 86' lang='lat' dir='ltr'>nascentur,</span> <span class='ocrx_word' id='word_1_119' title='bbox 444 2169 489 2239; x_wconf 91' lang='lat' dir='ltr'>ad</span> <span class='ocrx_word' id='word_1_120' title='bbox 514 2190 602 2261; x_wconf 90' lang='lat' dir='ltr'>quos</span> <span class='ocrx_word' id='word_1_121' title='bbox 634 2170 751 2240; x_wconf 90' lang='lat' dir='ltr'>nescio</span> <span class='ocrx_word' id='word_1_122' title='bbox 777 2193 820 2240; x_wconf 93' lang='lat' dir='ltr'>au</span> <span class='ocrx_word' id='word_1_123' title='bbox 849 2169 1034 2258; x_wconf 81' lang='lat' dir='ltr'>vestigium</span> <span class='ocrx_word' id='word_1_124' title='bbox 1066 2164 1205 2258; x_wconf 84' lang='lat' dir='ltr'>aliquod</span> 
     </span>
     <span class='ocr_line' id='line_1_17' title="bbox 127 2289 1207 2385; baseline -0.003 -25"><span class='ocrx_word' id='word_1_125' title='bbox 127 2292 194 2362; x_wconf 91' lang='lat' dir='ltr'>mei</span> <span class='ocrx_word' id='word_1_126' title='bbox 217 2291 364 2362; x_wconf 88' lang='lat' dir='ltr'>nominis</span> <span class='ocrx_word' id='word_1_127' title='bbox 386 2292 431 2360; x_wconf 91' lang='lat' dir='ltr'>sit</span> <span class='ocrx_word' id='word_1_128' title='bbox 453 2301 653 2375; x_wconf 89' lang='lat' dir='ltr'>venturum,</span> <span class='ocrx_word' id='word_1_129' title='bbox 677 2292 738 2362; x_wconf 90' lang='lat' dir='ltr'>sed</span> <span class='ocrx_word' id='word_1_130' title='bbox 759 2291 850 2384; x_wconf 92' lang='lat' dir='ltr'>apud</span> <span class='ocrx_word' id='word_1_131' title='bbox 873 2300 1066 2385; x_wconf 89' lang='lat' dir='ltr'>praesentes</span> <span class='ocrx_word' id='word_1_132' title='bbox 1088 2289 1207 2378; x_wconf 90' lang='lat' dir='ltr'>utique</span> 
     </span>
     <span class='ocr_line' id='line_1_18' title="bbox 130 2411 1205 2506; baseline -0.006 -21"><span class='ocrx_word' id='word_1_133' title='bbox 130 2415 212 2485; x_wconf 88' lang='lat' dir='ltr'>tanti</span> <span class='ocrx_word' id='word_1_134' title='bbox 234 2414 301 2484; x_wconf 92' lang='lat' dir='ltr'>viri</span> <span class='ocrx_word' id='word_1_135' title='bbox 326 2415 473 2506; x_wconf 81' lang='lat' dir='ltr'>gratiam</span> <span class='ocrx_word' id='word_1_136' title='bbox 502 2435 570 2484; x_wconf 94' lang='lat' dir='ltr'>non</span> <span class='ocrx_word' id='word_1_137' title='bbox 596 2414 715 2487; x_wconf 90' lang='lat' dir='ltr'>diffido</span> <span class='ocrx_word' id='word_1_138' title='bbox 749 2413 869 2506; x_wconf 83' lang='lat' dir='ltr'>gloriae</span> <span class='ocrx_word' id='word_1_139' title='bbox 893 2411 978 2482; x_wconf 90' lang='lat' dir='ltr'>mihi</span> <span class='ocrx_word' id='word_1_140' title='bbox 1002 2414 1098 2482; x_wconf 87' lang='lat' dir='ltr'>fore:</span> <span class='ocrx_word' id='word_1_141' title='bbox 1126 2433 1205 2482; x_wconf 91' lang='lat' dir='ltr'>nam</span> 
     </span>
     <span class='ocr_line' id='line_1_19' title="bbox 130 2535 1207 2629; baseline -0.002 -22"><span class='ocrx_word' id='word_1_142' title='bbox 130 2535 255 2627; x_wconf 82' lang='lat' dir='ltr'>gaudio</span> <span class='ocrx_word' id='word_1_143' title='bbox 279 2537 421 2627; x_wconf 88' lang='lat' dir='ltr'>quidem</span> <span class='ocrx_word' id='word_1_144' title='bbox 445 2547 480 2608; x_wconf 92' lang='lat' dir='ltr'>et</span> <span class='ocrx_word' id='word_1_145' title='bbox 505 2537 764 2609; x_wconf 86' lang='lat' dir='ltr'>honestissimae</span> <span class='ocrx_word' id='word_1_146' title='bbox 802 2535 971 2629; x_wconf 91' lang='lat' dir='ltr'>voluptati</span> <span class='ocrx_word' id='word_1_147' title='bbox 1006 2556 1075 2604; x_wconf 92' lang='lat' dir='ltr'>non</span> <span class='ocrx_word' id='word_1_148' title='bbox 1105 2553 1207 2625; x_wconf 89' lang='lat' dir='ltr'>spero</span> 
     </span>
    </p>
   </div>
   <div class='ocr_carea' id='block_1_3' title="bbox 129 2656 1208 2866">
    <p class='ocr_par' dir='ltr' id='par_1_3' title="bbox 129 2656 1208 2866">
     <span class='ocr_line' id='line_1_20' title="bbox 129 2656 1208 2752; baseline -0.003 -24"><span class='ocrx_word' id='word_1_149' title='bbox 129 2660 220 2729; x_wconf 90' lang='lat' dir='ltr'>illam</span> <span class='ocrx_word' id='word_1_150' title='bbox 243 2659 325 2729; x_wconf 90' lang='lat' dir='ltr'>mihi</span> <span class='ocrx_word' id='word_1_151' title='bbox 347 2681 444 2746; x_wconf 88' lang='lat' dir='ltr'>esse,</span> <span class='ocrx_word' id='word_1_152' title='bbox 472 2661 533 2732; x_wconf 90' lang='lat' dir='ltr'>sed</span> <span class='ocrx_word' id='word_1_153' title='bbox 556 2661 678 2731; x_wconf 89' lang='lat' dir='ltr'>sentio.</span> <span class='ocrx_word' id='word_1_154' title='bbox 702 2659 907 2752; x_wconf 88' lang='lat' dir='ltr'>Sanequod</span> <span class='ocrx_word' id='word_1_155' title='bbox 928 2656 1089 2751; x_wconf 87' lang='lat' dir='ltr'>parvitati</span> <span class='ocrx_word' id='word_1_156' title='bbox 1122 2677 1208 2726; x_wconf 88' lang='lat' dir='ltr'>meae</span> 
     </span>
     <span class='ocr_line' id='line_1_21' title="bbox 130 2774 1205 2866; baseline -0.004 -23"><span class='ocrx_word' id='word_1_157' title='bbox 130 2774 401 2866; x_wconf 78' lang='lat' dir='ltr'>magnitudinem</span> <span class='ocrx_word' id='word_1_158' title='bbox 436 2789 528 2846; x_wconf 90' lang='lat' dir='ltr'>tuam</span> <span class='ocrx_word' id='word_1_159' title='bbox 555 2777 672 2857; x_wconf 69' lang='lat' dir='ltr'>offers</span> <span class='ocrx_word' id='word_1_160' title='bbox 699 2775 863 2866; x_wconf 91' lang='lat' dir='ltr'>quodque</span> <span class='ocrx_word' id='word_1_161' title='bbox 890 2774 1049 2844; x_wconf 86' lang='lat' dir='ltr'>affectum</span> <span class='ocrx_word' id='word_1_162' title='bbox 1077 2793 1205 2852; x_wconf 76' lang='lat' dir='ltr'>meum,</span> 
     </span>
    </p>
   </div>
   <div class='ocr_carea' id='block_1_4' title="bbox 129 2893 1221 4214">
    <p class='ocr_par' dir='ltr' id='par_1_4' title="bbox 129 2893 1221 4214">
     <span class='ocr_line' id='line_1_22' title="bbox 129 2893 1209 2988; baseline -0.003 -22"><span class='ocrx_word' id='word_1_163' title='bbox 129 2898 189 2988; x_wconf 89' lang='lat' dir='ltr'>qui</span> <span class='ocrx_word' id='word_1_164' title='bbox 211 2918 315 2986; x_wconf 93' lang='lat' dir='ltr'>quam</span> <span class='ocrx_word' id='word_1_165' title='bbox 337 2897 460 2967; x_wconf 85' lang='lat' dir='ltr'>efficax</span> <span class='ocrx_word' id='word_1_166' title='bbox 480 2898 583 2967; x_wconf 88' lang='lat' dir='ltr'>luerit</span> <span class='ocrx_word' id='word_1_167' title='bbox 603 2898 721 2966; x_wconf 80' lang='lat' dir='ltr'>exitus</span> <span class='ocrx_word' id='word_1_168' title='bbox 742 2905 878 2985; x_wconf 81' lang='lat' dir='ltr'>arguet,</span> <span class='ocrx_word' id='word_1_169' title='bbox 903 2894 965 2964; x_wconf 91' lang='lat' dir='ltr'>sed</span> <span class='ocrx_word' id='word_1_170' title='bbox 987 2893 1081 2963; x_wconf 91' lang='lat' dir='ltr'>haud</span> <span class='ocrx_word' id='word_1_171' title='bbox 1104 2893 1209 2964; x_wconf 91' lang='lat' dir='ltr'>dubie</span> 
     </span>
     <span class='ocr_line' id='line_1_23' title="bbox 130 3015 1208 3097; baseline 0.001 -12"><span class='ocrx_word' id='word_1_172' title='bbox 130 3015 245 3088; x_wconf 92' lang='lat' dir='ltr'>fidelis</span> <span class='ocrx_word' id='word_1_173' title='bbox 262 3017 325 3085; x_wconf 89' lang='lat' dir='ltr'>luit</span> <span class='ocrx_word' id='word_1_174' title='bbox 345 3038 385 3086; x_wconf 93' lang='lat' dir='ltr'>ac</span> <span class='ocrx_word' id='word_1_175' title='bbox 405 3017 575 3097; x_wconf 81' lang='lat' dir='ltr'>fervidus,</span> <span class='ocrx_word' id='word_1_176' title='bbox 595 3015 640 3088; x_wconf 89' lang='lat' dir='ltr'>ad</span> <span class='ocrx_word' id='word_1_177' title='bbox 657 3017 809 3086; x_wconf 87' lang='lat' dir='ltr'>Priorem</span> <span class='ocrx_word' id='word_1_178' title='bbox 827 3026 985 3088; x_wconf 90' lang='lat' dir='ltr'>nostrum</span> <span class='ocrx_word' id='word_1_179' title='bbox 1004 3017 1208 3087; x_wconf 90' lang='lat' dir='ltr'>Sanctorum</span> 
     </span>
     <span class='ocr_line' id='line_1_24' title="bbox 130 3136 1209 3232; baseline -0.003 -23"><span class='ocrx_word' id='word_1_180' title='bbox 130 3139 388 3231; x_wconf 83' lang='lat' dir='ltr'>Apostolorum,</span> <span class='ocrx_word' id='word_1_181' title='bbox 411 3147 446 3210; x_wconf 93' lang='lat' dir='ltr'>et</span> <span class='ocrx_word' id='word_1_182' title='bbox 468 3139 562 3231; x_wconf 91' lang='lat' dir='ltr'>quod</span> <span class='ocrx_word' id='word_1_183' title='bbox 587 3162 650 3232; x_wconf 91' lang='lat' dir='ltr'>pro</span> <span class='ocrx_word' id='word_1_184' title='bbox 674 3139 733 3210; x_wconf 91' lang='lat' dir='ltr'>illo</span> <span class='ocrx_word' id='word_1_185' title='bbox 759 3139 890 3210; x_wconf 90' lang='lat' dir='ltr'>tentavi</span> <span class='ocrx_word' id='word_1_186' title='bbox 911 3138 1060 3209; x_wconf 89' lang='lat' dir='ltr'>mixtum</span> <span class='ocrx_word' id='word_1_187' title='bbox 1086 3136 1209 3229; x_wconf 83' lang='lat' dir='ltr'>gloriae</span> 
     </span>
     <span class='ocr_line' id='line_1_25' title="bbox 132 3260 1210 3354; baseline -0.006 -19"><span class='ocrx_word' id='word_1_188' title='bbox 132 3273 202 3335; x_wconf 85' lang='lat' dir='ltr'>tuae</span> <span class='ocrx_word' id='word_1_189' title='bbox 220 3260 327 3346; x_wconf 86' lang='lat' dir='ltr'>diois,</span> <span class='ocrx_word' id='word_1_190' title='bbox 350 3272 432 3354; x_wconf 92' lang='lat' dir='ltr'>puto</span> <span class='ocrx_word' id='word_1_191' title='bbox 454 3283 516 3334; x_wconf 87' lang='lat' dir='ltr'>nec</span> <span class='ocrx_word' id='word_1_192' title='bbox 536 3263 682 3345; x_wconf 83' lang='lat' dir='ltr'>falleris,</span> <span class='ocrx_word' id='word_1_193' title='bbox 714 3261 820 3353; x_wconf 90' lang='lat' dir='ltr'>inque</span> <span class='ocrx_word' id='word_1_194' title='bbox 841 3260 907 3332; x_wconf 91' lang='lat' dir='ltr'>hoc</span> <span class='ocrx_word' id='word_1_195' title='bbox 928 3271 987 3333; x_wconf 93' lang='lat' dir='ltr'>tuo</span> <span class='ocrx_word' id='word_1_196' title='bbox 1007 3282 1105 3331; x_wconf 88' lang='lat' dir='ltr'>more</span> <span class='ocrx_word' id='word_1_197' title='bbox 1130 3282 1210 3329; x_wconf 82' lang='lat' dir='ltr'>uer-</span> 
     </span>
     <span class='ocr_line' id='line_1_26' title="bbox 133 3361 1211 3476; baseline -0.008 -20"><span class='ocrx_word' id='word_1_198' title='bbox 133 3384 223 3456; x_wconf 88' lang='lat' dir='ltr'>saris</span> <span class='ocrx_word' id='word_1_199' title='bbox 242 3384 568 3456; x_wconf 82' lang='lat' dir='ltr'>commemoratione</span> <span class='ocrx_word' id='word_1_200' title='bbox 589 3384 803 3476; x_wconf 82' lang='lat' dir='ltr'>gratissima,</span> <span class='ocrx_word' id='word_1_201' title='bbox 827 3385 910 3461; x_wconf 87' lang='lat' dir='ltr'>lacis</span> <span class='ocrx_word' id='word_1_202' title='bbox 928 3407 994 3455; x_wconf 93' lang='lat' dir='ltr'>non</span> <span class='ocrx_word' id='word_1_203' title='bbox 1013 3381 1108 3475; x_wconf 88' lang='lat' dir='ltr'>quod</span> <span class='ocrx_word' id='word_1_204' title='bbox 1125 3361 1211 3450; x_wconf 80' lang='lat' dir='ltr'>mini</span> 
     </span>
     <span class='ocr_line' id='line_1_27' title="bbox 132 3505 1211 3600; baseline -0.008 -21"><span class='ocrx_word' id='word_1_205' title='bbox 132 3506 304 3591; x_wconf 88' lang='lat' dir='ltr'>debitum,</span> <span class='ocrx_word' id='word_1_206' title='bbox 326 3509 389 3584; x_wconf 89' lang='lat' dir='ltr'>sed</span> <span class='ocrx_word' id='word_1_207' title='bbox 410 3506 503 3600; x_wconf 89' lang='lat' dir='ltr'>quod</span> <span class='ocrx_word' id='word_1_208' title='bbox 526 3509 599 3592; x_wconf 82' lang='lat' dir='ltr'>tibi,</span> <span class='ocrx_word' id='word_1_209' title='bbox 625 3517 661 3577; x_wconf 93' lang='lat' dir='ltr'>ut</span> <span class='ocrx_word' id='word_1_210' title='bbox 682 3505 725 3578; x_wconf 92' lang='lat' dir='ltr'>ab</span> <span class='ocrx_word' id='word_1_211' title='bbox 745 3508 839 3578; x_wconf 92' lang='lat' dir='ltr'>omni</span> <span class='ocrx_word' id='word_1_212' title='bbox 861 3505 991 3577; x_wconf 89' lang='lat' dir='ltr'>scilicet</span> <span class='ocrx_word' id='word_1_213' title='bbox 1017 3511 1112 3595; x_wconf 89' lang='lat' dir='ltr'>parte</span> <span class='ocrx_word' id='word_1_214' title='bbox 1133 3523 1211 3594; x_wconf 69' lang='lat' dir='ltr'>per</span> 
     </span>
     <span class='ocr_line' id='line_1_28' title="bbox 132 3623 1221 3723; baseline -0.007 -23"><span class='ocrx_word' id='word_1_215' title='bbox 132 3634 244 3701; x_wconf 87' lang='lat' dir='ltr'>lectus</span> <span class='ocrx_word' id='word_1_216' title='bbox 259 3631 319 3700; x_wconf 90' lang='lat' dir='ltr'>sis.</span> <span class='ocrx_word' id='word_1_217' title='bbox 333 3629 481 3700; x_wconf 90' lang='lat' dir='ltr'>Proinde</span> <span class='ocrx_word' id='word_1_218' title='bbox 494 3629 626 3700; x_wconf 87' lang='lat' dir='ltr'>crebris</span> <span class='ocrx_word' id='word_1_219' title='bbox 645 3641 749 3723; x_wconf 88' lang='lat' dir='ltr'>atque</span> <span class='ocrx_word' id='word_1_220' title='bbox 768 3628 959 3720; x_wconf 76' lang='lat' dir='ltr'>magnificis</span> <span class='ocrx_word' id='word_1_221' title='bbox 979 3623 1221 3695; x_wconf 87' lang='lat' dir='ltr'>oblationibus.</span> 
     </span>
     <span class='ocr_line' id='line_1_29' title="bbox 134 3745 1210 3846; baseline -0.009 -23"><span class='ocrx_word' id='word_1_222' title='bbox 134 3754 217 3836; x_wconf 86' lang='lat' dir='ltr'>tuis,</span> <span class='ocrx_word' id='word_1_223' title='bbox 241 3753 270 3822; x_wconf 89' lang='lat' dir='ltr'>si</span> <span class='ocrx_word' id='word_1_224' title='bbox 292 3773 347 3822; x_wconf 87' lang='lat' dir='ltr'>res</span> <span class='ocrx_word' id='word_1_225' title='bbox 370 3753 499 3837; x_wconf 86' lang='lat' dir='ltr'>tulerit,</span> <span class='ocrx_word' id='word_1_226' title='bbox 519 3765 599 3824; x_wconf 86' lang='lat' dir='ltr'>utar</span> <span class='ocrx_word' id='word_1_227' title='bbox 622 3753 753 3846; x_wconf 81' lang='lat' dir='ltr'>ingenti</span> <span class='ocrx_word' id='word_1_228' title='bbox 776 3752 913 3824; x_wconf 89' lang='lat' dir='ltr'>fiducia.</span> <span class='ocrx_word' id='word_1_229' title='bbox 937 3752 996 3819; x_wconf 94' lang='lat' dir='ltr'>llle</span> <span class='ocrx_word' id='word_1_230' title='bbox 1018 3756 1147 3828; x_wconf 92' lang='lat' dir='ltr'>autem,</span> <span class='ocrx_word' id='word_1_231' title='bbox 1166 3745 1210 3815; x_wconf 91' lang='lat' dir='ltr'>de</span> 
     </span>
     <span class='ocr_line' id='line_1_30' title="bbox 134 3867 1211 3966; baseline -0.009 -21"><span class='ocrx_word' id='word_1_232' title='bbox 134 3897 204 3966; x_wconf 89' lang='lat' dir='ltr'>quo</span> <span class='ocrx_word' id='word_1_233' title='bbox 239 3875 429 3966; x_wconf 86' lang='lat' dir='ltr'>loquimur,</span> <span class='ocrx_word' id='word_1_234' title='bbox 465 3886 503 3944; x_wconf 91' lang='lat' dir='ltr'>ut</span> <span class='ocrx_word' id='word_1_235' title='bbox 537 3886 651 3947; x_wconf 90' lang='lat' dir='ltr'>tecum</span> <span class='ocrx_word' id='word_1_236' title='bbox 681 3877 726 3947; x_wconf 91' lang='lat' dir='ltr'>de</span> <span class='ocrx_word' id='word_1_237' title='bbox 759 3887 791 3947; x_wconf 91' lang='lat' dir='ltr'>te</span> <span class='ocrx_word' id='word_1_238' title='bbox 824 3875 960 3957; x_wconf 87' lang='lat' dir='ltr'>sileam,</span> <span class='ocrx_word' id='word_1_239' title='bbox 995 3892 1064 3941; x_wconf 92' lang='lat' dir='ltr'>nou</span> <span class='ocrx_word' id='word_1_240' title='bbox 1097 3867 1211 3938; x_wconf 90' lang='lat' dir='ltr'>estin</span> 
     </span>
     <span class='ocr_line' id='line_1_31' title="bbox 133 3996 1210 4091; baseline -0.007 -22"><span class='ocrx_word' id='word_1_241' title='bbox 133 4021 237 4090; x_wconf 89' lang='lat' dir='ltr'>quem</span> <span class='ocrx_word' id='word_1_242' title='bbox 263 3999 394 4091; x_wconf 90' lang='lat' dir='ltr'>possim</span> <span class='ocrx_word' id='word_1_243' title='bbox 421 3999 521 4090; x_wconf 89' lang='lat' dir='ltr'>quasi</span> <span class='ocrx_word' id='word_1_244' title='bbox 547 4000 582 4069; x_wconf 94' lang='lat' dir='ltr'>in</span> <span class='ocrx_word' id='word_1_245' title='bbox 608 4003 754 4071; x_wconf 88' lang='lat' dir='ltr'>alterum</span> <span class='ocrx_word' id='word_1_246' title='bbox 776 3998 853 4090; x_wconf 93' lang='lat' dir='ltr'>pius</span> <span class='ocrx_word' id='word_1_247' title='bbox 874 3996 962 4067; x_wconf 90' lang='lat' dir='ltr'>dici:</span> <span class='ocrx_word' id='word_1_248' title='bbox 985 4015 1109 4086; x_wconf 91' lang='lat' dir='ltr'>nempe</span> <span class='ocrx_word' id='word_1_249' title='bbox 1130 4014 1210 4086; x_wconf 90' lang='lat' dir='ltr'>pars</span> 
     </span>
     <span class='ocr_line' id='line_1_32' title="bbox 135 4113 1213 4214; baseline -0.007 -25"><span class='ocrx_word' id='word_1_250' title='bbox 135 4120 202 4190; x_wconf 91' lang='lat' dir='ltr'>mei</span> <span class='ocrx_word' id='word_1_251' title='bbox 227 4133 295 4204; x_wconf 92' lang='lat' dir='ltr'>est,</span> <span class='ocrx_word' id='word_1_252' title='bbox 321 4132 426 4213; x_wconf 92' lang='lat' dir='ltr'>atque</span> <span class='ocrx_word' id='word_1_253' title='bbox 453 4143 544 4194; x_wconf 89' lang='lat' dir='ltr'>unus</span> <span class='ocrx_word' id='word_1_254' title='bbox 568 4145 614 4192; x_wconf 89' lang='lat' dir='ltr'>ex</span> <span class='ocrx_word' id='word_1_255' title='bbox 641 4123 774 4214; x_wconf 85' lang='lat' dir='ltr'>paucis,</span> <span class='ocrx_word' id='word_1_256' title='bbox 797 4120 856 4211; x_wconf 87' lang='lat' dir='ltr'>qui</span> <span class='ocrx_word' id='word_1_257' title='bbox 877 4119 961 4190; x_wconf 92' lang='lat' dir='ltr'>mihi</span> <span class='ocrx_word' id='word_1_258' title='bbox 981 4117 1016 4188; x_wconf 93' lang='lat' dir='ltr'>in</span> <span class='ocrx_word' id='word_1_259' title='bbox 1036 4118 1102 4188; x_wconf 91' lang='lat' dir='ltr'>hoc</span> <span class='ocrx_word' id='word_1_260' title='bbox 1122 4113 1213 4206; x_wconf 92' lang='lat' dir='ltr'>rapi-</span> 
     </span>
    </p>
   </div>
   <div class='ocr_carea' id='block_1_5' title="bbox 0 0 1426 4656">
    <p class='ocr_par' dir='ltr' id='par_1_5' title="bbox 0 0 1426 4656">
     <span class='ocr_line' id='line_1_33' title="bbox 0 0 1426 4656; baseline 0 0"><span class='ocrx_word' id='word_1_261' title='bbox 0 0 1426 4656; x_wconf 95' lang='lat' dir='ltr'> </span> 
     </span>
    </p>
   </div>
  </div>
 </body>
</html>
