2730 4680
192 324 230 382 3d
525 335 565 382 nd
589 335 688 384 uttssus
711 336 933 385 xitutttautttus

190 474 255 544 viri
278 472 459 563 castigatio
480 476 571 543 iusta
592 483 662 555 est,
681 495 746 545 nec
763 472 868 544 modo
885 473 990 559 iusta,
1007 474 1070 546 sed
1084 486 1195 567 grata,
1213 479 1276 549 sed

190 597 356 681 iucunda,
374 598 437 668 sed
449 599 574 669 dulcis.
590 598 634 666 At
648 599 677 667 si
697 598 766 667 mei
784 597 1014 682 meminisses
1030 621 1132 691 quem
1149 600 1197 671 tui
1215 602 1274 672 tibi

190 721 293 813 fingis
311 722 471 808 oblitum,
491 744 604 814 neque
621 721 681 791 tibi
698 721 835 813 penitus
849 723 1090 815 persuasisses
1104 748 1160 796 me
1173 728 1275 817 quasi

191 844 333 916 Circaeis
354 847 487 940 poculis
512 845 631 915 nescio
650 843 780 937 quibus
810 843 943 914 divitiis
971 848 1274 932 transformatum,

189 991 257 1040 non
280 969 343 1040 hoc
363 968 574 1061 contemptui
595 966 816 1039 adscriberes
839 967 902 1039 sed
920 977 1066 1040 naturae.
1099 971 1186 1042 Nota
1212 969 1277 1041 tibi

189 1091 323 1183 pridem
345 1091 489 1163 tarditas
511 1112 588 1162 mea
609 1101 675 1174 est,
703 1076 740 1160 et
772 1091 967 1184 occupatio,
990 1102 1026 1163 et
1054 1114 1164 1178 curae,
1192 1116 1277 1188 quae

188 1217 351 1286 inclinata
371 1216 437 1286 iam
459 1215 528 1301 die,
548 1215 653 1286 crede
672 1215 768 1299 mihi,
796 1215 990 1287 viatoribus
1017 1217 1169 1288 acriores
1195 1240 1277 1290 esse

189 1343 312 1410 solent.
334 1339 477 1410 Accedit
496 1351 531 1408 et
549 1340 693 1430 penuria
714 1339 924 1411 nuntiorum.
946 1341 1115 1423 Quamvis
1128 1341 1224 1413 enim
1237 1354 1276 1414 tu

188 1464 274 1533 mihi
291 1486 394 1555 quam
417 1463 525 1533 miror
541 1463 855 1556 exquisitissimam
877 1464 1005 1535 aedium
1028 1467 1277 1560 insolitamque

188 1585 482 1677 magnificentiam
512 1584 697 1676 obieceris,
730 1609 797 1678 ego
833 1598 947 1658 tamen
966 1587 1081 1659 adhuc
1098 1588 1277 1660 Ambrosii

189 1708 320 1801 hospes
342 1729 434 1792 sum,
458 1719 493 1778 et
514 1708 547 1776 iu
568 1717 726 1779 extremo
747 1708 898 1779 civitatis
916 1711 1044 1799 angulo
1060 1731 1153 1804 saepe
1168 1711 1275 1782 etiam

189 1855 271 1903 rure
292 1831 446 1917 abditus,
469 1832 554 1923 quid
575 1844 656 1924 agat
678 1832 762 1902 urbs
780 1831 912 1905 nescio.
932 1833 984 1902 Tu
1001 1856 1087 1905 vero
1102 1834 1170 1904 iam
1185 1837 1275 1920 vale,

189 1967 293 2049 teque
315 1956 343 2027 si
365 1964 463 2050 potes
482 1956 526 2026 ad
548 1955 761 2027 credendum
777 1978 864 2048 coge
878 1978 932 2026 me
946 1978 1009 2027 nec
1022 1957 1167 2030 divitem
1182 1979 1276 2042 esse,

190 2103 254 2150 nec
274 2079 428 2172 inopem,
451 2090 487 2150 et
503 2079 665 2173 quisquis
687 2079 762 2164 sim,
786 2079 978 2173 quamlibet
999 2103 1067 2152 non
1094 2081 1207 2154 dicam
1225 2094 1277 2156 ta-

191 2203 281 2275 citus
302 2203 366 2294 sed
383 2216 502 2277 mutus
519 2204 656 2290 fuerim,
681 2214 779 2276 tuum
800 2225 892 2276 esse,

334 2349 496 2417 Mediolani,
513 2349 609 2403 lethus
624 2349 737 2418 Aprilis.

610 2782 789 2845 EPISTULA
810 2784 855 2855 tx.

586 2947 628 2993 nt)
642 2947 731 2995 'TRES
753 2948 879 2996 Atttces

476 3084 510 3135 Se
523 3082 578 3135 illis
593 3082 716 3136 inridere
731 3084 805 3154 quod
820 3100 876 3137 una
891 3084 991 3137 vivant.

294 3321 489 3414 Tricipitem
510 3321 690 3415 epistolam
713 3320 824 3393 tribus
846 3321 983 3413 magnis
1016 3332 1149 3393 textam
1182 3324 1276 3393 cala-

196 3448 276 3532 miS,
298 3453 334 3516 et
352 3444 440 3516 trino
465 3444 597 3515 murice
620 3445 806 3515 coloratam
843 3455 894 3515 ter
929 3454 964 3515 et
997 3445 1146 3537 amplius
1171 3447 1276 3518 laetus

194 3570 329 3664 aspexi,
353 3567 396 3638 ad
417 3590 522 3660 quam
546 3567 647 3639 modo
665 3567 712 3637 nil
732 3567 826 3638 aliud
847 3568 914 3639 nisi
935 3567 983 3638 nil
1002 3590 1083 3640 esse
1103 3567 1199 3662 quod
1219 3592 1276 3640 ar-

194 3693 341 3765 tificiosa
362 3714 431 3763 non
452 3691 563 3784 possit
579 3691 789 3782 eloquentia,
809 3678 891 3783 qnae
911 3702 1079 3784 quantum
1099 3712 1195 3782 saepe
1212 3712 1276 3785 po-

195 3817 299 3888 tuerit
317 3816 346 3886 si
367 3814 515 3906 exsequi
537 3813 655 3896 velim,
680 3815 813 3905 longior
835 3815 899 3885 sim
929 3837 1034 3906 quam
1066 3825 1202 3904 tempus
1230 3815 1276 3885 ad

194 3938 272 4008 haee
293 3937 476 4009 scribenda
493 3960 710 4023 concessum,
734 3938 828 4032 quod
849 3949 918 4009 tam
934 3936 1042 4009 breve
1055 3946 1122 4019 est,
1138 3947 1176 4007 ut
1189 3935 1275 4007 nihil

194 4059 309 4152 potius
326 4084 431 4152 quam
453 4074 523 4134 tam
542 4085 651 4156 pauca
667 4062 820 4135 scribere
835 4086 933 4134 mens
948 4062 1061 4134 fuerit.
1076 4063 1175 4132 Nunc
1189 4083 1276 4133 sane

195 4207 302 4254 unum
324 4185 433 4276 potuit
453 4186 547 4277 quod
568 4187 779 4278 impossibile
800 4210 947 4283 prorsus
965 4186 1084 4272 rebar,
1106 4198 1142 4258 ut
1160 4186 1275 4280 Baby-
