2940 4650
627 328 782 376 nmsrom
804 329 845 376 vi.
1190 316 1248 378 5⁰23

169 469 373 560 stringenda
405 476 440 539 et
473 468 835 563 laudandasuscepi.
870 470 1027 560 Denique
1060 471 1249 542 iuvenilem

168 603 293 663 aestum
315 593 374 683 qui
397 612 451 662 me
472 592 600 663 multos
621 609 733 662 annos
754 592 890 675 torruit,
916 601 953 662 ut
974 593 1079 675 nosti,
1103 612 1250 687 sperans
1276 580 1282 630 Ὗ

169 712 237 781 illis
272 710 484 810 umbraculis
518 713 644 797 lenire,
675 734 717 785 eo
750 712 817 786 iam
846 713 927 784 inde
949 712 994 784 ab
1017 713 1252 784 adolescentia

170 853 265 926 saepo
298 835 498 926 confugere,
534 835 689 906 velutin
716 856 831 906 arcem
860 834 1129 905 munitissimam
1161 836 1252 903 solo-

169 957 261 1029 bam.
285 957 353 1028 Sed
375 958 462 1028 heu!
494 958 578 1027 mihi
605 960 760 1044 incauto:
781 958 857 1052 ipsa
878 979 1003 1051 nempe
1037 955 1192 1027 remedia
1216 955 1251 1024 in

170 1080 317 1152 exitium
339 1079 579 1152 vertebantur.
606 1081 692 1151 Nam
719 1089 754 1151 et
781 1080 835 1150 his
862 1100 952 1173 quus
980 1099 1114 1150 mecum
1141 1076 1251 1148 addu-

169 1223 297 1274 xeram
328 1202 422 1274 curis
460 1201 746 1283 incendentibus,
782 1211 819 1272 et
852 1202 887 1270 in
922 1212 1017 1273 tantu
1047 1200 1248 1283 solitudine,

170 1328 264 1396 nullo
297 1346 442 1419 prorsus
474 1326 520 1397 ad
553 1324 753 1397 incendium
780 1325 1000 1405 occurrente,
1029 1323 1252 1417 desperatius

169 1445 317 1530 urebar;
339 1448 457 1541 itaque
474 1471 536 1542 per
553 1469 593 1519 os
611 1469 725 1519 meum
747 1448 887 1517 flamma
908 1445 1024 1517 cordis
1045 1466 1250 1537 erumpens,

169 1567 374 1655 miserabili,
404 1571 480 1653 sed,
509 1580 547 1641 ut
571 1570 713 1661 quidam
740 1568 917 1651 diruerunt,
953 1568 1046 1639 dulci
1072 1590 1252 1641 murmure

168 1693 281 1762 valles
301 1693 500 1783 coelumque
521 1691 726 1784 complebat.
748 1691 835 1761 Hinc
856 1691 913 1761 illa
934 1691 1093 1781 vulgaria
1115 1690 1251 1761 iuveni-

171 1813 255 1883 lium
291 1811 446 1883 laborum
473 1831 628 1883 meorum
663 1811 810 1894 cantica,
840 1811 988 1904 quorum
1016 1811 1120 1882 hodie
1146 1811 1253 1903 pudet

170 1953 211 2005 ac
237 1934 394 2027 poenitet,
423 1934 485 2005 sed
511 1933 636 2005 eodem
665 1931 789 2003 morbo
822 1933 967 2016 affectis
1001 1942 1038 2003 ut
1071 1932 1250 2013 videmus,

171 2054 426 2151 acceptissima.
461 2055 552 2138 Quid
586 2054 716 2127 multa?
737 2055 771 2124 Si
792 2076 1023 2147 quaecumque
1045 2054 1143 2140 alibi,
1172 2077 1252 2126 cum

129 2227 132 2234 -
169 2179 224 2250 his
244 2200 326 2271 quae
346 2180 395 2250 ibi
416 2180 553 2271 scripsi,
577 2178 811 2260 conferantur,
833 2181 907 2249 ioca
928 2177 1044 2248 omnia
1065 2180 1163 2249 locus
1179 2180 1249 2260 ille,

169 2322 225 2372 me
244 2300 373 2386 iudice,
396 2301 566 2372 hactenus
590 2310 743 2395 superat.
778 2300 843 2371 Est
872 2298 978 2391 igitur
1004 2300 1141 2392 eritque
1165 2298 1251 2371 dum

168 2422 308 2506 vixero,
343 2422 449 2494 sedes
475 2418 533 2493 illa
559 2421 648 2492 mihi
673 2422 888 2513 gratissima,
925 2423 1252 2494 commemoratione

168 2543 369 2615 iuvenilium
398 2565 575 2627 curarum,
599 2565 746 2635 quarum
774 2565 886 2639 usque
919 2543 963 2614 ad
997 2542 1250 2614 bancaetatem

167 2667 202 2736 in
242 2662 397 2759 reliquiis
435 2665 586 2739 elaboro.
626 2665 861 2736 Veruntamen
904 2665 971 2737 nisi
1016 2664 1250 2759 nosmetipsos

168 2787 327 2870 lallimuS,
342 2788 410 2858 alia
423 2787 586 2881 quaedam
606 2796 689 2856 sunt
705 2788 782 2856 viro
802 2789 981 2859 tractanda
999 2810 1103 2880 quam
1123 2810 1250 2882 puero:

84 2892 86 2895 ¹
168 2919 203 2979 et
228 2930 295 2998 ego
319 2907 415 2978 alind
440 2910 496 2977 illa
521 2916 626 2978 aetate
655 2929 722 2977 uon
748 2905 918 2978 videram.
955 2910 1126 2980 Obstabat
1158 2911 1250 2980 enim

169 3039 263 3100 recto
283 3027 411 3101 iudicio
431 3047 547 3099 caecus
568 3049 686 3109 amor3
708 3025 871 3098 obstabat
892 3030 1006 3100 aetatis
1033 3028 1252 3101 imbecillitas

170 3161 428 3247 paupertasque
460 3149 618 3221 consilii:
652 3148 814 3221 obstabat
840 3151 1035 3223 reverentia
1061 3152 1161 3224 ducis
1189 3174 1250 3223 no-

169 3273 248 3357 stri,
271 3270 339 3344 sub
359 3294 429 3365 quo
449 3292 530 3342 esse
552 3271 660 3364 pluris
680 3281 756 3342 erat
776 3295 877 3365 quam
902 3272 1067 3344 libertas:
1087 3273 1157 3344 imo
1176 3275 1251 3345 sine
1330 3272 1332 3275 ’
1364 3252 1365 3255 ¹

168 3417 239 3487 quo
260 3416 323 3466 nec
343 3393 495 3478 libertas
518 3416 583 3465 nec
603 3394 687 3465 vitae
705 3394 901 3466 iucunditas
924 3398 1026 3487 plena
1044 3409 1129 3466 erat.
1151 3397 1252 3467 Nunc

168 3529 203 3587 ct
223 3517 317 3588 illum
344 3527 379 3588 et
403 3516 574 3610 quidquid
599 3516 701 3589 dulce
727 3527 911 3611 supererat
944 3539 1014 3589 uno
1046 3535 1137 3611 pene
1163 3538 1250 3588 nau-

168 3639 281 3730 fragio
302 3640 505 3722 amisimus3
531 3638 696 3732 quodque
726 3640 799 3711 siue
835 3639 987 3732 suspirio
1016 3640 1083 3710 dici
1109 3641 1248 3733 nequit,

168 3760 405 3832 virentissima
437 3761 518 3832 olim
551 3763 674 3833 laurus
708 3784 803 3845 mea,
840 3762 874 3833 vi
910 3763 1102 3856 repentinae
1137 3763 1247 3857 pestis

115 3926 118 3931 -
168 3881 330 3964 exaruit;
347 3901 428 3973 quae
449 3904 516 3953 una
535 3881 618 3951 mihi
636 3893 703 3952 non
721 3881 879 3974 Sergiam
899 3882 1018 3966 mode,
1034 3883 1097 3955 sed
1111 3886 1249 3955 Druen-

171 4003 250 4075 tiam
269 4003 387 4075 Tioino
405 4005 533 4075 lecerat
549 4003 742 4076 cariorem:
762 4006 962 4097 velumque,
982 4027 1053 4099 quo
1070 4005 1160 4076 oculi
1180 4008 1248 4078 mei

52 4128 56 4134 '
170 4127 387 4218 tegebantur,
406 4127 559 4200 ablatum
578 4139 647 4213 est,
667 4137 705 4198 ut
725 4127 862 4200 videam
882 4128 964 4222 qnid
984 4130 1073 4207 inter
1091 4130 1247 4202 Vallem-
