2730 4680
221 310 258 370 5⁹2
555 322 596 369 DE
618 320 719 370 REBUS
740 318 961 369 FllhllhlhlllBUS
1055 361 1056 364 ,

220 462 283 532 sed
309 461 400 531 ultro
425 461 529 530 etiam
555 457 710 530 oblatum
742 458 771 530 si
801 459 1002 551 reciperem,
1037 467 1075 528 ut
1108 455 1296 529 moderes

220 596 315 670 sunt,
339 596 373 656 et
394 606 509 655 mores
530 584 663 655 ordinis
684 583 792 668 illius
815 581 1011 654 abscissum
1037 580 1153 673 gladio
1178 591 1214 652 et
1238 606 1298 653 ru-

218 706 314 779 henti
332 706 504 799 sanguine
524 706 703 778 madidum
721 717 826 799 caput
842 704 997 800 perdam.
1020 705 1130 776 Crede
1149 705 1248 788 mihi,
1267 708 1297 776 si

219 831 313 923 quod
335 830 370 901 in
389 829 489 902 terris
511 841 567 901 est
586 829 674 913 veri,
696 830 761 899 hoc
781 849 917 911 verum,
937 828 1025 912 sive,
1047 839 1084 898 ut
1102 829 1298 922 emphatice

219 951 381 1035 dixerim,
404 951 535 1023 veritas
552 953 629 1044 ipsa
650 961 715 1021 est.
739 948 840 1034 Quod
857 950 936 1023 ideo
962 953 1012 1022 sic
1037 952 1200 1023 ardenter
1224 953 1298 1025 dis-

219 1074 325 1155 serui,
350 1083 388 1146 ut
408 1096 589 1168 nunquam
607 1073 754 1167 posthae
774 1075 831 1144 vel
851 1094 914 1166 pro
940 1075 999 1145 tali
1023 1074 1080 1145 vel
1105 1096 1168 1165 pro
1194 1075 1298 1146 simili

219 1218 328 1268 causa
348 1197 504 1269 lahorem
525 1196 684 1267 inutilem
707 1197 764 1267 vel
784 1207 823 1267 tu
847 1198 905 1268 vel
930 1196 988 1266 alii
1014 1198 1152 1290 cupiant
1172 1201 1296 1271 amici:

218 1340 331 1413 neque
349 1342 433 1391 vero
450 1341 489 1390 se
507 1319 657 1412 repulsis
676 1317 841 1391 obiiciant
860 1340 923 1411 pro
940 1319 1094 1412 eoquod
1111 1322 1142 1392 si
1158 1320 1299 1413 ingere-

219 1452 315 1514 retur
331 1442 528 1526 abiioerem,
545 1442 721 1535 quodque,
737 1444 767 1513 si
781 1441 974 1524 meministi,
989 1455 1070 1514 ante
1084 1465 1195 1515 annos
1211 1443 1300 1516 duo·

219 1564 344 1650 decim,
362 1565 502 1658 quando
516 1576 551 1636 et
565 1565 690 1650 iunior,
710 1575 746 1636 et
759 1564 887 1636 laboris
901 1565 1099 1658 patientior,
1115 1577 1151 1637 et
1162 1567 1299 1639 dierum

218 1689 347 1780 largior
364 1690 427 1775 fui,
449 1699 485 1760 et
505 1688 612 1759 euriae
635 1698 763 1773 status,
785 1701 821 1760 et
846 1686 1047 1780 pontificum
1073 1689 1174 1762 nohis
1199 1693 1300 1762 lavor

219 1804 322 1898 alius,
345 1813 515 1898 oblatum,
538 1813 660 1884 amicis
681 1813 761 1884 licet
780 1812 1058 1904 indignantibus
1080 1835 1151 1886 non
1171 1816 1298 1908 recepi.

219 1938 296 2021 Quo
316 1958 403 2029 ergo
423 1959 515 2008 nuno
535 1936 667 2021 animo,
690 1958 760 2028 qua
780 1934 849 2006 mei
873 1934 1060 2021 oblivione,
1088 1938 1155 2009 iam
1183 1939 1301 2011 senior

220 2081 403 2132 successor
416 2060 538 2132 alienae
553 2059 780 2132 solicitudinis
799 2054 874 2130 lieri
893 2061 1008 2144 velim,
1023 2082 1136 2153 coque
1148 2062 1300 2155 aspirem

220 2210 290 2279 quo
304 2209 384 2259 cum
398 2184 580 2256 honestius
595 2194 667 2254 tum
686 2183 880 2276 promptius
901 2183 1086 2276 pervenire
1103 2193 1201 2255 ,tanto
1219 2195 1300 2257 ante

219 2309 408 2402 potuerim,
424 2328 495 2400 quo
508 2308 564 2377 vel
578 2308 665 2376 alter
681 2327 872 2397 nunquam,
886 2305 954 2375 nisi
966 2328 1033 2398 ego
1049 2305 1099 2376 illi
1115 2305 1298 2391 cedebam,

219 2432 462 2533 pervenisset?
476 2429 564 2499 Sunt
576 2426 727 2519 quidem,
743 2427 861 2509 fateor,
876 2426 978 2499 otiosi
999 2451 1039 2500 ao
1056 2429 1232 2522 tranquilli
1249 2432 1301 2500 iu-

219 2573 344 2636 venes
367 2551 523 2644 occupati
547 2569 672 2619 senes:
694 2549 784 2621 sicut
810 2553 938 2621 multos
964 2573 1103 2645 quoque
1129 2551 1298 2636 vidimus

220 2696 369 2767 quorum
382 2673 581 2745 castissima
593 2668 919 2758 luitadolescentia,
943 2673 1128 2748 libidinosa
1145 2686 1179 2748 et
1201 2677 1303 2748 lasei-

222 2797 323 2868 viens
341 2806 516 2868 senectus.
539 2796 587 2866 De
608 2793 756 2865 avaritia
774 2804 895 2866 notum
916 2806 971 2866 est
988 2797 1162 2867 communi
1179 2817 1301 2870 senum

149 2910 151 2915 ’
221 2926 293 2994 fere
310 2921 465 2993 omnium
493 2920 631 3004 morbo;
658 2922 825 2992 iuvenum
853 2939 939 2990 vero
964 2940 1034 2990 non
1060 2918 1120 3002 ita,
1147 2921 1302 3012 quinon

222 3059 319 3131 sunt,
342 3054 381 3116 ut
406 3045 454 3115 ait
478 3045 700 3125 Aristoteles
729 3042 956 3134 pecuniarum
983 3052 1170 3114 amatores:
1200 3045 1301 3116 cuius

211 3160 315 3261 'apud
336 3166 484 3239 eundem
511 3165 600 3237 ratio
625 3166 682 3235 illa
707 3176 762 3235 est
787 3165 867 3256 quia
894 3163 1048 3236 nondum
1074 3166 1302 3258 indigentiam

221 3292 357 3386 experti
379 3302 469 3362 sunt.
493 3288 547 3360 An
568 3312 624 3360 me
643 3290 731 3359 forte
748 3288 854 3379 igitur
874 3287 930 3358 his
949 3288 1121 3380 exemplis
1138 3286 1182 3359 de
1203 3289 1303 3381 quie·

223 3415 356 3488 tissime
376 3415 503 3485 iuvene
525 3411 825 3484 laboriosissimum
848 3432 969 3481 senem
991 3409 1064 3482 fieri
1085 3411 1217 3482 vultis?
1242 3419 1303 3481 aut

223 3542 399 3612 unum'ex
419 3538 475 3607 his
495 3538 555 3630 qui
577 3537 652 3608 sani
678 3536 803 3617 iacent,
828 3537 917 3627 aegri
942 3533 1143 3605 ambulant:
1169 3543 1231 3605 aut
1255 3557 1303 3605 ex

223 3664 278 3735 his
300 3662 359 3755 qui
381 3661 462 3732 totis
484 3659 608 3732 diebus
630 3666 794 3742 stertunt,
810 3658 889 3730 totis
911 3655 1070 3730 noctibus
1083 3657 1304 3729 fabulantur?

223 3789 298 3858 Non
321 3808 398 3858 sum
416 3807 463 3856 ex
483 3784 549 3854 hoc
570 3804 691 3875 grege,
711 3781 955 3862 Laeli;cumin
968 3779 1129 3853 omnihus
1144 3780 1302 3872 requiem

224 3908 467 4001 quaesiverim,
491 3907 581 3979 sicut
595 3906 759 3997 scriplum
774 3915 839 3989 est,
853 3915 888 3975 et
902 3926 979 3977 eam
995 3904 1039 3977 ah
1052 3905 1153 3976 annis
1171 3904 1303 3974 teneris

224 4052 336 4123 usque
349 4032 394 4102 ad
406 4029 552 4103 desidiae
568 4029 802 4120 suspicionem
822 4050 961 4123 semper
979 4021 1190 4110 amaverim,
1211 4048 1304 4097 nunc

227 4154 363 4244 penitus
389 4155 472 4225 nihil
500 4175 633 4246 quaer0,
658 4152 740 4222 nihil
768 4174 845 4223 amo
871 4151 979 4233 aliud,
1008 4150 1082 4223 sine
1108 4171 1176 4242 qua
1207 4151 1302 4220 nulla
1339 4207 1341 4211 Α
