2730 4680
326 317 418 365 113311
440 315 830 366 trecentus—narsum
851 317 915 364 11111.
1122 305 1161 364 ta

79 465 186 526 actum
209 454 293 524 vitae
316 465 455 546 tempus
477 452 685 534 adduxeris
708 451 846 523 videbis
868 474 937 524 uno
965 453 1071 527 verbo
1097 458 1160 527 triu

78 599 201 668 magna
228 576 412 648 mendacia
446 579 579 648 nullum
611 578 762 647 ociorem
795 575 953 647 veritatis
985 577 1159 650 habentia.

79 688 210 783 Quibus
226 700 498 785 animadversiS,
518 702 594 794 ipsa
611 701 820 791 veritas'pro
833 701 1030 773 innocentia
1043 712 1161 796 partes

78 835 167 915 aget,
201 823 295 916 ipsa,
329 846 385 895 mo
417 825 531 906 tacito,
568 836 626 896 tua
658 825 869 895 conscientia
904 826 1091 918 perorabit,
1126 838 1162 898 et

79 948 210 1018 amicus
231 947 324 1042 apud
345 952 495 1020 amicum
522 957 709 1018 accusatus
735 945 890 1018 absentis
917 948 1019 1019 amici
1046 961 1162 1042 patro-

79 1072 163 1142 cinio
188 1095 260 1143 non
286 1072 413 1164 egebit.
442 1071 554 1143 Crede
576 1070 675 1157 mihi,
699 1071 795 1155 Laeti,
816 1070 886 1143 imo
911 1071 1074 1164 equidem
1100 1072 1161 1143 tibi

79 1195 177 1267 crede
196 1196 259 1286 qui
276 1197 411 1267 animos
425 1217 611 1288 moresque
630 1196 784 1266 omnium
802 1205 960 1265 nostrum
974 1217 1044 1265 non
1062 1196 1162 1266 alitor

80 1341 181 1411 quarn
206 1318 366 1412 proprios
389 1330 468 1390 tuos
490 1319 595 1400 nosti,
616 1329 650 1389 et
667 1317 827 1389 fortassis
845 1338 888 1389 eo
905 1318 1072 1411 amplius,
1091 1342 1162 1412 quo

80 1442 283 1534 profundius
317 1438 361 1514 et
378 1444 612 1536 incorruptius
639 1443 751 1513 aliena
777 1443 1023 1534 cognoscimus
1056 1465 1161 1534 quam

80 1576 213 1637 nostra:
236 1565 299 1637 tibi
319 1566 423 1637 crede
444 1589 513 1637 non
534 1566 613 1636 alii:
635 1566 774 1637 veritati
801 1566 905 1638 crede
932 1577 1046 1636 tecum
1068 1565 1162 1637 intus

80 1688 249 1759 inanimo
269 1689 492 1782 colloquenti,
515 1711 585 1760 nou
608 1689 643 1758 in
669 1688 814 1760 auribus
840 1688 1058 1782 obstrepenti
1084 1712 1162 1782 per-

80 1808 169 1882 fidiae
185 1811 382 1882 delatorum
399 1839 406 1881 :
424 1813 537 1896 crede,
557 1814 714 1904 inquam,
729 1824 764 1882 et
779 1822 817 1882 ut
835 1825 939 1904 spero
954 1812 1021 1882 iam
1036 1813 1160 1895 credis,

80 1934 170 2024 quod
192 1957 259 2005 nec
284 1937 445 2007 Socrates
470 1936 515 2005 de
541 1956 717 2027 quoquam
745 1937 835 2005 male
862 1933 1043 2019 scriberet,
1071 1947 1106 2006 ct
1132 1937 1162 2007 si

81 2056 119 2128 de
132 2057 308 2141 omuibus,
324 2080 503 2150 nunquam
518 2058 562 2129 de
576 2069 624 2142 te,
645 2068 680 2129 et
702 2057 731 2126 si
749 2058 793 2127 de
810 2068 851 2139 te,
872 2058 963 2140 aliis,
984 2080 1161 2148 nunquam

81 2180 172 2250 nihi.
194 2181 334 2264 Quaeris
348 2185 515 2252 causam?
533 2182 603 2252 Scit
616 2180 711 2274 quod
724 2202 792 2272 ego
809 2200 878 2255 non
896 2179 1163 2273 3131131311,ρο-

81 2307 219 2397 tiusque
241 2304 306 2376 sibi
328 2305 512 2388 irascerer,
535 2327 640 2396 quarn
663 2304 734 2375 tibi.
750 2305 839 2375 Vere
860 2304 927 2376 hoc
944 2302 1073 2374 dicam:
1092 2302 1163 2376 duo

80 2431 163 2501 estis
184 2428 316 2522 quibus
330 2428 447 2498 omnia
459 2427 649 2509 crederem,
672 2429 741 2498 nisi
759 2427 824 2499 hoc
844 2450 967 2511 unum,
983 2426 1012 2496 si
1031 2428 1163 2498 scilicet

80 2559 164 2625 alter
185 2556 334 2624 alterum
353 2561 549 2632 accusaret,
566 2551 813 2644 praecipueque
826 2552 870 2623 de
886 2550 1028 2622 crimine
1043 2563 1162 2623 contra

80 2700 133 2748 me
154 2662 217 2748 aut
237 2677 364 2745 samam
387 2683 447 2745 aut
465 2685 595 2746 statum
617 2697 735 2746 meum
761 2674 927 2746 admisso.
955 2675 1056 2759 Quod
1082 2697 1163 2767 pro-

81 2800 231 2892 positum
250 2797 313 2881 itti,
337 2798 395 2891 qui
419 2820 496 2869 mea
521 2800 635 2870 omnia
653 2800 756 2892 plane
775 2799 880 2882 novit,
904 2799 1060 2891 ignotum
1083 2819 1163 2870 esse

81 2944 144 2994 non
163 2932 311 3017 poterat.
331 2922 406 3005 Qua
427 2921 533 3013 igitur
550 2923 709 2993 coecitate
730 2922 837 2992 anirni
855 2922 910 2991 vir
931 2932 1072 3003 cautus,
1095 2925 1162 2992 etsi

81 3046 211 3117 odisset
225 3046 346 3137 utique
365 3044 477 3139 (cuius
498 3046 612 3118 audeo
633 3045 749 3117 dicere
771 3067 836 3117 nec
858 3046 919 3116 tibi
941 3068 1005 3117 nec
1030 3047 1160 3117 aliive!

81 3169 287 3240 tenuissima
313 3169 462 3262 suspicio
486 3191 638 3261 unquam
664 3169 750 3262 tuit),
779 3168 927 3241 auderet
947 3168 992 3240 ad
1013 3169 1162 3241 tribunal

81 3291 242 3364 infestum
265 3290 404 3362 trabere
422 3292 624 3386 conspicuae
644 3295 746 3363 famae
767 3315 883 3377 reum,
906 3295 1010 3386 quern
1033 3294 1163 3365 veritas

82 3425 286 3500 excusaret,
314 3414 423 3486 iudex
444 3438 509 3486 nec
529 3416 760 3488 instrumenta
781 3439 846 3487 nec
870 3426 978 3493 testes
998 3424 1164 3508 expecta-

82 3549 180 3611 turus
209 3538 425 3624 absolveret,
456 3540 547 3612 unde
574 3540 640 3611 sibi
666 3541 712 3643 1111
740 3541 882 3633 penitus
908 3547 1037 3634 praeter
1062 3559 1165 3608 accu-

84 3665 208 3736 satoris
229 3686 358 3734 nomen
380 3674 485 3756 atque
506 3636 680 3735 invidens
697 3666 919 3756 superesset?
935 3664 1095 3744 Possunt,
1117 3661 1162 3728 mi

83 3786 179 3872 Laeli,
202 3776 354 3881 possunt
374 3787 443 3858 dici
464 3787 540 3857 ista.
562 3787 627 3855 Est
640 3787 731 3856 enirn
746 3787 887 3856 effraene
900 3807 940 3855 os
959 3783 1162 3864 humanum,

84 3931 156 3981 cum
179 3912 315 3982 nullum
334 3931 437 4002 aeque
453 3911 581 3980 animai
598 3913 708 3982 fraeno
729 3920 840 4000 egeat.
861 3909 932 3978 Dici
951 3907 1067 3978 omnia
1085 3928 1166 4000 pos-

86 4047 182 4105 sunt:
200 4034 299 4106 credi
321 4033 437 4105 omnia
456 4056 523 4105 non
545 4033 682 4117 debent,
706 4033 817 4104 dicam
841 4030 936 4123 quod
958 4031 1079 4116 sentio,
1103 4052 1166 4101 nec

85 4157 199 4231 audiri.
227 4158 301 4230 Viri
335 4158 444 4243 amici,
481 4158 515 4226 in
549 4157 676 4250 quibus
708 4157 941 4229 clarissimum
958 4176 1103 4251 'semper
1131 4166 1166 4226 et
