2738 4680
302 323 394 370 LIBER
416 321 926 376 vicbsllluspltlllUS.-Ellsueun
949 329 989 376 lli.
1137 317 1175 374 83

100 460 246 552 vereque
269 461 315 531 ita
339 461 392 530 sit.
415 462 506 532 Pelle
533 481 675 544 moram,
703 485 867 556 propera:
889 466 972 535 mibi
1001 466 1102 536 simul
1136 469 1173 535 ti-

97 584 194 678 bique
221 605 357 655 morem
380 583 548 675 gesseris,
572 583 761 677 multisque
775 597 941 680 praeterea
956 587 1084 680 quibus
1106 592 1175 681 pri-

96 708 168 778 dem
183 727 300 805 earnm,
311 706 466 778 nondum
481 718 595 790 notus
605 730 765 798 magnam
781 712 830 781 tui
844 712 1054 804 opinionem,
1069 735 1173 805 quarn

96 833 285 923 praesentia,
296 829 380 899 mihi
394 831 507 937 erede,
517 855 585 905 non
596 836 737 918 minuet,
748 833 1090 926 praemisistiSnrge:
1106 857 1174 906 non

96 963 125 1024 le
137 955 335 1026 desuetudo
358 976 498 1046 segnem
521 959 656 1039 fecerit,
677 958 721 1027 nil
738 966 770 1027 te
784 967 922 1042 terreat,
944 958 989 1026 nil
1008 967 1173 1030 moretur.

95 1079 217 1170 Surge3
237 1078 346 1149 breve
370 1090 424 1150 est
441 1079 515 1151 iter.
538 1080 695 1152 Alterum
715 1079 786 1151 fiet:
810 1089 870 1151 aut
883 1102 950 1171 ego
972 1090 1005 1151 te
1024 1080 1080 1152 bic
1096 1084 1174 1152 viu-

94 1202 192 1283 ciam,
216 1211 276 1272 aut
298 1213 334 1271 lu
357 1224 413 1272 me
438 1200 518 1272 binc
545 1204 694 1274 solutum
717 1212 829 1274 tecum
850 1203 1016 1274 revehes:
1038 1215 1174 1275 utrum-

95 1324 146 1394 vis
168 1322 317 1407 aecidat,
338 1323 431 1395 hand
449 1323 569 1396 irritus
595 1324 699 1395 luerit
725 1325 899 1396 adventus
927 1337 1023 1397 tuus:
1051 1348 1174 1419 nempe
1210 1313 1217 1328 ⁰

94 1460 198 1519 elme
219 1448 399 1530 reviseris,
423 1458 458 1518 et
478 1447 609 1520 ltaliam
632 1447 811 1531 inviseris
833 1458 867 1519 et
888 1451 1060 1540 tantisper
1086 1451 1172 1520 inte-

95 1591 150 1641 rea
167 1569 345 1662 quieveris
366 1573 497 1645 frustra
519 1569 554 1638 in
572 1579 694 1640 ventos
717 1570 848 1641 invidia
876 1569 1054 1642 saeviente.
1083 1572 1172 1644 Diri-

94 1705 185 1766 mant
201 1706 235 1765 te
253 1691 358 1787 Alpes
377 1692 421 1765 ab
435 1693 623 1786 anguibus,
640 1715 720 1785 qnae
735 1715 825 1764 nunc
838 1694 1006 1766 dirimunt
1025 1696 1069 1766 ab
1086 1697 1171 1767 ami-

94 1840 141 1900 eo,
163 1828 199 1889 et
214 1839 319 1911 quem
341 1818 534 1911 impediunt
552 1817 756 1902 tuebuntur,
785 1830 820 1888 et
839 1830 1036 1909 contegent,
1059 1819 1171 1890 donee

94 1943 215 2015 veneni
233 1944 311 2013 lons
325 1963 366 2013 aa
379 1943 585 2037 principium
599 1945 743 2014 aruerit:
759 1942 852 2034 quod
868 1943 1070 2036 propediem
1086 1944 1170 2013 mibi

93 2069 243 2139 laturum
261 2065 427 2161 spondeo.
448 2067 509 2148 Tu,
530 2087 664 2159 quaeso‚
686 2088 729 2136 ne
745 2063 899 2136 dubites:
920 2064 982 2136 sed
1001 2066 1076 2136 sive
1097 2088 1171 2136 rno-

94 2211 174 2274 ram,
205 2191 282 2260 sire
308 2190 372 2262 iter
410 2190 572 2282 elegeris,
605 2208 733 2279 magno
758 2184 819 2259 liat
851 2186 967 2257 animo
999 2188 1169 2280 quidquid

94 2311 155 2385 liet.
178 2311 267 2396 Quae
293 2333 430 2384 summa
464 2312 539 2404 spei
569 2323 639 2396 est,
672 2309 784 2382 aderit
817 2310 910 2381 Deus
937 2308 1167 2404 superborum

94 2436 210 2521 bostis,
227 2437 303 2509 dux
318 2435 512 2520 humilium,
532 2437 635 2518 Deus,
653 2434 802 2528 inquam,
822 2434 896 2526 ipse
914 2432 1035 2518 aderit,
1050 2444 1085 2503 et
1102 2453 1168 2524 ego

93 2582 147 2653 pro
173 2558 310 2632 viribus
344 2556 474 2630 absens
509 2577 740 2650 praesensque
770 2576 839 2626 non
872 2554 989 2625 deero.
1019 2555 1169 2626 Proinde

93 2686 165 2777 qnia
183 2683 384 2756 facilitatem
408 2682 511 2753 simul
533 2702 573 2752 ao
594 2678 867 2771 magnitudinem
882 2677 987 2749 animi
1002 2677 1050 2748 tui
1069 2677 1166 2757 novi,

94 2829 152 2879 non
174 2804 316 2878 instabo
341 2806 505 2899 ampliuS,
530 2800 686 2897 nequod
706 2800 868 2872 amicitiae
885 2810 947 2882 est,
967 2798 1168 2871 diffidentiae

94 2931 265 3004 videatur:
284 2952 391 3000 unum
407 2938 486 3024 peto
499 2947 689 2998 memorem
709 2935 742 2996 te
760 2923 844 3007 mei,
864 2944 929 2993 neo
942 2921 1085 2994 oblitum
1106 2923 1165 2993 tui.

94 3053 241 3139 murum,
259 3064 296 3125 ut
309 3053 472 3123 Caesareo
493 3047 603 3121 verbo
622 3057 711 3132 utar,
732 3047 834 3118 iubeo
853 3056 886 3118 te
903 3045 993 3117 bene
1012 3066 1164 3139 sperare.

95 3174 169 3249 llire
190 3187 226 3250 et
244 3177 338 3275 vale.

226 3328 387 3398 Mediolani,
404 3329 451 3382 lx.
468 3326 606 3382 Kalendas
622 3326 714 3381 Iulias
