2934 4650
533 308 816 392 nrrsroua‘xuuu.
850 405 853 411 ¹
1153 332 1212 394 lua

136 481 289 565 tibusvc,
328 504 475 574 quarum
514 485 645 555 nullum
679 505 791 574 genus
817 483 996 556 bominum
1026 462 1215 580 pauperius

137 626 286 698 usquam
316 607 392 676 eslf
417 604 470 674 An
497 626 544 675 ex
565 604 935 697 superabundantibus
959 605 1108 695 divitiis,
1134 629 1215 702 quae

136 727 211 798 sine
231 727 332 799 furtis
353 748 395 798 ac
415 727 546 819 rapinis
568 726 692 797 sedare
712 730 838 799 famem
865 733 1069 821 nequeunt?
1089 730 1143 800 An
1164 730 1215 800 in-

135 851 229 942 genti
261 849 424 942 potentia,
446 869 526 941 quae
560 869 643 918 mox
675 859 714 919 nt
745 871 811 921 vos
837 851 903 922 viri
928 872 1008 923 esse
1028 850 1213 943 coeperitis,

135 974 228 1042 nulla
257 971 348 1042 erit?
374 969 429 1040 An
450 972 604 1043 claritate
637 972 787 1042 nominis
809 975 865 1044 vel
887 972 1069 1065 sanguinis
1090 983 1125 1044 et
1144 975 1217 1043 fur-

135 1096 207 1166 tivo
240 1097 356 1166 forsan
390 1104 450 1165 aul
482 1094 651 1185 praecario
676 1092 849 1165 domicilio
875 1094 1018 1186 gloriari
1046 1097 1216 1187 possunt?

135 1216 226 1299 Quid
247 1225 303 1287 est
324 1227 439 1287 autem
461 1238 526 1286 cur
546 1217 700 1288 Romana
723 1218 886 1309 prosapia
904 1217 1123 1308 glorientur?
1149 1217 1216 1286 lm·

133 1336 385 1432 pudentissima
405 1346 519 1408 tamen
537 1337 573 1408 id
590 1337 733 1420 faciunt,
753 1346 789 1408 et
805 1340 887 1430 quia
905 1339 965 1409 diu
977 1359 1022 1409 se
1040 1341 1215 1410 Romanos

133 1480 213 1530 esse
237 1436 371 1530 mentiti
397 1468 493 1541 sunt,
524 1480 588 1529 ceu
620 1458 803 1530 mendacio
824 1448 1117 1553 praescripserint,
1146 1462 1215 1531 iarn

133 1580 279 1651 Romani
301 1581 364 1651 sibi
386 1580 563 1665 videntur,
590 1581 730 1674 quodve
750 1593 863 1654 utrum
883 1583 1020 1655 risuan
1038 1584 1216 1655 lachrimis
1290 1616 1292 1618 ·

131 1703 414 1797 prosequendum
450 1704 495 1775 sil
528 1703 647 1774 nescio
681 1703 779 1797 (nam
820 1706 1052 1777 Romanorum
1086 1704 1215 1777 civium

132 1826 234 1896 ‘viluit
254 1824 404 1919 nomeu),
418 1847 486 1897 non
501 1825 644 1898 llornani
666 1826 775 1906 cives,
796 1825 859 1896 sed
875 1827 1020 1897 Romani
1042 1826 1215 1921 principes

133 1950 361 2039 appellantur.
385 1949 453 2019 Sed
474 1949 589 2017 minus
612 1947 772 2038 indignor
789 1946 870 2018 dum
890 1969 951 2020 cos
970 1950 1075 2020 etiarn
1092 1950 1214 2020 huma·

135 2069 253 2141 nitatis
274 2068 398 2140 oblitos
418 2070 533 2140 video.
561 2068 637 2138 Non
658 2068 750 2138 enim
773 2069 974 2162 iampridem
996 2090 1040 2140 eo
1061 2070 1215 2157 vesaniae

133 2201 340 2286 perventum
363 2200 434 2274 est,
459 2201 584 2275 utnon
607 2188 766 2261 homines
789 2189 851 2261 sed
872 2191 1032 2262 dominos
1057 2190 1123 2262 dici
1154 2212 1215 2261 ve-

132 2316 206 2387 lint.
242 2315 332 2384 Proh
368 2315 477 2384 nefas!
512 2314 548 2382 lu
582 2334 651 2406 qua
691 2312 776 2384 urbe
802 2312 907 2384 divus
941 2313 1060 2384 Caesar
1093 2312 1214 2404 Augu-

133 2447 222 2519 stuS,
257 2434 389 2524 mundi
412 2445 524 2506 rector
549 2456 589 2506 ac
616 2456 803 2526 regnorum
832 2435 987 2508 omnium
1014 2434 1215 2507 moderator

132 2560 247 2631 edicto
272 2559 384 2643 vetuit
410 2579 449 2628 se
475 2557 653 2629 dominum
687 2557 768 2643 dici,
804 2559 839 2628 in
872 2581 913 2630 ea
946 2581 1039 2629 nunc
1063 2557 1213 2630 mendici

56 2710 59 2716 ·
130 2682 227 2750 fures
248 2679 350 2770 gravi
371 2700 409 2750 se
431 2678 558 2749 iniuria
579 2678 719 2751 affectos
741 2690 876 2773 putant,
904 2679 972 2750 nisi
997 2678 1129 2751 domini
1149 2692 1213 2750 vo-

132 2811 265 2871 centur.
281 2801 332 2870 Ob
348 2800 580 2872 miserabilem
596 2803 743 2871 fortunae
757 2803 980 2891 vertiginem,
995 2802 1038 2873 ob
1053 2803 1214 2874 mutatio-

133 2943 214 2991 nem
251 2921 418 3014 temporis
452 2922 655 2992 inauditam!
689 2922 928 2993 Discutiantur
962 2922 1108 3006 umbrae,
1142 2926 1213 3014 pel·
1268 2932 1272 2941 ‘

132 3042 248 3112 lantur
267 3062 424 3126 errorcS,
447 3041 670 3135 perveniatur
690 3043 735 3114 ad
756 3064 890 3113 verum.
913 3045 1033 3116 Utrum
1054 3045 1212 3116 homines

133 3163 155 3232 ii
183 3163 253 3233 sint
285 3161 392 3234 totius
427 3161 573 3233 rationis
599 3174 765 3257 expertes
793 3165 941 3238 viderint
961 3166 1020 3259 qui
1041 3165 1213 3240 definitio-

132 3283 236 3356 nibus
258 3306 373 3355 rerum
397 3284 561 3356 student:
587 3296 703 3357 ulrum
728 3286 870 3372 domini,
890 3309 966 3372 voe,
984 3310 1132 3381 quorum
1154 3310 1212 3360 res
1258 3274 1262 3278 ⁵

131 3405 260 3495 agitur,
278 3403 452 3491 videritis,
475 3405 557 3477 dum
579 3407 807 3479 memineritis
828 3410 862 3479 in
883 3408 1007 3480 eadem
1028 3410 1114 3481 urbe
1134 3410 1210 3481 illos
1328 3495 1332 3500 ,

133 3529 236 3599 simul
266 3528 426 3600 dominos
459 3541 495 3601 et
527 3550 592 3600 vos
626 3529 754 3602 liberos
775 3551 856 3603 esse
877 3553 945 3603 non
968 3553 1082 3626 posse.
1110 3533 1210 3615 Quod
1316 3609 1318 3614 ,

131 3673 240 3723 unum
258 3651 408 3724 ‘delinire
437 3674 555 3723 meum
576 3663 651 3737 est,
674 3664 766 3725 certe
792 3655 937 3725 Romani
957 3653 1115 3726 homines
1142 3675 1209 3725 non

131 3782 223 3847 sunt.
245 3777 377 3845 Horum
399 3778 568 3860 omnium,
591 3797 680 3868 quos
703 3778 795 3848 inani
814 3776 1001 3848 nobilitatis
1023 3778 1121 3848 titulo
1139 3788 1209 3848 tarn

129 3895 332 3968 fastidiosos
365 3896 552 3981 videbatis,
589 3898 829 3991 undecumque
847 3899 1031 3982 uenerint,
1053 3899 1210 3991 quolibet

130 4020 254 4091 infelici
275 4029 381 4090 vento
398 4018 502 4091 delati
521 4019 607 4106 sint,
628 4039 859 4113 quaecumque
879 4023 956 4092 illos
980 4021 1113 4094 miserit
1129 4021 1208 4092 bar-

123 4137 262 4228 baries,
284 4142 447 4235 quamvis
484 4145 558 4215 foro
586 4153 707 4215 vestro
731 4143 1020 4228 obversarentur,
1045 4146 1207 4238 quamuis
