2738 4680
262 307 355 356 umurr
379 304 888 358 vrcnsruusrmuus.-nr1sreuu
908 308 959 357 xv.
1092 296 1150 362 loo

73 445 130 518 tibi
151 444 414 517 adolescentulo
435 443 569 537 primus
592 444 789 518 studiorum
810 445 885 519 dux
905 454 941 519 et
960 449 1070 541 prima
1090 453 1151 521 fax
1234 448 1236 460 ‘

70 570 183 641 luerit.
206 569 302 639 luste
322 565 478 660 quidem,
502 578 615 659 grate,
642 569 859 654 memoriter,
882 581 930 655 et,
953 581 992 643 ut
1012 572 1152 667 proprie

69 690 199 776 dicam,
223 693 290 784 pie.
319 690 355 763 Si
380 693 472 761 enim
500 688 716 782 genitoribus
741 714 925 787 corporum
952 706 1151 769 nostrorum

70 814 198 899 omnia,
222 815 252 885 si
273 816 490 886 fortunarum
512 813 713 886 auctoribus
734 818 842 888 multa
861 816 1045 903 debemus,
1068 819 1153 912 quid

70 960 136 1010 uon
157 937 379 1028 ingeniorum
398 935 600 1029 parentibus
617 959 657 1008 ao
674 938 921 1011 immaioribus
939 938 1153 1012 debeamus?

71 1053 207 1154 Quanto
227 1061 321 1132 enim
343 1060 468 1131 melius
488 1058 532 1131 de
552 1059 653 1131 nobis
673 1061 790 1132 meriti
817 1062 886 1133 sint
911 1063 971 1154 qui
997 1062 1152 1135 animum

71 1195 229 1258 nostrum
250 1187 450 1267 excoluere,
471 1205 576 1277 quam
594 1185 654 1277 qui
670 1205 814 1277 eorpus
833 1184 994 1278 quisquis
1013 1186 1153 1278 utrique

73 1309 200 1382 iustum
222 1308 372 1403 pretium
394 1309 502 1400 pouit,
526 1306 708 1399 intelliget,
729 1317 765 1379 et
784 1309 931 1380 alterum
958 1310 1152 1381 immortale

73 1453 211 1516 munus,
247 1432 393 1504 alterum
427 1431 598 1503 caducum
632 1439 667 1503 et
696 1432 841 1503 mortale
873 1431 1048 1504 fatebitur.
1076 1433 1153 1526 Age
1270 1457 1275 1463 ·

74 1575 166 1647 erge,
182 1577 252 1626 nou
266 1556 419 1648 patiente
440 1553 505 1625 sed
524 1555 663 1626 favente
680 1578 745 1641 me,
762 1556 858 1628 illam
878 1554 1007 1647 ingenii
1029 1557 1079 1629 tui
1104 1560 1156 1629 fa-

74 1699 158 1762 oem,
187 1699 270 1771 quae
295 1677 357 1749 tibi
383 1678 418 1748 in
445 1678 511 1750 hoe
536 1680 622 1751 ealle
654 1700 724 1772 quo
757 1680 895 1770 magnis
921 1680 1087 1772 passibus
1108 1682 1154 1754 ad

75 1796 430 1873 clarissimum'finem
452 1804 581 1898 pergis,
606 1802 768 1875 ardorem
787 1801 939 1896 praebuit
959 1826 1001 1876 ao
1021 1806 1153 1891 lueem,

76 1925 212 1997 celebra
232 1934 268 1996 et
289 1927 376 2012 eole,
398 1927 627 2020 ventosisque
643 1926 703 1998 diu
721 1926 820 2017 vulgi
840 1926 1022 2020 plausibus
1044 1927 1156 2020 agita-

77 2060 159 2134 tam,
183 2057 291 2142 atque
322 2058 369 2120 ut·
394 2050 445 2120 sie
478 2049 629 2121 dixerim
655 2050 851 2140 fatigatam,
874 2049 1014 2121 tandem
1036 2051 1154 2136 veriS,

75 2184 176 2266 teque
199 2192 309 2265 seque
328 2170 445 2264 dignis
466 2169 629 2242 laudibus
651 2170 696 2242 ad
719 2172 846 2242 coelum
872 2172 938 2243 fer:
965 2171 1001 2241 iu
1026 2171 1155 2265 quibus

76 2297 191 2366 omnia
211 2296 429 2385 placuerunt.
450 2293 538 2365 Nam
554 2306 589 2368 et
605 2293 662 2365 ille
681 2293 811 2386 dignus
824 2294 896 2367 boc
913 2295 1101 2390 praeconio,
1121 2306 1156 2368 et

76 2427 122 2502 tu,
145 2425 186 2488 ut
206 2416 274 2501 ais,
297 2414 379 2486 huie
399 2416 512 2487 officio
532 2416 722 2488 obnoxius:
740 2416 890 2509 ideoque
906 2399 1048 2489 onrmen
1069 2417 1156 2489 illud

75 2551 171 2624 tuum
194 2536 427 2611 laudatorium
449 2541 662 2633 amplector,
681 2549 717 2610 et
741 2539 922 2612 laudatum
949 2539 1018 2611 illie
1037 2549 1156 2611 vatem

42 2657 44 2661 ’
75 2662 146 2757 ipse
173 2682 316 2756 quoque
348 2661 517 2733 collaudo.
540 2662 579 2732 lu
603 2662 828 2733 excusatoria
861 2673 977 2734 autem
1009 2662 1157 2757 epistola

74 2785 157 2858 nibil
177 2797 321 2879 estque
337 2781 496 2871 movear,
516 2785 583 2857 nisi
600 2785 695 2879 quod
711 2807 834 2880 parum
853 2785 916 2856 tibi
933 2809 1027 2858 nuno
1048 2787 1157 2888 etiam

72 2921 178 2984 notus
201 2911 284 2996 sim,
305 2910 362 2982 cui
382 2911 561 3002 meplane
582 2909 801 2981 notissimum
827 2907 1035 2982 arbitrabar.
1062 2911 1157 3004 Ergo

76 3055 141 3126 ego
160 3036 336 3105 clarorum
364 3033 543 3104 bominum
565 3030 733 3104 'laudibus
758 3054 827 3104 nou
853 3030 1022 3118 delecter,
1050 3032 1158 3104 immo

76 3165 109 3228 el
129 3156 284 3249 glorier?
306 3155 417 3228 Crede
436 3156 543 3227 mibi:
564 3155 649 3228 nibil
669 3178 689 3228 a
707 3179 763 3228 me
784 3155 936 3248 longius,
958 3158 1053 3228 nulla
1073 3154 1158 3226 mihi

76 3281 186 3374 pestis
212 3281 362 3372 ignotior
388 3279 520 3353 invidia
552 3293 620 3364 est;
654 3281 737 3375 quin
772 3281 889 3374 potius
923 3280 1019 3377 (vide
1051 3301 1157 3374 quam

76 3407 194 3499 prooul
215 3405 297 3477 inde
319 3405 444 3498 absim)
466 3416 693 3478 scrutatorem
716 3407 885 3478 mentium
904 3407 1015 3476 Deum
1036 3413 1156 3489 testor,

76 3530 135 3600 vix
156 3551 215 3599 me
233 3528 329 3600 aliud
345 3528 380 3597 in
397 3528 470 3599 vita
487 3529 633 3620 gravius
653 3527 739 3623 pati,
759 3550 862 3620 quam
882 3525 976 3620 quod
994 3526 1159 3597 beneme-

76 3650 157 3724 ritos
189 3662 225 3722 et
255 3652 378 3743 gloriae
408 3662 443 3722 et
472 3651 605 3744 praemii
627 3651 740 3724 omnis
761 3641 926 3744 expertes
948 3648 1066 3720 video:
1088 3670 1159 3720 non

77 3772 168 3865 quod
202 3784 265 3844 aut
299 3771 380 3844 bino
412 3773 578 3846 damnum
611 3773 686 3866 ipse
719 3774 897 3866 proprium
930 3792 1073 3864 querar,
1099 3783 1160 3842 aut

79 3898 249 3970 contrario
285 3897 420 3967 luorum
454 3918 607 3990 sperem,
635 3895 698 3967 sed
724 3894 897 3989 publicam
924 3904 1054 3965 sortem
1076 3891 1157 3979 lle0,

79 4020 126 4104 ad„
135 4020 330 4093 obscoenas
353 4028 446 4090 artes
469 4019 697 4093 honestarum
721 4017 863 4113 praemia
885 4016 1052 4088 translata
1078 4039 1161 4088 oon-

79 4143 233 4234 spioiens.
257 4143 334 4214 Etsi
356 4165 424 4216 non
448 4142 512 4216 sim
536 4144 692 4228 nescius,
715 4141 810 4234 quod
837 4141 999 4232 quamvis
1020 4141 1162 4213 merito-
