2804 4656
200 336 260 396 all
541 345 590 392 nn·
604 342 704 391 nanos
726 341 949 390 ranrnrrnraos

201 499 260 551 ces
281 498 407 549 aureas
432 473 576 558 habere,
598 460 781 567 quas‘nec
805 473 920 566 Scipio
947 472 1116 545 habuisse
1142 475 1288 565 legitur,

202 624 267 673 nec
287 601 415 671 Caesar.
430 597 751 690 Aliquanto-tamen
766 596 947 667 honestius
963 597 1150 667 reverteris
1167 598 1290 689 phale-

203 735 300 795 ratus
318 724 431 793 victor
450 744 497 794 ex
514 720 587 793 acie
605 721 697 792 iusta
711 719 836 813 pioque
848 718 1069 812 belloaliquo
1089 743 1153 816 pro
1171 723 1288 792 salute

202 848 326 943 patriae
347 847 392 918 ad
410 845 650 918 defensionem
666 843 808 915 iustitiae
824 851 1002 936 suscepto,
1018 865 1122 935 quam
1137 846 1291 938 asepol-

202 989 262 1040 cro
284 967 428 1051 Christi,
445 966 538 1037 unde
554 975 635 1056 toga
648 963 779 1048 humili,
795 963 953 1057 laetisque
968 986 1050 1036 cum
1065 966 1219 1036 lacrimis
1232 986 1290 1037 sa

206 1112 287 1184 spes
309 1103 348 1162 ut
369 1090 492 1161 redeas
514 1086 644 1158 malim.
664 1088 761 1159 llale.
800 1101 803 1104 ⁴

712 1313 790 1320 ...ως

621 1500 797 1570 arrsrom
823 1507 879 1569 xn.
943 1462 946 1467 ’

249 1680 443 1730 FRANCISCUS
461 1679 630 1728 PETlldllCll
648 1679 780 1728 GUIDONI
796 1679 944 1727 ARGHlEP.
963 1679 1112 1728 IANUENSI
1130 1679 1156 1727 S.
1175 1681 1202 1727 P.
1220 1680 1250 1728 D.

208 1820 308 1876 Larius
321 1819 383 1874 fieri
400 1819 533 1890 patientia
551 1818 685 1890 quidquid
705 1818 844 1889 corrigere
858 1834 991 1889 nequeas.
1013 1819 1102 1882 Quam
1121 1818 1195 1872 male
1213 1818 1247 1872 de
1261 1833 1290 1872 se

203 1915 207 1926 '
280 1911 397 1964 meritus
410 1910 542 1980 omnique
555 1909 686 1964 vitiorum
698 1910 760 1963 labe
774 1909 968 1980 coinquinatus
978 1925 1045 1963 suus
1059 1908 1219 1964 adolescens
1233 1923 1292 1964 eva·

280 1998 356 2052 serit.
373 1997 451 2069 Saepe
465 1982 516 2051 uni
528 2002 623 2067 parata
636 1997 665 2050 in
685 1995 799 2050 alterius
813 1992 963 2050 utilitatem
974 1995 1080 2050 cedere.
1189 2015 1190 2018 ¹

306 2195 417 2266 Nemo
434 2193 541 2263 miser
553 2215 635 2264 esse
647 2196 725 2266 vult
737 2202 798 2264 aut
811 2213 963 2284 unquam
977 2187 1102 2261 voluit:
1116 2211 1185 2260 non
1200 2189 1291 2262 enim

209 2317 245 2389 id
262 2317 384 2409 recipit
397 2326 533 2386 natura
548 2318 603 2389 Ex
616 2315 761 2386 diverso
773 2324 889 2386 autem
904 2312 1074 2385 felicitatis
1086 2313 1290 2405 appetitum,

210 2440 345 2534 perdita
366 2439 446 2507 licet
464 2438 635 2520 felicitato,
655 2461 723 2507 non
737 2437 930 2531 perdimus
946 2439 1114 2516 imovero
1128 2445 1201 2506 tom
1222 2455 1294 2506 ma·

212 2564 308 2632 xime
329 2562 446 2632 felices
467 2558 540 2629 fieri
563 2570 724 2654 optamus
751 2560 834 2631 dum
860 2558 1046 2630 miserrimi
1067 2580 1205 2643 sumus
1232 2581 1293 2630 au·

212 2694 340 2775 getque
358 2681 439 2752 boni
467 2682 680 2752 desiderium
709 2684 787 2753 mali
815 2683 1015 2774 praesentia,
1032 2693 1078 2781 et.
1097 2683 1126 2754 si
1153 2683 1294 2774 quando

212 2806 307 2877 aliud
326 2807 416 2876 velle
436 2805 613 2889 videmur,
631 2806 698 2877 hoc
715 2809 891 2890 volumus,
909 2827 1024 2898 nequo
1043 2805 1186 2876 omnino
1206 2805 1294 2876 velle

212 2929 307 3000 aliud
327 2930 511 3023 quisquam
534 2939 664 3022 potest:
678 2939 714 3002 et
733 2930 811 3021 ipsi,
825 2950 977 3022 qnorum
999 2937 1098 3000 actus
1119 2929 1212 2999 votis
1233 2927 1294 2999 on

215 3063 316 3135 stant,
337 3056 460 3124 volunt
474 3066 604 3125 tamen:
624 3055 683 3126 sed
704 3055 769 3125 hoo
782 3056 942 3124 volentes
961 3053 993 3122 in
1014 3053 1207 3124 adversum
1222 3051 1295 3142 agit

214 3177 422 3267 ignorantia,
446 3176 618 3247 viatorum
639 3200 746 3260 more,
769 3177 828 3271 qni
851 3197 946 3271 saepe
966 3199 1071 3269 quam
1086 3175 1296 3267 petuntani-

215 3299 291 3380 mis,
306 3320 384 3369 eam
401 3298 547 3390 pedihus
569 3312 698 3371 metam
719 3300 888 3392 linquunt.
907 3301 994 3370 Nam
1014 3297 1130 3390 etqui
1152 3306 1295 3389 peccant

214 3422 342 3494 faciunt
361 3420 501 3513 quidem
520 3421 612 3492 unde
635 3423 704 3492 sint
726 3423 859 3508 miseri,
878 3422 941 3493 sed
957 3421 1154 3492 felicitatem
1171 3441 1295 3513 quam·
1391 3417 1393 3421 ’

215 3545 295 3621 dam
317 3544 352 3612 in
373 3543 546 3636 explenda
567 3543 708 3615 libidine
730 3545 832 3615 sitam
852 3555 988 3638 potans
1005 3554 1040 3614 et
1061 3544 1125 3636 qui
1144 3542 1208 3614 sibi
1224 3563 1295 3612 ma·

216 3686 283 3738 nus
303 3667 459 3738 inliciunt
483 3687 526 3736 eo
545 3668 630 3738 calle
656 3667 831 3738 miseriam
859 3669 1014 3759 fugiunt:
1042 3664 1104 3739 se‘d
1131 3668 1296 3737 falluntur

216 3809 286 3862 non
306 3789 467 3861 videntes
489 3788 647 3859 brevium
663 3792 743 3883 fuga
762 3792 795 3861 in
813 3802 962 3863 aeternas
977 3790 1137 3862 miserias
1154 3811 1193 3861 se
1208 3791 1296 3859 rela-

218 3912 263 3981 bi.
281 3913 436 3984 Profecto
450 3923 565 3983 autem
580 3936 769 4005 nunquam,
789 3914 854 3985 nisi
874 3918 930 3986 vel
949 3913 1088 3984 miserae
1106 3914 1190 3983 vit-ae
1203 3911 1293 3991 odio,

219 4037 274 4104 vel
293 4033 404 4106 bealae
425 4056 496 4127 spe,
511 4034 568 4120 ad
594 4035 825 4106 voluntariam
856 4047 1000 4107 mortem
1022 4035 1104 4106 itur:
1126 4030 1298 4127 pernicio·

219 4177 294 4225 sum
318 4157 449 4240 odium,
471 4160 575 4229 stulta
598 4178 689 4251 spes.
711 4159 797 4229 Nam
818 4169 852 4230 et
873 4158 956 4229 illud
978 4159 1012 4227 in
1039 4157 1074 4228 id
1094 4156 1188 4249 quod
1209 4152 1297 4244 fugit
