2940 4650
560 505 738 570 EPISTOLA
759 508 852 570 Llllll.

248 668 425 719 cancarrus
446 637 625 719 vicissemus
647 670 773 719 canoro
793 669 953 719 usnemun
975 668 1168 723 criminun.

225 809 265 864 De
279 810 376 864 eadem
391 826 431 880 re,
448 827 509 881 quse
524 811 623 865 litterae
638 810 775 881 superiori
789 827 817 864 n.
831 810 868 865 Vl
880 810 974 865 relatae
984 815 1182 880 argumentum

632 899 784 954 constituit.

182 1184 183 1187 π
266 1146 372 1236 Urget
392 1143 471 1215 hinc
492 1146 647 1221 animum
669 1144 782 1226 dolor,
798 1143 1024 1216 serenissime
1039 1145 1245 1236 principum,

167 1265 612 1358 etiulamentapraecipitat3
625 1266 890 1336 hincsileutium
903 1265 998 1336 iubet
1012 1267 1244 1338 etcttonitum

165 1389 248 1458 facit
259 1388 387 1482 stupor,
402 1386 487 1457 dum
500 1387 626 1459 durum
642 1388 806 1458 Fortunae
819 1388 939 1478 iugum
955 1389 1082 1478 cogite,
1093 1390 1150 1458 cui
1163 1410 1246 1459 cou-

131 1518 133 1520 ’
164 1510 247 1582 ditio
268 1520 323 1581 est
341 1510 495 1581 subiecta
517 1511 724 1581 mortalium.
752 1509 842 1593 Quid
869 1509 998 1601 homini
1020 1514 1152 1583 tutum‘?
1178 1510 1248 1581 Aut

163 1631 242 1724 quis
268 1631 407 1703 omnino
429 1632 592 1701 Fortunae
612 1629 758 1722 imperio
785 1631 830 1700 sit
858 1642 1060 1725 exemptus,
1084 1632 1247 1725 quoniam

164 1773 323 1824 summus
346 1753 523 1824 hominum
546 1753 804 1823 illustrissimus
824 1766 921 1847 pater
933 1766 1054 1826 vester
1074 1778 1115 1826 ac
1135 1758 1248 1829 dorni-

162 1896 229 1946 nus
259 1897 358 1947 meus
382 1898 457 1958 rex,
494 1898 541 1946 ex
575 1875 745 1948 altissimo
768 1876 855 1946 solio
877 1884 946 1945 tam
974 1887 1129 1969 repente,
1162 1887 1248 1951 rone

161 1999 323 2070 volubilis
345 1999 504 2071 deiectus
525 2000 692 2092 impulsu,
728 1999 821 2090 quod
852 1999 927 2069 sine
953 2001 1104 2098 lacrimis
1126 2001 1247 2072 memi-

159 2121 256 2192 nisse
278 2143 345 2191 non
367 2142 525 2215 possum,
546 2122 580 2190 in
603 2143 729 2191 manus
744 2120 896 2191 hostium
919 2121 1047 2192 dicitur
1066 2123 1246 2215 pervenis-

162 2248 219 2314 se?
239 2245 283 2313 Et
300 2243 395 2336 quod
416 2266 484 2314 non
499 2265 607 2336 parva
629 2242 757 2338 doloris
780 2245 936 2315 accessio
953 2254 1022 2327 est,
1044 2266 1161 2316 secum
1178 2266 1246 2315 una

161 2365 275 2437 minor
295 2363 389 2436 filius
407 2365 671 2436 amantissimus
689 2368 796 2436 irater
816 2376 951 2447 vester,
971 2378 1009 2436 ut
1030 2365 1246 2457 irrecupera-

159 2486 247 2557 biles
270 2486 389 2557 sileam
408 2486 580 2570 iacturas„
594 2496 730 2577 strages
753 2509 934 2580 procerum
958 2508 1047 2578 quos
1068 2486 1169 2578 quasi
1193 2496 1245 2556 to-

161 2608 265 2680 tidem
288 2607 384 2699 regni
408 2608 539 2680 lumina
559 2631 627 2679 una
647 2609 776 2692 tristis,
799 2629 959 2703 praeceps
984 2618 1019 2679 et
1042 2609 1245 2681 calamitosa

159 2730 236 2801 dies
250 2731 367 2802 obruit
380 2741 416 2800 et
428 2732 596 2803 extinxit:
617 2743 749 2814 moesta,
766 2733 916 2824 inquam,
933 2742 969 2802 et
981 2731 1106 2801 flebilis
1127 2743 1162 2804 et
1183 2733 1245 2804 ob-

85 2848 88 2852 ’
165 2850 299 2921 scurior
315 2851 470 2942 qualibet
483 2862 583 2922 nocte
601 2850 691 2922 dies:
706 2873 787 2942 quae
803 2846 931 2922 utinam
952 2863 1084 2943 pereat,
1101 2864 1138 2923 ut
1152 2854 1243 2925 illius

114 2988 117 2995 ’
162 2970 272 3042 sancti
309 2972 404 3041 senis
440 2984 516 3043 utar
543 2970 664 3056 verbo,
692 2983 727 3042 et
753 2983 904 3042 uertatur
927 2974 964 3042 in
992 2976 1150 3057 tenebras,
1176 2997 1244 3044 non

159 3096 306 3182 requirat
332 3115 404 3190 aona
429 3093 516 3163 Deus
541 3090 695 3186 desuper,
724 3105 756 3164 et
780 3116 847 3162 non
872 3095 1014 3165 illusi-ret
1046 3117 1116 3166 eunt
1148 3097 1244 3165 larmi-

160 3236 219 3285 ne:
250 3217 421 3285 obscurent
452 3236 524 3284 enne
556 3217 695 3285 terrelroe
726 3223 756 3285 et
786 3219 911 3287 untlrae
945 3221 1078 3289 mortis:
1112 3227 1245 3308 occupet
1273 3278 1276 3285 .

159 3359 231 3407 auru
250 3338 370 3428 euripo,
397 3347 427 3405 at
452 3338 646 3407 incoluntur
671 3336 911 3410 amaritudine:
938 3360 1006 3408 non
1039 3347 1245 3430 conputetur

158 3458 194 3529 in
226 3457 337 3529 diebus
365 3460 457 3542 anni,
490 3479 549 3529 nec
578 3472 832 3531 connumeretur
869 3463 905 3531 in
944 3462 1118 3530 mansibus.
1152 3459 1242 3530 Vere

158 3585 252 3655 enim
273 3582 463 3674 caliginosa
486 3583 561 3654 dies
587 3591 622 3654 et
652 3583 772 3654 infelix
793 3592 829 3655 et
854 3583 898 3655 de
932 3605 1077 3654 numero
1111 3592 1243 3675 tempo-

159 3726 236 3779 rum
255 3706 472 3792 abradenda,
492 3725 573 3798 quae
594 3706 825 3778 clarissimum
844 3707 943 3798 regni
971 3707 1077 3778 solem
1100 3728 1140 3777 ac
1161 3709 1244 3778 stel-

155 3833 207 3901 las
229 3841 298 3902 tam
319 3831 418 3900 lusca
439 3828 532 3910 nube
549 3830 792 3914 circumdedit,
816 3841 852 3902 et
871 3852 974 3922 quam
1002 3830 1089 3900 tanti
1110 3828 1242 3901 doloris

155 3975 307 4046 vespera
320 3962 565 4045 tantorumque
575 3954 720 4025 fletuum
739 3973 811 4024 vox
831 3959 1022 4024 consecuta
1043 3962 1107 4031 est,
1132 3952 1242 4025 Huius

157 4087 311 4165 egotam
336 4076 466 4149 insoliti
488 4087 523 4146 et
544 4063 753 4167 tam‘magni
775 4076 935 4150 moeroris
958 4075 1128 4170 particeps
1151 4098 1239 4159 sum,
