2804 4656
292 316 386 365 mnnn
407 316 717 367 vrcnsruusnunmus.
732 316 935 366 -nnlsrom
959 316 988 363 11.
1123 301 1181 362 t89

100 484 177 533 men
191 481 356 554 occupes
373 460 435 531 sed
451 472 485 531 ut
499 482 633 551 regnes,
650 471 688 532 ut
705 462 864 553 imperes,
880 471 916 531 ut
929 459 1066 530 afflictis
1080 476 1179 553 opem
1265 531 1267 536 .

99 585 203 656 rebus
222 587 326 655 feras.
348 584 439 667 Quid
462 594 494 653 te
516 582 708 665 subtrahis,
729 583 815 676 quid
835 582 869 651 in
892 585 1083 655 crastinum
1104 605 1182 676 pro·

98 709 232 778 minens
254 705 461 777 hodiernum
479 706 659 799 prodigis?
675 705 798 777 Nullus
816 706 851 774 in
870 705 1039 778 hodierna
1058 728 1181 777 neces·

100 834 200 902 sitate
219 831 371 902 crastino
390 833 489 900 locus
508 839 574 899 est.
597 829 664 899 Fac
690 838 725 898 tu
752 828 856 900 hodie
881 829 976 922 quod
1002 828 1181 901 incumbit:

99 975 176 1024 cras
198 952 227 1023 si
247 951 332 1045 quid
348 943 540 1034 emerserit,
562 954 616 1022 vel
633 960 667 1022 tu
681 953 800 1036 facies,
820 955 876 1022 vel
895 953 999 1024 alius:
1017 975 1085 1025 non
1099 953 1181 1025 dee-

99 1087 177 1148 runt
199 1075 415 1168 temporibus
438 1075 493 1146 sui
513 1073 636 1159 duces,
658 1086 693 1145 et
706 1086 745 1144 ut
757 1073 883 1160 desint,
905 1098 1082 1168 nunquam
1099 1076 1181 1148 atie-

99 1221 152 1270 nae
177 1181 330 1291 ignaviae
356 1220 438 1269 reus
466 1196 540 1268 fies.
568 1199 619 1268 Tu
643 1219 686 1268 ne
713 1198 860 1292 tempori
885 1207 945 1270 tuo
964 1198 1061 1270 desis
1085 1221 1180 1271 nura.

98 1323 202 1393 Porro
224 1343 302 1392 cras
324 1319 420 1390 istud
439 1318 532 1411 quod
555 1341 748 1413 suspensos
767 1329 860 1392 tenet
881 1333 915 1391 et
935 1321 1066 1392 inertes
1086 1321 1179 1406 fecit,

98 1443 260 1537 qnodque
272 1442 375 1535 quasi
389 1455 576 1514 venturum
594 1456 807 1537 expectatur,
823 1446 890 1515 iam
906 1444 1086 1537 praeteriit:
1106 1448 1182 1516 nul·

98 1569 148 1636 lus
169 1565 273 1648 enim,
297 1564 606 1657 praeter-primum,
633 1564 718 1647 dier,
747 1586 815 1636 uon
836 1567 904 1638 diei
932 1567 1076 1637 alterius
1102 1588 1180 1637 cras

97 1689 208 1759 suerit.
235 1687 298 1757 Vis
327 1687 449 1757 audire
475 1686 560 1779 quid
586 1686 642 1757 hie
668 1687 870 1761 adolescens
903 1698 1003 1782 poeta
1037 1691 1179 1782 quidem

97 1808 210 1881 dicat?

214 1993 287 2056 Cras
304 1993 361 2053 hoc
379 1994 442 2055 fiet:
461 1992 543 2056 idem
561 2009 627 2056 cras
645 1994 715 2056 fiet:
734 1989 830 2072 quirit
848 1989 940 2066 Quasi
956 2010 1104 2073 magnum

213 2092 327 2172 Nempe
343 2092 426 2154 diem
443 2093 555 2156 donas?
574 2093 631 2155 Sed
649 2108 720 2153 cum
736 2091 790 2154 lux
808 2093 899 2153 altera
917 2093 1020 2170 venit,

209 2191 272 2252 lam
288 2204 355 2251 cras
371 2190 550 2252 hesternum
569 2189 836 2269 consumpsimus:
855 2204 923 2251 ecce
940 2189 1021 2252 aliud
1038 2204 1106 2251 cras

210 2289 315 2366 Egerit
330 2290 386 2351 hos
403 2304 514 2366 annos,
533 2294 563 2352 et
579 2304 702 2369 semper
719 2288 845 2368 paulum
861 2288 921 2350 erit
938 2290 1034 2353 ultra:

212 2389 288 2451 Nam
305 2387 448 2467 quamvis
464 2403 559 2467 prope
576 2395 621 2463 te,
639 2388 783 2466 quamvis
799 2394 921 2450 temone
938 2388 995 2450 suh
1012 2403 1073 2450 uno

210 2487 384 2549 Vertentem
403 2503 485 2563 sese,
503 2488 615 2549 frustra
632 2487 786 2550 sectabere
803 2486 958 2561 canthum,

212 2585 290 2648 Cum
306 2592 373 2647 rota
390 2585 542 2666 posterior
560 2602 680 2661 curras,
700 2592 729 2648 et
747 2587 779 2647 in
797 2601 854 2649 axe
873 2585 1016 2649 secundo.

95 2782 178 2866 Quid
203 2783 334 2875 igitur?
354 2782 406 2854 An
429 2795 532 2891 aetate
552 2786 693 2856 Persius
716 2785 897 2878 inexperta
914 2796 950 2857 et
966 2787 1092 2859 acerba
1112 2811 1176 2882 pu-

94 2904 216 2978 blicam
242 2908 437 2980 ooecitatem
462 2908 619 2981 funditus
645 2908 870 3001 introspexit,
892 2897 1012 2980 nostra
1033 2911 1072 2982 id
1088 2922 1175 2982 aetas

93 3031 259 3102 maturior
279 3052 347 3102 non
371 3030 522 3102 videbit?
543 3032 689 3125 Aperire
714 3033 833 3103 oeulos
854 3041 889 3102 et
911 3030 1019 3123 figere
1041 3033 1174 3105 animos

92 3163 224 3247 oportet
245 3175 288 3224 ne
306 3156 474 3239 satiamur,
488 3163 524 3224 et
536 3176 655 3226 errore
669 3155 729 3247 qui
746 3155 874 3246 corrigi
893 3167 1042 3248 nequeat
1062 3156 1175 3251 impti-

91 3299 218 3349 cemur,
242 3277 333 3359 Quid
353 3299 439 3349 vero
455 3299 552 3383 'nnnc
581 3278 731 3350 ostiatim
754 3291 935 3373 poetarum
957 3280 1080 3352 domos
1101 3302 1175 3351 am-

92 3399 159 3486 bio,
182 3401 314 3471 n‘isiut
335 3424 438 3494 quem
466 3401 609 3472 forsitan
635 3424 712 3473 mea
738 3424 811 3473 vox
837 3404 1050 3475 auctoritatis
1072 3403 1173 3494 inops
1253 3420 1256 3421 ’

90 3543 155 3592 non
173 3522 543 3604 movisset-tantorum
564 3525 760 3596 testimonio
778 3527 1173 3616 movear·e‘?Nemopoe-

91 3653 200 3717 tarum
223 3657 283 3716 aut
304 3647 589 3738 philosophorum
611 3649 691 3732 fuit,
707 3650 765 3741 qui
782 3671 849 3721 non
872 3650 963 3720 idern
986 3661 1020 3719 et
1040 3647 1173 3718 diceret

89 3779 119 3838 et
140 3768 302 3839 sentiret:
323 3769 505 3842 discordes
526 3773 679 3841 etmulti
702 3771 758 3843 hic
776 3774 997 3843 conveniunt.
1019 3770 1121 3853 Quod
1142 3770 1170 3839 si

90 3909 208 3963 omnes
233 3902 369 3965 taceant
389 3901 448 3963 aut
468 3904 743 3985 negent,eerte,
766 3905 804 3966 ut
824 3894 892 3964 dici
907 3897 1004 3981 solet,
1025 3897 1100 3988 ipsa
1113 3914 1170 3964 res

90 4012 249 4107 loquitur,
272 4027 308 4086 et
332 4013 360 4085 si
387 4015 611 4090 dissimulare
636 4018 822 4112 quisquam
845 4016 939 4102 velit,
963 4016 1089 4090 sentiet
1114 4019 1170 4090 vel

91 4133 224 4210 invitus.
254 4138 310 4209 Sic
331 4139 365 4209 in
391 4141 522 4212 foribus
544 4141 759 4234 experientia
782 4151 852 4226 est,
876 4162 984 4233 seque
1013 4143 1070 4214 vel
1090 4162 1171 4213 con-
