2940 4650
198 310 256 370 508
538 317 696 369 aaronem
719 320 934 371 nirrnaanuu.

199 462 395 534 Vehemens
423 462 555 556 tripode
580 466 708 535 ferrum
734 463 827 536 uide.
844 463 1017 535 —Video
1032 490 1039 532 :
1056 462 1131 535 sed
1156 461 1224 534 ubi
1249 485 1310 556 pa-

200 583 390 675 rapsides?
410 625 456 636 -
477 585 531 654 En
557 582 683 657 fictilia.
707 626 752 637 -
773 585 890 656 Habes
915 588 1127 657 famulum?
1155 627 1208 638 -
1231 585 1306 656 Non

200 705 314 774 habeo
347 705 534 775 inimicum.
567 747 612 758 -
641 706 759 778 Habes
793 708 1033 778 mulierculam
1072 708 1301 779 servientem

201 823 289 895 tibi‘l
303 866 348 877 -
363 824 477 895 Erebo
498 828 644 897 Satanas
663 838 729 898 est.
745 828 876 898 —Cur
895 848 965 898 non
986 826 1092 898 ducis
1119 832 1301 900 uxorem?

202 987 248 998 —
263 950 448 1019 Decretum
470 948 581 1020 habeo
603 973 623 1027 a
644 950 783 1022 Caesare
804 958 924 1022 nostro
947 971 1074 1041 magna
1094 953 1218 1042 gratia
1235 953 1298 1021 im·

83 1114 85 1117 -
202 1080 376 1167 petratum
398 1093 441 1142 ue
462 1093 533 1162 qua
554 1071 677 1142 mulier
699 1072 782 1142 mihi
803 1069 937 1142 nubere
956 1071 1081 1162 possit.
1099 1114 1149 1123 —
1162 1073 1294 1143 locaris

202 1198 268 1266 ne?
286 1236 331 1246 —
350 1195 451 1287 Saepe
476 1193 620 1265 iocando
652 1192 861 1287 exprimitur
883 1193 1022 1262 veritas.
1043 1193 1187 1264 -Sed
1209 1191 1292 1285 quid

137 1362 141 1367 ·
202 1340 280 1389 oum
309 1318 377 1390 tuis
403 1317 560 1391 facetiis?
574 1359 619 1370 -·
632 1321 685 1390 Ηο
710 1317 755 1387 he
781 1315 990 1388 deridesne
1016 1318 1098 1385 me?
1115 1357 1167 1367 -
1183 1316 1291 1398 Quis?

204 1441 279 1530 Ego
299 1442 367 1509 ne‘?
382 1479 426 1490 —
440 1439 616 1511 Dimittam
643 1440 730 1511 haeo.
755 1439 840 1522 Quis
862 1437 921 1509 tibi
943 1442 1100 1530 coquus?
1114 1481 1163 1491 -
1183 1440 1287 1530 Ignis.

205 1561 351 1645 -Quis
377 1559 521 1631 suscitet
547 1561 686 1651 ignem?
699 1603 745 1614 —
759 1563 880 1653 Ligna.
900 1602 945 1613 -
964 1561 1050 1645 Quis
1070 1573 1206 1654 purgat
1226 1563 1288 1634 do·
1393 1613 1394 1616 η

205 1687 325 1754 mum‘l
349 1724 394 1734 —
416 1683 538 1773 Scopa.
557 1683 707 1768 —Quis
727 1703 884 1754 mensam
914 1687 1038 1776 parat?
1056 1725 1102 1736 -
1120 1685 1229 1756 Panis
1253 1695 1288 1756 et

205 1826 306 1896 aqua.
326 1845 371 1856 —
391 1806 436 1875 Et
461 1806 578 1878 aliud‘?
592 1806 726 1877 -Non
760 1808 849 1876 ultra
878 1825 968 1898 opus
1000 1814 1064 1889 est.
1085 1847 1131 1858 —
1152 1807 1286 1879 Vellem

207 1926 347 1999 bibere:
369 1927 428 1998 ubi
449 1931 595 2022 meula?
609 1968 652 1982 -
669 1929 816 1999 Uroeum
836 1928 927 2000 vide.
944 1928 1069 2000 -Ubi
1089 1930 1283 2014 cellarium,

209 2046 265 2119 nbi
286 2050 393 2120 vina?
413 2092 458 2102 —
479 2051 608 2143 Campo
634 2051 668 2119 in
694 2049 751 2120 illo
778 2061 903 2141 puteus
928 2060 993 2122 est.
1015 2051 1224 2122 *Tractas
1245 2074 1286 2122 ne

206 2194 262 2243 me
275 2173 412 2244 taliter?
425 2214 470 2224 -
484 2173 679 2263 Frugaliter
693 2184 726 2244 te
742 2182 861 2244 tracto.
878 2214 922 2225 -
936 2172 1023 2255 Quae
1040 2172 1113 2242 vita
1127 2182 1186 2242 est
1199 2174 1288 2244 ista?

208 2296 362 2366 —Bona
382 2316 461 2365 cum
481 2296 525 2364 sit
542 2294 671 2385 quieta.
685 2336 729 2347 -
744 2296 805 2365 Vis
821 2294 931 2365 mori?
947 2337 990 2346 —
1005 2296 1074 2366 lmo
1088 2296 1287 2367 viverem-

207 2418 273 2510 pio.
289 2458 333 2468 -
349 2418 401 2498 lta
422 2421 518 2489 solus
539 2422 750 2511 permanes?
764 2459 808 2469 -
825 2418 898 2488 lmo
923 2419 1129 2489 associatus.
1153 2460 1203 2471 -
1223 2418 1288 2502 Qui

208 2548 288 2610 sunt
300 2540 472 2610 consocii?
484 2581 529 2591 —
543 2539 724 2632 Perempti.
741 2582 785 2592 -
800 2541 865 2627 Ha,
881 2540 934 2622 ha,
952 2540 1006 2611 he.
1021 2580 1068 2593 -
1082 2541 1153 2611 Cur
1168 2541 1288 2613 rides‘l

208 2701 252 2711 -
267 2660 353 2742 Quia
376 2661 503 2751 linquis
524 2659 661 2744 urbem,
685 2669 720 2730 et
740 2684 818 2733 oum
842 2663 986 2733 mortuis
1006 2662 1118 2754 degis.
1136 2705 1182 2716 —
1199 2665 1287 2735 Mala

163 2812 165 2815 ·
208 2783 330 2865 multa,
352 2793 397 2863 et,
422 2793 459 2852 ut
480 2783 600 2853 verius
619 2782 749 2868 dicam,
776 2781 910 2856 infinita
934 2793 971 2854 et
997 2783 1144 2865 solicita,
1167 2798 1208 2858 et
1230 2795 1289 2857 tee-

206 2902 304 2975 diosa
316 2905 472 2998 relinquo
485 2928 564 2977 oum
577 2905 752 2977 civitatem
770 2907 877 2977 variis
895 2915 1100 2976 aestuantem
1120 2905 1288 2981 ductibus

205 3025 339 3098 desero.
354 3065 403 3080 -·
416 3029 559 3120 Spernis
573 3029 727 3099 amieos?
741 3069 786 3080 -
801 3027 835 3100 Si
851 3027 927 3110 sint,
943 3029 1028 3098 eolo.
1039 3067 1088 3082 -·
1101 3027 1290 3108 Quomodo

206 3147 300 3230 eolis
320 3148 348 3218 si
366 3169 426 3247 eos
441 3171 510 3219 uon
525 3151 646 3221 vides?
660 3192 705 3202 —
717 3149 883 3220 Coluntur
898 3150 1007 3220 sancti
1026 3170 1090 3219 nee
1107 3150 1288 3222 videntur.

206 3269 291 3339 Nam
315 3292 413 3340 mens
430 3268 617 3343 intrinsece
634 3283 669 3342 et
687 3273 828 3343 caritate
855 3270 986 3343 imbuta
1013 3276 1288 3364 contemplatur,

205 3401 240 3462 et
264 3393 353 3463 intra
376 3415 413 3464 se
434 3396 528 3485 ipsos
550 3396 649 3484 gerit.
670 3395 856 3464 -Novus
877 3393 980 3465 homo
1001 3395 1292 3476 es-Quonam

206 3514 329 3585 vadis?
343 3557 388 3567 —
403 3517 456 3585 Ad
470 3517 563 3585 illam
583 3517 628 3585 tui
651 3517 754 3587 villici
771 3515 913 3586 domum
930 3517 1033 3588 vado.
1048 3555 1097 3570 —
1111 3516 1170 3586 Ad
1182 3519 1295 3611 quid‘l

209 3628 468 3708 -Vescuutur
500 3636 547 3706 ibi
578 3639 752 3728 agrioolae.
789 3640 839 3709 Tu
877 3659 957 3708 eum
993 3650 1049 3710 tua
1085 3639 1297 3732 frugalitate

206 3781 319 3844 mane,
343 3783 412 3852 qua
435 3759 516 3829 mihi
539 3780 607 3829 uon
627 3770 682 3831 est
699 3781 800 3853 opus,

304 3882 400 3953 Alter
424 3904 509 3953 vero
543 3883 658 3953 socius
694 3881 905 3953 moderatior
929 3882 986 3953 illo
1010 3903 1145 3953 mecum
1176 3909 1301 3961 rema-

205 4023 293 4072 nens
315 4001 365 4072 sie
386 4002 519 4094 inquit:
540 4003 609 4074 Cur
629 4024 698 4073 non
720 4003 878 4097 disponis
898 4002 1045 4074 uxorem
1066 4003 1231 4080 ducere?
1251 4054 1301 4066 —

206 4121 280 4191 Non
301 4145 377 4194 sum
397 4124 571 4219 Orpheae,
591 4125 678 4195 alias
694 4145 804 4197 ausus
824 4134 861 4195 ut
878 4123 907 4195 si
926 4145 1066 4216 possem
1088 4124 1160 4220 (sio)
1184 4131 1302 4207 limen
