2940 4650
220 305 281 366 uo
703 314 864 362 vaurlnnu

222 474 326 555 utque
338 459 426 531 adeo
445 460 577 529 clarum
598 466 664 539 est,
689 469 734 540 ut,
757 467 885 547 praeter
904 464 937 524 te
955 455 1078 524 virum
1099 456 1226 525 omnis
1248 454 1318 525 boni

222 582 387 664 nescium,
407 581 491 650 nulli
512 578 692 650 hominum
710 576 922 667 incognitum
937 575 1175 646 arbitremur.
1193 577 1315 648 Contra

222 712 335 774 autem
352 710 385 772 te
398 723 465 772 non
479 699 654 769 Vioarium
669 696 802 788 imperii
817 697 1003 779 credimus,
1021 695 1087 766 sed
1110 707 1312 768 nostrorum

222 827 390 910 hostium,
424 832 460 894 et
488 821 583 913 quod
613 821 721 892 multo
752 819 812 890 tibi
839 819 965 890 toedius
998 832 1067 902 ost,
1101 821 1310 913 praedonum
1340 859 1344 871 ·

221 970 362 1042 quoque
393 943 592 1038 reipublicae
626 940 892 1036 stipendiarium
923 940 1065 1011 scimus.
1097 942 1191 1024 Quis
1223 944 1308 1013 enim

224 1082 293 1142 tam
324 1089 472 1160 grossus
511 1064 651 1156 ingenio
693 1073 748 1133 est
789 1074 827 1134 ut
865 1063 985 1135 credat
1020 1085 1215 1136 romanum
1253 1065 1309 1135 im·
1393 1048 1398 1077 ³

223 1202 416 1286 peratorem
448 1189 557 1260 decus
585 1209 626 1258 ac
656 1188 793 1258 culmen
827 1175 1019 1279 prircipum
1050 1187 1152 1257 orbis
1188 1197 1305 1269 terrae,

223 1324 327 1387 aetate
348 1314 405 1409 illa
424 1333 487 1382 sua
514 1310 654 1393 florida,
685 1309 744 1381 illo
772 1331 851 1380 cum
877 1309 1018 1393 robore,
1046 1309 1106 1379 illa
1128 1309 1308 1400 prudentia

224 1438 439 1526 consilioque
459 1432 661 1515 subnixum,
690 1432 757 1503 illis
784 1440 834 1503 tot
852 1430 985 1502 bellicis
1006 1429 1184 1503 illustrem
1204 1434 1308 1505 virtu-

225 1557 333 1639 tibus,
358 1557 414 1624 illa
432 1535 592 1645 ,denique
624 1554 875 1644 praevalentum
901 1552 1028 1623 ducum
1057 1569 1098 1622 ac
1126 1576 1307 1646 procerum

223 1677 387 1774 comitiva
406 1676 451 1749 ad
468 1675 741 1769 compescendos
771 1685 887 1775 motus
907 1674 1059 1755 Italicos,
1094 1675 1308 1766 quibusvis

118 1843 120 1847 <
223 1804 301 1896 ipsa
322 1800 424 1872 bodie
445 1801 501 1871 vel
523 1799 599 1870 lulii
612 1798 775 1882 Caesaris
793 1801 850 1870 vel
863 1797 1034 1890 Scipionis
1047 1796 1209 1869 Africani
1224 1820 1307 1893 prae

224 1925 349 2009 sentia,
372 1924 436 1995 sed
459 1946 520 1994 nec
536 1922 716 2012 utriusque
726 1921 919 2016 sufficeret,
938 1932 1199 2006 senescentem,
1222 1934 1269 2009 et,
1284 1923 1307 1992 si

223 2069 348 2119 verum
362 2067 466 2139 aequo
483 2047 598 2117 animo
620 2045 691 2137 pati
713 2053 827 2134 potes,
843 2044 1011 2114 furiosum
1026 2052 1134 2135 atque
1152 2045 1308 2116 inutilem

224 2167 672 2265 presbyterumdirexisse‘?
685 2166 870 2257 Nunquam
886 2169 1038 2259 prolecto
1054 2167 1204 2237 milvum
1215 2169 1309 2261 aqui·

224 2295 272 2378 la,
296 2313 474 2384 nunquam
497 2293 552 2361 leo
570 2292 721 2382 leporem
740 2287 835 2358 misit
849 2287 883 2358 in
896 2288 1064 2381 praedam.
1084 2290 1207 2360 Solent
1221 2290 1308 2360 enim

225 2419 286 2508 qui
308 2416 491 2485 mittuntur
512 2410 645 2482 similes
667 2432 747 2480 esse
769 2409 995 2481 mittentibus.
1010 2408 1084 2479 Tibi
1100 2412 1199 2502 quid,
1215 2433 1309 2504 quae-

227 2557 361 2620 sumus,
383 2556 461 2605 oum
489 2533 701 2624 Imperatore
718 2531 860 2603 domino
890 2542 1011 2603 sancto
1041 2544 1165 2602 nostro
1188 2535 1309 2603 similis

226 2661 303 2729 est‘l
324 2656 480 2736 Animus,
497 2665 591 2737 aetas
607 2675 730 2744 genus
745 2677 790 2725 an
805 2655 927 2740 virtus
942 2678 985 2726 an
1001 2655 1197 2747 professio?
1210 2656 1309 2726 Nulla

226 2779 292 2850 nisi
310 2775 556 2850 dissimilitudo
577 2797 692 2846 rerum
717 2797 792 2868 par:
820 2797 996 2869 nunquam
1025 2786 1093 2846 tam
1112 2779 1209 2848 nulla
1230 2799 1310 2871 pro

227 2901 349 2995 portio.
368 2900 403 2969 Si
421 2920 492 2991 quo
509 2911 543 2971 te
561 2898 669 2990 igitur
694 2898 833 2992 lmperii
851 2899 1023 2969 Vicarium
1045 2919 1237 2991 possemus
1261 2900 1309 2970 in·

227 3025 312 3096 ditio
333 3024 519 3114 suspicari,
553 3044 755 3114 quanquam
777 3043 846 3092 non
864 3021 1035 3115 immerito
1066 3021 1110 3092 de
1138 3021 1309 3094 mittentis
1422 3084 1423 3088 ,

228 3144 355 3216 iudicio
377 3144 598 3228 miraremur,
620 3146 702 3236 quia
719 3125 936 3238 propositum
953 3157 1007 3215 est
1028 3143 1127 3213 nobis
1145 3144 1194 3214 nil
1217 3147 1309 3216 velle

227 3269 321 3360 quod
342 3267 440 3351 nolit,
463 3278 499 3338 et
520 3267 567 3336 nil
585 3270 675 3338 nolle
696 3266 792 3357 quod
805 3267 901 3350 velit,
917 3265 1027 3361 parati
1047 3288 1226 3350 essemus
1241 3270 1309 3340 etsi

227 3412 296 3460 non
315 3391 413 3483 parvi
431 3389 574 3482 periculi
596 3411 668 3459 rem
687 3390 849 3474 sciamus
868 3388 915 3460 ad
931 3391 1008 3462 irati
1030 3402 1065 3462 et
1085 3390 1198 3462 rabidi
1219 3392 1310 3467 iudi-

228 3514 278 3584 cis
301 3512 451 3583 tribunal
472 3510 650 3595 accedere,
668 3522 703 3582 et
723 3518 787 3582 nos
806 3524 885 3584 ante
903 3513 1016 3606 ipsum
1030 3514 1224 3587 iracundiae
1238 3527 1310 3586 tuae

229 3637 356 3706 fulmen
370 3635 463 3706 vivis
478 3644 514 3705 et
527 3633 622 3705 veris
637 3633 782 3705 vocibus
796 3657 982 3718 excusare,
998 3635 1125 3728 quibus
1140 3640 1197 3708 vel
1214 3649 1309 3709 tuam

188 3753 190 3765 ’
229 3761 447 3850 placaremus
475 3757 661 3838 insaniam,
697 3757 865 3849 velquia,
896 3758 1138 3842 utcredimus,
1163 3760 1220 3830 illa
1243 3761 1310 3831 nisi

227 3880 310 3957 xferri
327 3881 401 3949 acie
423 3879 534 3970 frangi
556 3876 693 3971 nequit,
723 3900 841 3950 coram
871 3882 943 3951 Deo
961 3883 1083 3952 saltem
1102 3891 1139 3952 et
1159 3881 1312 3952 homini·

231 4001 297 4071 bus
314 4012 469 4074 nostram
487 4002 718 4073 innocentiam
736 4002 974 4094 probaremus.
994 4005 1062 4074 Sed
1088 3998 1257 4097 quoniam
1280 4015 1315 4076 te

231 4143 297 4192 non
333 4121 469 4219 Imperii
507 4125 696 4208 vicariurn,
732 4126 795 4197 scd
827 4125 1089 4219 stipendiarium
1121 4128 1256 4214 surum,
1277 4137 1317 4200 ut
