2730 4680
220 331 259 390 te
556 341 597 387 un
619 341 719 388 susus
741 339 965 388 raurnranrsus

222 482 314 569 longi
342 481 472 549 amoris
500 478 711 562 recordati0,
741 478 843 548 simul
870 477 969 548 amici
997 479 1094 546 frons
1115 487 1301 568 conspecta

224 585 441 674 monstrabit.
469 605 507 673 ln
525 603 617 673 illius
638 603 748 674 oculis
766 604 861 694 leges
882 601 977 693 quod
998 623 1063 670 nec
1084 620 1151 691 ego
1170 602 1301 695 possim

223 728 370 812 dictare,
391 749 455 798 nec
474 727 604 799 Cicero.
623 728 718 798 Vale.

365 873 524 941 Mediolani,
540 873 589 926 ΙΙΙ.
607 873 746 926 Kalendas
760 872 889 942 Augusti,
905 873 996 942 prima
1011 871 1079 925 sace.

728 1122 805 1130 —-

624 1324 809 1401 'uersuum
829 1338 897 1399 Xlll.

395 1508 590 1557 FRANClSCUS
611 1510 781 1558 Purntucn
801 1511 903 1558 LAELIO
927 1510 986 1558 SUO
1008 1510 1033 1558 S.
1057 1512 1084 1557 P.
1107 1510 1136 1557 D.

229 1647 390 1705 Gratulatur
412 1651 472 1704 eius
494 1667 557 1704 cum
582 1652 692 1705 Socrate
717 1652 932 1720 redintegratam
954 1651 1187 1719 familiaritatem,
1208 1652 1311 1722 asperi-

316 1744 402 1793 tatem
415 1738 514 1792 hiemis
528 1740 720 1810 conqueritur:
738 1740 857 1810 denique
875 1755 904 1792 se
922 1739 957 1792 ab
972 1739 1048 1792 omni
1062 1756 1179 1792 munere
1194 1740 1221 1792 in
1236 1740 1311 1792 curia

317 1828 444 1882 obeundo
459 1845 543 1899 quam
557 1830 677 1882 maxime
691 1829 852 1882 abhorrere.

328 2083 496 2153 Crescens
509 2082 701 2174 occupatio,
716 2082 943 2153 decrescente
955 2081 1036 2162 vita,
1054 2080 1136 2150 facit
1155 2092 1193 2150 ut
1211 2082 1313 2152 solito

231 2208 361 2280 tardior
375 2207 419 2278 ad
433 2204 654 2278 scribendum
669 2206 747 2290 sim,
763 2226 805 2275 ac
818 2227 862 2274 ne
879 2207 966 2275 forte
983 2204 1085 2274 aliam
1107 2203 1311 2294 suspiceris,

230 2330 411 2422 occupatio
434 2331 492 2399 illa
512 2337 615 2399 vetus
637 2328 699 2398 sed
717 2327 860 2397 assidue
882 2327 1094 2418 repullulans
1116 2325 1312 2396 studiorum

230 2475 400 2534 meorum,
424 2452 545 2541 inqua
568 2472 636 2520 non
659 2451 814 2520 seniliter
835 2460 990 2541 tepesc0,
1023 2450 1084 2519 sed
1114 2450 1315 2519 iuveniliter

231 2575 424 2646 inardesco.
446 2573 594 2644 Mirum:
616 2595 694 2643 cum
718 2573 802 2642 mibi
828 2573 946 2643 omnia
971 2572 1111 2643 fastidio
1140 2572 1226 2655 sint,
1256 2573 1314 2641 illa

233 2721 301 2769 una
328 2698 402 2768 sine
424 2695 519 2767 taedii
546 2717 651 2765 sensu
677 2716 769 2766 nova
791 2696 876 2765 milri
896 2695 932 2765 in
955 2696 1031 2766 dies
1058 2694 1315 2766 oblectamenta

169 2900 171 2902 v
233 2820 463 2911 congeminat.
491 2817 599 2890 Hodie
626 2818 776 2911 primum
797 2818 880 2888 mihi
903 2819 1029 2889 videor
1053 2820 1214 2910 coepisse.
1247 2820 1316 2889 lm-

234 2947 348 3038 pletur
364 2946 409 3016 ad
430 2947 578 3016 litteram
601 2946 636 3014 in
658 2967 713 3015 me
735 2944 829 3037 quod
846 2945 894 3013 ait
911 2944 968 3013 ille
989 2944 1044 3012 vir
1062 2942 1219 3037 sapiens:
1240 2964 1320 3012 cum

235 3071 513 3138 consummaverit
529 3071 623 3137 bomo
642 3080 720 3136 tunc
737 3069 894 3160 inebriet,
917 3079 1038 3135 etcum
1057 3069 1216 3156 quieverit
1235 3079 1315 3136 taluc

236 3193 433 3282 operabitur.
452 3190 612 3261 Accessit
633 3189 790 3262 absentia
816 3188 962 3280 longior.
990 3192 1116 3281 Magna
1143 3190 1315 3283 siquidem

235 3322 334 3406 parte
354 3312 488 3384 brumae
510 3314 614 3383 huius
637 3325 671 3384 et
686 3314 821 3384 Patavii
837 3324 872 3384 et
888 3313 923 3383 in
941 3317 1071 3404 angulo
1083 3314 1314 3399 Venetorum,

237 3445 275 3506 ut
297 3436 384 3505 Livii
404 3435 513 3508 verbo
532 3446 624 3520 utar,
646 3459 778 3507 moram
797 3437 898 3506 traxi.
923 3438 995 3508 Hoc
1015 3439 1090 3532 ipso
1110 3437 1168 3507 die
1188 3448 1225 3506 et
1251 3437 1317 3509 hac

188 3552 190 3554 ’
237 3562 323 3632 hora
341 3560 574 3632 Mediolanum
598 3561 698 3645 redii,
721 3563 836 3632 tessus
856 3571 891 3631 et
917 3562 1032 3631 ventis
1058 3583 1100 3632 ae
1125 3560 1317 3652 frigoribus

237 3685 396 3755 adustus.
414 3685 487 3755 Non
510 3684 652 3755 suntad
672 3683 896 3755 scribendum
915 3686 1146 3758 instrumenta
1166 3709 1231 3756 nec
1244 3691 1318 3759 ani-

238 3830 339 3889 mus;
374 3807 482 3878 hebes
514 3810 682 3892 calamus
715 3817 945 3878 atramentum
974 3810 1132 3900 glaciale,
1161 3832 1318 3905 papyrus

240 3933 420 4022 squallida,
438 3953 562 4002 manus
579 3932 709 4023 rigens
727 3941 863 4027 tempus
876 3931 1091 4003 intractabile
1107 3934 1183 4003 sine
1195 3955 1319 4004 exem-

239 4055 310 4143 plu,
329 4054 424 4144 quod
441 4077 553 4148 usque
568 4055 612 4126 ad
630 4054 844 4146 religionem,
869 4067 905 4126 ut
926 4055 1061 4137 dieitur,
1080 4065 1115 4126 et
1135 4056 1316 4128 horrorem

240 4196 381 4245 uersum
405 4200 533 4249 annum
555 4179 635 4248 fecit
656 4177 840 4268 insignem.
863 4181 1045 4271 Nunquam
1069 4179 1160 4250 cnim
1189 4181 1221 4249 in
1245 4203 1317 4250 me-
