2738 4680
141 336 199 396 156
483 344 525 393 nu
547 341 647 391 nunus
669 338 894 388 nutrieranrnus

141 490 403 561 circumventus
424 497 490 558 est.
513 485 712 576 Augustum
727 479 877 553 ¹fulmina
899 486 1120 549 metuentem⁴
1134 498 1227 548 mur-

142 613 209 684 bus
235 635 277 684 ae
303 611 439 683 senium
467 609 625 688 resolvit,
653 617 688 677 et
714 603 949 675 Domitianum
974 598 1092 691 iungis
1117 598 1227 670 absti-

142 744 283 808 nentem
303 729 659 821 inveneruut'gladii,
678 737 715 798 et
730 728 929 798 cessantem
943 723 1110 814 agladiis
1124 722 1228 792 Clau·
1309 823 1311 828 Ι

142 858 238 931 dium
250 857 399 930 'boletus
420 854 485 926 sed
502 852 695 924 medicatus
710 849 876 921 extinxit.
894 845 1079 918 Africanus
1096 845 1226 928 iunior,

142 1002 256 1073 quem.
269 982 364 1051 nulla
385 979 479 1050 acies
501 979 617 1048 nullus
631 974 744 1047 hostis
758 975 923 1064 fregerat,
947 992 1015 1042 nun
1029 970 1222 1050 Numantia,

142 1123 214 1174 nen
246 1101 432 1194 Carthago,
463 1109 611 1172 mortem
638 1098 777 1193 reperit
794 1097 829 1165 in
850 1093 1025 1185 coniugali
1045 1093 1226 1174 cubiculo,

143 1225 238 1316 quud
251 1247 380 1316 magno
400 1225 448 1295 illi
464 1224 666 1296 Graecorum
686 1222 760 1313 regi
779 1221 960 1312 Troiaeque
977 1214 1102 1289 victuri
1123 1229 1229 1311 atque

144 1349 304 1424 eversuri
329 1358 424 1419 tantu
450 1345 758 1440 priusssaeuideratss
787 1342 857 1414 Sed
882 1363 952 1436 quu
978 1340 1110 1436 pergo?
1138 1340 1230 1426 Quid

145 1467 433 1564 impraemeditate
454 1460 676 1559 muriedtium
698 1462 1059 1560 exemplaeoacerro,
1075 1485 1156 1536 cum
1169 1458 1230 1558 ρο-Ι

146 1592 214 1667 tius
236 1591 270 1661 ln
292 1593 466 1663 contrario
486 1590 726 1669 laborandum.
741 1592 800 1676 sit,
828 1601 876 1660 et
889 1586 1132 1681 exemplorum
1161 1604 1229 1659 nun

145 1714 245 1806 eopia
273 1715 336 1787 sed
360 1715 486 1786 raritas
513 1713 734 1787 acervanda?
759 1712 928 1797 Quotiens
955 1711 1047 1812 enim
1079 1713 1229 1804 quisque

146 1837 344 1911 mortalium
367 1839 663 1932 utupinatusest
690 1836 850 1919 moritur,
878 1846 914 1907 et
934 1855 1013 1919 nun,
1037 1836 1075 1905 ut
1100 1831 1230 1906 dictum

146 1969 219 2044 est,
233 1969 398 2054 tempore,
414 1971 475 2032 aut
488 1964 573 2044 luco,
588 1970 649 2032 ant
662 1962 738 2055 ipso
751 1959 873 2031 mortis
890 1960 925 2028 in
939 1979 1071 2049 genere
1083 1955 1228 2040 fallitur,

146 2091 183 2155 et
207 2081 382 2159 interdum
409 2085 487 2155 falsi
517 2087 600 2174 luga
631 2085 670 2154 in
701 2104 825 2154 verum
859 2081 996 2172 impulit
1023 2079 1232 2164 discrimen?

149 2204 258 2291 Unius
291 2208 374 2298 fuga
390 2205 715 2303 permaneremus
745 2226 854 2277 eausa
884 2211 962 2274 est:
988 2205 1119 2274 multus
1152 2203 1232 2274 mali

147 2339 264 2400 metus
281 2330 315 2398 in
337 2330 465 2400 malum
488 2329 608 2413 trusit,
631 2327 730 2399 iuxta
747 2326 833 2398 illud
849 2308 1089 2421 propheticum
1108 2326 1229 2398 lsaiae:

152 2448 221 2538 Qui
234 2453 357 2542 suqerit
377 2449 488 2543 inquit
508 2473 529 2519 a
551 2471 630 2518 uoce
653 2447 840 2541 formidinis
856 2447 947 2519 cadet
964 2449 1010 2517 'in
1024 2452 1175 2538 foueam,
1202 2459 1232 2517 et

148 2574 206 2662 qui
226 2594 261 2642 se
280 2574 480 2665 euplieuerit
499 2572 537 2641 de
560 2577 671 2663 fovea,
691 2573 852 2642 tenebitur
877 2594 899 2641 ιι
925 2575 1049 2661 laqueo.
1078 2573 1122 2643 Ut
1156 2592 1234 2643 eer-

149 2693 284 2765 tisaima
308 2694 451 2786 quidem
476 2717 595 2766 rerum
615 2695 781 2768 omnium·
800 2715 910 2776 mors,
942 2695 994 2766 sie
1022 2670 1114 2767 cirea
1140 2696 1231 2766 illam

149 2817 381 2888 incertissima
409 2818 540 2902 omnia,
575 2817 732 2911 nihilque
761 2830 831 2889 tam
859 2806 1024 2908 ambigue
1056 2815 1095 2888 fit
1126 2839 1230 2910 quam

148 2939 243 3033 qnod
264 2962 333 3011 non
355 2939 430 3012 fieri
452 2963 519 3014 non
542 2961 731 3034 posseuon
745 2941 944 3032 ambigitur.
959 2933 1130 3025 Quaenam
1147 2962 1232 3013 vero

151 3058 541 3158 haeceuraestquand0‚
560 3066 633 3150 ubi
650 3045 1233 3181 seuquibuspereaminstrumen-

152 3186 211 3269 tis
224 3209 273 3258 an
288 3187 332 3259 sit
342 3189 449 3279 igniS,
464 3211 507 3259 an
522 3193 681 3282 laqueus
697 3212 740 3260 an
755 3187 871 3273 febris
888 3211 932 3260 an
950 3187 1097 3279 gladius
1117 3210 1162 3258 an
1169 3192 1234 3258 ru-

151 3311 220 3396 dia,
236 3333 281 3382 an
294 3312 444 3406 lapides
461 3333 504 3382 an
520 3312 611 3398 sitis
627 3335 671 3385 an
686 3333 819 3405 aequor
842 3334 886 3383 an
904 3311 1052 3394 fluviae,
1068 3332 1113 3381 an
1126 3331 1238 3382 venex

151 3435 247 3506 num.
262 3435 338 3507 Non
351 3436 430 3508 dico
448 3436 566 3508 itidem
583 3459 628 3507 an
641 3439 766 3520 fames,
779 3458 824 3507 an
838 3419 989 3529 crapula,
1003 3417 1048 3506 an
1063 3436 1233 3506 honestus

152 3559 260 3643 labor,
275 3580 318 3630 an
334 3561 445 3653 turpis
466 3560 588 3632 inertia
606 3586 612 3628 :
634 3562 798 3652 quoniam
818 3559 908 3631 inter
926 3541 1004 3631 haee
1016 3538 1235 3654 praelargiter

153 3682 277 3754 differt.
297 3683 367 3754 Sed
386 3683 470 3755 dum
491 3678 608 3755 cesset
628 3684 742 3776 culpae
766 3684 880 3767 virus
908 3683 1132 3755 eonscientiae
1159 3685 1236 3754 vul-

153 3804 237 3891 nus,
259 3806 365 3877 febris
386 3807 488 3876 effect
474 3815 587 3887 tuum,
611 3805 805 3878 insolentiae
820 3818 950 3889 tumor,
965 3806 1055 3878 livor
1072 3804 1235 3888 iulamiae

155 3949 218 4021 per
238 3949 278 3998 se
293 3927 410 4021 ipsam
432 3927 546 3999 omnis
566 3949 662 3999 murs
689 3943 766 3999 una
782 3939 888 4022 atque
914 3929 1037 4000 eadem
1071 3937 1144 4012 est,
1174 3926 1237 3997 illa

155 4051 296 4142 quidem
317 4045 492 4124 evitabilis
512 4051 610 4136 nulli,
634 4045 886 4147 aequaliterque
912 4038 1112 4124 omnibus
1104 4058 1239 4160 impen-

156 4170 322 4260 denst
285 4188 322 4248 et
347 4170 510 4268 opulento
537 4175 622 4266 regi,
652 4185 687 4247 et
712 4175 804 4268 inopi
831 4173 1008 4267 agricolae,
1040 4183 1075 4244 et
1100 4172 1238 4245 delectu
