2738 4680
231 303 290 364 100
573 315 615 363 ns
631 312 733 381 nauus
754 312 977 364 rnuurmunus

230 474 345 538 scere,
366 450 467 525 disco
491 453 589 523 mori.
610 452 767 536 Quorum
800 452 836 522 in
869 453 979 523 altero
1004 471 1172 545 quorsum
1201 452 1319 525 studio

228 587 419 671 provectus
443 575 519 660 sim,
539 575 616 647 dies
637 583 798 646 extrema
820 574 1021 647 testabitur:
1040 575 1199 669 ancipitis
1225 576 1318 647 enim

231 699 465 793 experimenti
486 706 554 782 est,
574 697 668 788 quod
702 699 737 768 in
771 699 865 770 omni
898 706 1054 790 tempore
1086 694 1162 773 fieri
1195 697 1319 790 nequit

231 823 381 914 amplius
402 841 509 913 quam
530 823 652 891 semel.
671 823 709 890 In
727 822 838 892 altero
855 830 973 892 autem
991 841 1034 891 eo
1052 841 1165 913 usque
1187 821 1315 913 prodii,

229 956 269 1016 ut
289 944 477 1018 accedente
499 944 597 1018 senio
623 947 659 1016 in
684 945 761 1017 dies
787 943 931 1015 uberius
953 953 1072 1034 grates
1094 966 1215 1036 agam,
1243 967 1318 1015 ma·

229 1069 344 1162 lisque
363 1068 489 1140 vinclis
511 1091 568 1140 me
588 1067 735 1152 absolvi,
750 1076 787 1138 et
799 1066 903 1160 gravi
924 1088 1031 1138 onere
1051 1066 1173 1152 levari,
1195 1076 1233 1137 et
1253 1067 1317 1138 im-

229 1191 354 1263 merito
375 1190 533 1262 convicio
553 1190 766 1263 diffamatam
782 1199 921 1262 aetatem
940 1189 1034 1259 iliam
1053 1210 1143 1260 rear.
1156 1189 1318 1263 Proiecto

125 1365 127 1369 -
228 1314 323 1387 enim
345 1335 416 1385 non
436 1313 569 1398 aetatis,
593 1312 656 1386 sed
681 1315 834 1405 ignaviae
851 1323 906 1385 est
926 1313 1023 1405 quod
1043 1323 1229 1385 accusator
1255 1334 1318 1384 na-

230 1446 320 1508 turae
336 1445 596 1529 excusatorque
613 1436 668 1507 sui
686 1438 837 1530 populus
855 1435 1000 1507 senibus
1018 1435 1176 1529 imputat.
1194 1435 1316 1508 Omnis

229 1569 317 1631 aetas
338 1567 374 1630 et
393 1558 533 1630 virtutis
550 1569 587 1630 et
604 1559 678 1629 vitii
697 1567 733 1630 et
749 1559 873 1651 gloriae
885 1568 921 1631 et
938 1559 1091 1629 infamiae
1111 1579 1225 1652 capax
1243 1568 1314 1644 est,

229 1702 277 1753 ex
298 1702 369 1774 quo
388 1681 539 1775 primum
566 1681 761 1774 intelligere
782 1703 823 1753 ao
843 1681 977 1753 ratione
997 1681 1046 1753 uti
1069 1682 1224 1775 eoeperit.
1246 1682 1317 1752 Ve-

228 1827 307 1877 rum
329 1804 419 1877 sicut
439 1804 593 1877 humano
613 1804 721 1876 victui
741 1826 803 1898 per
826 1826 864 1876 se
885 1804 960 1898 ipsa
980 1803 1105 1876 bruma
1126 1826 1196 1876 non
1218 1804 1315 1875 suffi-

229 1929 290 2010 cit,
306 1940 342 2000 at
358 1927 389 2000 si
403 1926 624 2022 providentia
638 1928 766 2000 aestiva
783 1929 1014 2023 praecesserit,
1030 1924 1126 1999 baud
1138 1928 1316 2000 inamoena

228 2073 311 2146 pars
344 2051 426 2123 anni
456 2060 522 2138 est,
555 2051 607 2123 sic
636 2052 751 2144 longae
781 2061 944 2124 senectus
965 2051 1100 2123 inertiae
1122 2051 1316 2125 succedens

230 2175 342 2268 inope,
361 2175 472 2246 tristis
493 2186 528 2249 et
550 2175 679 2248 sterilis
700 2185 807 2269 atque
827 2175 961 2247 inutilis
979 2175 1063 2247 vitae
1076 2197 1176 2269 pars:
1189 2175 1315 2246 eadem

229 2301 384 2372 iuventae
404 2299 530 2370 studiis
550 2301 727 2391 praefulta,
749 2297 852 2369 dives
872 2296 1114 2390 bonarumque
1138 2301 1239 2369 ferax
1259 2320 1317 2369 ar-

229 2421 334 2506 tium,
353 2431 459 2514 atque
480 2420 575 2493 utilis
596 2429 631 2492 et
652 2420 804 2493 iucunda
823 2431 893 2492 est:
920 2441 1001 2514 quae
1029 2422 1059 2491 si
1085 2421 1130 2492 ad
1151 2421 1200 2490 nil
1221 2420 1317 2493 aliud

229 2543 416 2639 prodesset
441 2564 548 2635 quam
573 2543 669 2636 quod
694 2543 966 2636 praecedentium
993 2554 1134 2616 aetatum
1160 2543 1315 2614 omnium

230 2677 345 2736 aestus·
355 2663 452 2748 lenit,
471 2662 625 2749 abunde,
645 2665 680 2736 ni
697 2667 809 2750 fallor,
825 2688 944 2740 causae
958 2669 1023 2739 erit
1040 2690 1103 2739 cur
1115 2678 1150 2739 et
1162 2664 1317 2761 optanda

229 2796 325 2861 esset
336 2796 371 2859 et
383 2786 543 2858 amanda.
562 2790 646 2873 Quis
661 2792 800 2875 etenim,
815 2790 884 2861 nisi
897 2789 1066 2883 ingratus
1081 2804 1152 2860 non
1166 2789 1316 2880 gratiam

231 2910 361 2983 habeat
377 2910 472 2983 aetati
487 2912 681 2986 consulenti
704 2913 847 2985 meliora
856 2924 891 2986 et
903 2913 1160 2986 consummanti
1176 2935 1219 2986 ea
1237 2934 1318 3007 quae

230 3035 319 3106 ratio
340 3009 510 3108 hactenus
536 3038 636 3130 pigra
663 3036 873 3129 neglexerit,
899 3035 1176 3130 deniquequod
1200 3045 1257 3109 est
1282 3036 1317 3107 in

232 3157 374 3229 bomine
389 3158 578 3250 pessimum
598 3161 800 3253 extirpanti,
821 3158 985 3254 quodque
1005 3171 1061 3231 est
1081 3161 1251 3254 optimum
1266 3161 1319 3231 in-

232 3280 388 3351 serenti?
408 3278 476 3352 Sed
497 3281 604 3353 redeo
635 3283 680 3354 ad
710 3285 898 3377 inceptum,
932 3293 969 3355 et
987 3283 1199 3378 praecipuam
1223 3285 1316 3356 illam

235 3401 432 3475 studiorum
452 3425 585 3490 curam,
600 3404 635 3476 in
650 3428 720 3499 qua
741 3428 807 3498 ego
829 3409 879 3478 sic
899 3429 1069 3480 exerceor
1091 3409 1195 3480 anxie
1215 3408 1320 3501 quasi

232 3550 326 3599 nune
347 3527 517 3620 ceperim,
539 3537 574 3600 et
595 3529 625 3599 si
644 3527 731 3600 nihil
748 3530 911 3624 amplius,
932 3531 1017 3603 satis
1035 3529 1203 3623 estquod
1229 3533 1320 3602 mul-

232 3649 277 3721 tis
298 3649 431 3721 interea
451 3650 545 3722 curis
568 3651 738 3744 gravibus
760 3651 955 3738 abstrahor,
969 3664 1005 3726 et
1018 3652 1208 3726 obliviscor
1230 3664 1331 3725 tem--

232 3793 378 3863 porum,
400 3782 434 3844 et
454 3774 610 3847 delector
634 3784 670 3846 et
695 3775 792 3848 iuvat
812 3776 945 3860 vivere,
969 3788 1004 3849 et
1023 3800 1066 3851 ea
1091 3776 1220 3869 quibus
1244 3800 1320 3862 ma-

234 3895 329 3967 xime
349 3897 591 3969 conflictantur
612 3898 772 3971 homines
798 3899 862 3972 vix
887 3901 1008 3973 sentio.
1037 3902 1157 3995 Itaque
1184 3900 1317 3972 divitiis

234 4016 291 4084 alii
309 4016 503 4092 bonoribus
525 4030 585 4093 aut
606 4022 846 4117 voluptatibus
866 4025 1008 4096 inhient.
1028 4026 1104 4118 Ego
1124 4026 1160 4097 in
1182 4025 1249 4098 hoc
1266 4026 1318 4099 di-

233 4138 339 4211 vitias
373 4164 480 4227 meae,
517 4146 552 4215 in
574 4144 640 4218 boc
673 4144 824 4221 honores
857 4151 1125 4245 voluptatesque
1158 4152 1315 4246 reposui:
