2940 4650
225 298 283 357 t58
582 383 584 388 y
681 314 844 364 vlnunun

225 477 349 548 preces
370 464 450 528 tuae.
479 457 554 529 Non
581 459 669 528 solet
687 466 764 529 tuas
781 458 838 529 ille
858 456 1064 550 despicere:
1101 462 1266 553 proinde
1286 485 1325 534 ue

226 580 346 658 videar
372 579 545 672 precando
573 578 741 668 diffidere,
768 602 919 672 agenon
941 592 977 652 ut
999 604 1173 670 mereor,
1196 586 1264 657 sed
1289 598 1322 657 ut
1411 611 1412 614 ¹

227 724 340 798 spero.

366 826 528 898 Mediolani,
544 825 639 882 Idibus
653 824 768 881 Martiis.

625 1213 803 1277 RPlSTOLA
822 1213 895 1278 LVI.-

265 1359 460 1409 FRANCISCUS
481 1359 652 1408 PETRARCA
672 1359 849 1408 FRANClSCO
870 1357 977 1408 PRIORl
996 1359 1041 1407 SS.
1065 1359 1278 1413 APOSTOLOR.

696 1458 723 1506 S.
745 1459 773 1506 P.
795 1460 826 1508 D.

221 1601 262 1656 De
272 1600 367 1670 Legati
373 1599 538 1655 nomine.Sc
548 1600 624 1671 gravi
636 1599 824 1670 periculoDeo
837 1599 982 1655 adiuvante
995 1600 1167 1659 incolumen
1178 1606 1308 1674 evasisse,

399 1704 520 1760 eumque
534 1680 673 1743 Cardinali
684 1687 787 1758 Legata
803 1688 882 1743 enixe
897 1688 1122 1745 commendasse.

319 1914 483 2005 Solebant
502 1935 647 2005 Romani
665 1933 834 2004 Consules
860 1933 995 2022 legatos
1021 1936 1237 2006 consulares
1264 1935 1306 2006 ad

219 2057 413 2129 exercitum
433 2057 578 2141 ducere,
613 2056 741 2148 quihus
767 2056 802 2124 in
834 2052 926 2125 bello
955 2058 1250 2148 cooperatoribus
1272 2067 1305 2128 et

218 2178 474 2252 consultoribus
497 2187 687 2250 uterentur.
707 2180 836 2248 Horum
858 2179 980 2249 crebra
1002 2180 1159 2249 romanis
1184 2182 1221 2250 in
1243 2203 1304 2251 an·
1388 2212 1389 2215 ¹

220 2302 356 2373 nalibus
377 2314 432 2374 est
457 2302 595 2372 mentio.
622 2302 831 2393 Legatornm
864 2300 1079 2371 clarissimus
1111 2299 1302 2372 Africanus

218 2441 386 2496 estmens
408 2426 463 2493 ille
486 2426 656 2516 superior,
679 2425 737 2517 qui
755 2423 860 2493 Lucio
882 2421 1031 2514 Scipioni
1051 2420 1212 2499 Asiatico
1232 2425 1302 2494 fra-

137 2535 139 2539 ’
218 2547 262 2615 tri
289 2554 353 2615 suo
371 2548 505 2636 legatus
526 2546 560 2614 in
578 2546 746 2616 Graeciam
774 2554 879 2638 atque
897 2543 1016 2615 Asiam
1045 2546 1243 2636 proiectus,
1266 2555 1302 2615 ut

217 2671 383 2738 fraternae
401 2667 536 2759 pictatis
556 2668 861 2760 praeclarissimum
879 2669 1088 2760 exemplum,
1106 2669 1158 2737 sic
1171 2670 1299 2760 ingens

217 2809 354 2879 magnae
389 2771 544 2860 victoriae
569 2810 676 2861 causa
694 2791 767 2860 luit.
794 2791 929 2880 Regum
949 2809 1089 2882 quoque
1119 2791 1300 2879 gentium-

215 2935 283 3004 que
304 2913 447 2984 nuncios
470 2904 643 2985 solemnes
666 2915 817 3005 Legatos
844 2912 910 2984 dici
930 2914 1049 2982 solitos
1064 2913 1212 2996 scimus;
1235 2914 1300 2984 ho·

216 3059 292 3106 rum
314 3040 414 3128 plena
434 3047 488 3107 est
505 3038 618 3108 omnis
646 3037 789 3110 historia
820 3059 925 3129 quum
953 3057 1054 3126 reges
1073 3046 1132 3107 aut
1157 3037 1296 3131 populi,

216 3155 290 3227 sive
311 3158 445 3242 hostes,
470 3160 546 3230 sive
560 3159 732 3244 foederati,
754 3159 828 3228 sive
842 3158 931 3228 hello
950 3158 1070 3229 domiti
1084 3159 1222 3248 legatos
1236 3161 1297 3230 vel

214 3280 334 3350 auxilii
357 3281 534 3372 poscendi,
557 3284 612 3352 vel
636 3302 692 3351 res
707 3281 841 3352 ablatas
855 3279 1067 3375 reposcendi,
1082 3282 1139 3350 vel
1155 3283 1298 3359 miseri-

214 3406 342 3476 cordiae
362 3405 588 3497 implorandae
614 3404 724 3496 gratia
754 3405 896 3474 Romam
923 3405 1080 3474 miserint
1109 3405 1296 3498 Romaque

214 3530 438 3599 transmissos
452 3529 653 3620 acceperint,
665 3529 740 3598 sive
755 3528 877 3598 harum
892 3527 1014 3619 aliqua,
1030 3527 1104 3598 sive
1118 3527 1193 3596 aliis
1209 3550 1295 3600 cau-

214 3651 274 3722 sis.
294 3651 503 3722 Clarissimae
517 3649 657 3742 quidem
672 3651 783 3722 hocin
800 3672 929 3742 genere
948 3643 1120 3721 habentur
1135 3659 1171 3720 et
1192 3651 1293 3723 Fabii

211 3773 352 3843 Maximi
378 3774 506 3864 legatio
537 3774 581 3845 ad
612 3772 740 3845 bellum
772 3772 1106 3865 Carthaginensibus
1133 3772 1294 3848 indicen-

212 3897 310 3982 dum,
333 3908 368 3969 et
388 3899 520 3993 Sulpitii
543 3921 584 3971 ac
603 3897 681 3968 Villi
702 3898 746 3970 ad
766 3896 893 3968 bellum
908 3896 1122 3990 scythianum
1146 3917 1294 3991 compe-

124 4032 129 4043 ’
213 4021 395 4106 scendum,
429 4030 464 4092 et
490 4021 553 4091 Titr
579 4020 734 4090 Flaminii
767 4022 801 4090 in
823 4019 1019 4113 Bithyniam
1048 4016 1091 4107 ad
1111 4019 1295 4093 Hanniba-

213 4144 278 4211 lem
306 4142 571 4235 deposcendum.
595 4144 827 4214 Externorum
862 4163 946 4212 vero
975 4141 1103 4232 legatio
1134 4140 1291 4236 insignis
