2940 4650
233 302 291 364 538
453 312 620 363 sarluurscr
642 311 819 362 cerannos
841 312 1094 364 rssrauuuruu.

232 477 297 528 nec
314 455 491 549 permittat
507 454 552 527 ad
570 475 715 527 suorum
735 476 861 528 manus
878 456 1034 530 hostium
1050 456 1262 551 pervenire.
1276 457 1329 530 Ad
1425 466 1426 471 ’

232 578 299 649 hoc
331 588 366 649 ct
398 577 566 649 auxilium
593 577 812 650 Beatissimae
837 578 993 670 Virginis
1014 581 1143 651 matris
1168 600 1266 665 suae,
1295 589 1328 650 et

232 697 324 772 beati
346 698 525 771 Michaelis
550 696 759 791 Archangeli
781 711 985 773 reverenter
1009 710 1045 772 et
1070 699 1231 773 fideliter
1259 702 1324 771 im-

232 825 352 915 ploro;
388 833 424 894 ct
456 831 655 894 sanctorum
691 822 904 914 reliquorum
936 842 1026 914 quos
1058 823 1324 898 intercessores

231 945 323 1038 apud
342 945 519 1016 Christum
540 944 706 1015 invocare
726 964 804 1014 sum
827 945 950 1015 solitus
970 966 1011 1016 ac
1033 965 1195 1037 sperare.

331 1067 463 1159 Corpus
486 1077 601 1136 autem
624 1065 690 1137 hoc
711 1075 887 1136 terrenum
913 1087 955 1137 ac
979 1068 1127 1137 mortale
1147 1067 1320 1141 nobilium

232 1211 376 1278 gravem
410 1188 581 1259 sarcinam
607 1186 816 1268 animorum,
851 1197 968 1271 terras,
1006 1187 1098 1259 unde
1124 1189 1196 1259 sibi
1222 1193 1319 1283 origo

230 1322 298 1394 est,
326 1312 407 1381 volo
434 1309 592 1381 restitui:
622 1320 658 1379 ct
689 1307 756 1379 hoc
789 1308 923 1401 absque
955 1309 1049 1379 omni
1076 1332 1224 1405 pompa,
1256 1313 1318 1385 sed
1420 1293 1423 1334 ³

213 1455 311 1504 vcnm
341 1453 478 1503 summa
508 1430 702 1525 humilitate
722 1439 757 1503 et
777 1430 971 1504 abiectione
990 1441 1122 1524 quanta
1145 1455 1233 1507 esse
1258 1458 1318 1527 po
1427 1456 1430 1462 ’

234 1563 324 1626 test:
348 1553 394 1624 de
414 1575 485 1644 qun
504 1551 682 1624 haeredem
705 1575 820 1625 meum
842 1564 878 1626 et
898 1555 1028 1626 amicos
1059 1575 1187 1626 omnes
1214 1577 1314 1648 rogo,

230 1675 394 1755 obsecro;
421 1685 457 1746 et
486 1675 660 1761 obtestor,
694 1685 729 1746 et
760 1675 884 1748 adiuro
913 1699 977 1770 per
1009 1677 1149 1750 viscera
1180 1680 1317 1751 miseri-

230 1795 360 1869 cordiae
380 1796 442 1867 Dei
463 1796 587 1881 nostri,
614 1806 650 1869 et
676 1819 737 1889 per
762 1797 942 1869 caritatem
969 1797 999 1869 si
1024 1821 1132 1891 quam
1158 1822 1315 1893 unquam

231 1927 275 1999 ad
302 1949 357 1998 me
378 1926 588 2011 hahuerunt,
613 1949 682 1999 nec
707 1927 785 1999 salsi
811 1928 927 2019 specie
946 1926 1089 1999 honoris
1115 1929 1183 2000 hnc
1206 1928 1317 2020 negli-
1428 1971 1429 1976 =

231 2059 335 2142 gant3
358 2071 436 2119 cum
459 2050 509 2120 sic
530 2049 672 2120 omnino
691 2073 747 2120 me
767 2048 904 2133 deceat,
927 2072 969 2120 ac
989 2049 1039 2120 sic
1059 2051 1192 2120 velim:
1213 2051 1262 2121 ita
1280 2059 1316 2121 ut
1429 2028 1430 2031 Ἴ

231 2173 260 2242 si
290 2175 390 2254 sorte,
422 2171 517 2263 quod
537 2171 643 2254 absit,
671 2171 944 2255 contrafecerint,
968 2181 1155 2243 teneantur
1177 2175 1254 2244 Deo
1278 2181 1313 2243 et

230 2293 314 2363 mihi
334 2293 379 2364 de
401 2293 503 2383 gravi
524 2293 707 2386 utriusque
727 2292 858 2363 offensa
881 2293 915 2362 in
940 2292 998 2364 die
1022 2292 1142 2364 iudicii
1169 2315 1317 2387 respon-

230 2415 324 2485 dere.
348 2415 393 2483 Et
413 2414 478 2485 hoc
504 2412 644 2507 quidem
670 2415 716 2486 de
741 2417 879 2496 sunere,
906 2437 999 2486 nunc
1030 2415 1074 2486 de
1107 2417 1315 2506 sepultura:

230 2535 297 2606 hoc
329 2534 449 2607 addito
483 2535 578 2626 quod
609 2558 711 2608 nemo
738 2559 793 2606 mc
815 2536 907 2620 fleat,
931 2559 1033 2608 nemo
1053 2537 1114 2608 det
1134 2537 1316 2621 lacrimas,

230 2657 295 2727 sed
315 2677 378 2746 pro
401 2677 455 2724 me
477 2654 616 2726 Christo
636 2678 775 2749 preces,
798 2661 913 2751 etqui
937 2667 1052 2750 potest
1078 2657 1209 2729 Christi
1230 2682 1318 2752 pau-

229 2775 371 2870 peribus
398 2777 577 2848 caritatem
605 2801 667 2872 pro
689 2801 744 2850 me
763 2802 863 2854 orare
883 2780 1024 2852 monitis
1049 2779 1219 2873 porrigat.
1245 2783 1318 2853 Hoc

229 2901 314 2971 mihi
328 2901 497 2995 prodesse
512 2902 658 2994 poterit:
680 2902 783 2975 fletus
804 2911 919 2974 autem
936 2912 972 2972 et
987 2900 1161 2971 defunctis
1181 2901 1316 2988 inutile,

228 3031 264 3091 et
284 3020 447 3093 flentibus
468 3036 524 3093 est
542 3022 744 3096 damnosus.
767 3026 818 3095 De
838 3026 914 3094 loco
939 3031 1055 3094 autem
1076 3042 1145 3092 non
1167 3042 1319 3113 magno·
1403 3113 1405 3119 Ι

227 3163 312 3237 pere
333 3163 427 3214 euro.
451 3144 638 3216 Contentor
671 3145 752 3238 poni
783 3144 994 3237 ubicumque
1023 3145 1096 3214 Deo
1127 3142 1316 3235 placuerit,

216 3260 264 3336 'et
283 3263 336 3334 his
355 3263 414 3356 qui
433 3265 524 3336 hane
541 3257 661 3337 curam
679 3266 859 3359 suscipere
875 3264 1124 3356 dignabuntur.
1139 3260 1177 3330 si
1199 3244 1321 3334 tamen

229 3386 435 3478 expressius
455 3410 533 3459 mea
559 3388 605 3459 de
631 3388 696 3459 hoc
721 3391 885 3459 voluntas
919 3385 1140 3478 exquiratur,
1173 3383 1321 3478 sepeliri

228 3511 367 3593 vellem,
395 3510 424 3578 si
447 3508 577 3580 Paduae
610 3509 670 3579 ubi
700 3531 793 3580 nunc
819 3531 897 3580 sum
924 3506 1067 3591 moriar,
1096 3506 1132 3574 in
1162 3507 1323 3578 ecclesia

228 3630 344 3702 Sancti
377 3629 564 3722 Augustini
594 3653 697 3723 quarn
733 3632 858 3702 iratres
892 3627 1141 3721 praedicatores
1173 3637 1320 3713 tenent,

228 3755 309 3845 quia
333 3762 369 3824 et
394 3755 492 3824 locus
523 3755 638 3825 animo
666 3774 746 3824 meo
779 3761 901 3845 gratus
922 3762 994 3834 est,
1014 3759 1050 3822 et
1069 3749 1160 3821 iacet
1184 3748 1262 3822 illic
1288 3752 1323 3823 is

227 3878 285 3966 qui
312 3897 367 3946 mc
392 3876 579 3969 plurimum
613 3875 758 3958 dilexit3
793 3875 896 3968 inque
918 3875 984 3944 has
1004 3882 1117 3945 terras
1142 3871 1214 3964 piis
1236 3896 1323 3967 pre·
1401 3853 1403 3857 ⁵

227 3996 325 4068 cibus
347 3999 488 4071 attraxit
507 3999 786 4092 praeclarissimae
806 3996 983 4068 memoriae
999 3992 1144 4067 lacobus
1162 3992 1210 4066 de
1231 3996 1323 4067 Car-

229 4119 319 4190 raria
353 4130 434 4197 tunc
466 4123 595 4195 Padnec
621 4120 794 4196 dominus.
826 4120 860 4190 Si
887 4129 1001 4192 autern
1029 4115 1225 4209 hrquadae,
1259 4119 1322 4193 ubi
