2730 4680
215 324 254 384 78
551 335 592 383 nu
614 335 715 383 nunus
736 333 957 383 rnnrernntaus

215 494 290 564 quo,
310 470 423 562 magis
445 469 599 562 intelligo
624 468 803 561 iudignum
827 477 859 540 te
884 469 949 541 hac
971 470 1073 540 sortis
1094 468 1232 552 iniuria,
1259 484 1293 543 et

216 590 359 672 nisime
385 623 482 672 amor
502 601 600 684 fallit,
624 600 755 673 laetiora
776 601 1012 693 promeritum.
1035 602 1213 697 Praecipue
1232 625 1293 673 au-

216 736 285 798 tem
307 737 421 798 motus
456 747 534 797 sum
567 735 602 797 et
633 725 738 796 altius
770 725 899 797 indolui
931 727 976 798 ad
1008 728 1105 799 illum
1136 728 1293 822 epistolae

216 860 285 919 tuae
305 849 430 933 locum,
463 848 521 918 ubi
542 849 594 919 ais
617 858 649 919 te
668 859 704 919 et
724 858 859 919 naturae
880 849 1071 931 tenerioris,
1107 859 1155 921 et·
1169 850 1205 920 in
1221 850 1294 922 die-

151 985 152 988 ’
214 972 282 1043 bns
300 970 366 1043 iam
386 993 612 1064 progressum
643 971 712 1043 tuis
733 971 847 1043 vereri
865 993 909 1041 ne
930 972 1071 1044 deserta
1100 973 1210 1067 patria
1234 972 1293 1043 ubi

215 1096 304 1167 mori
336 1095 503 1188 optabaS,
537 1096 674 1186 cogaris
709 1096 849 1167 tandem
883 1097 1014 1167 alienas
1051 1097 1183 1168 ambire
1216 1119 1295 1192 pro

215 1218 349 1290 vincias
368 1218 648 1311 peregrinatione
669 1217 911 1313 intempestiva
937 1231 973 1290 et
992 1222 1149 1305 molesta,
1171 1231 1293 1314 etqua

215 1343 261 1411 nil
291 1342 422 1412 tristius
448 1341 519 1433 pati
543 1341 671 1436 possis.
698 1342 790 1425 Quid
820 1341 864 1412 ad
889 1343 967 1415 haec
992 1343 1133 1415 dicam?
1161 1345 1292 1437 Negem

216 1467 339 1558 gravia
359 1486 450 1549 esse,
473 1485 552 1556 quae
570 1485 695 1535 sensus
717 1466 823 1536 animi
843 1465 946 1538 docet
962 1488 1042 1538 esse
1063 1466 1296 1560 gravissima?

216 1587 356 1659 lubeam
385 1590 535 1659 ferreum
561 1607 641 1658 esse
667 1611 746 1658 cum
772 1589 822 1660 sis
847 1593 1016 1662 carneus?
1040 1591 1199 1660 Moneam
1226 1610 1293 1660 non

216 1711 337 1781 videre
355 1731 436 1804 quae
461 1711 494 1780 in
517 1711 627 1782 oeulis
654 1716 757 1783 sunt‘l
776 1715 901 1785 Horter
925 1712 1081 1784 oblivisci
1108 1715 1292 1805 vulnerum

217 1854 297 1925 quae
321 1832 423 1904 novis
449 1832 575 1904 ictibus
602 1835 744 1906 assidue
770 1835 1041 1908 recrudescunt?
1068 1834 1218 1906 Facilius
1242 1833 1295 1903 di-

219 1967 345 2026 cuntur
363 1955 430 2026 ista
447 1978 550 2048 quam
573 1955 669 2027 fiunt.
688 1957 792 2029 Fiunt
809 1968 923 2029 tamen
942 1959 971 2028 si
988 1958 1120 2050 ingenti
1137 1958 1217 2029 nisu
1237 1979 1296 2028 as·

219 2101 372 2171 surgens
397 2081 534 2150 animus
566 2082 674 2152 iraena
704 2079 943 2165 momorderit,
976 2102 1086 2172 seque
1119 2101 1223 2173 supra
1258 2100 1296 2148 se

219 2202 333 2295 ipsum
366 2186 517 2295 erigens,
546 2202 693 2295 pedibus
725 2201 878 2274 humana
913 2200 1158 2274 substraverit.
1196 2201 1297 2285 Quod

219 2326 332 2418 ipsum
358 2328 478 2408 fateor,
503 2327 578 2395 sine
598 2324 875 2420 praesentissimo
900 2325 962 2396 Dei
983 2325 1115 2397 auxilio
1140 2323 1214 2396 fieri
1235 2347 1297 2396 ne·

218 2449 303 2539 quit.
337 2451 408 2520 Hoc
441 2471 565 2534 unum,
601 2447 667 2520 hoc
698 2447 847 2542 primum
874 2457 979 2540 atque
1011 2449 1181 2540 ultimum,
1205 2446 1298 2541 quod

221 2581 419 2643 scrutantes
444 2581 569 2642 cuneta
603 2570 799 2665 philosophi
834 2593 903 2641 non
934 2571 1107 2653 viderunt,
1129 2570 1230 2641 nobis
1264 2571 1297 2639 in

220 2694 313 2763 omni
339 2703 460 2764 nostra
485 2693 698 2765 adversitate
724 2693 925 2786 suppliciter
952 2693 1205 2788 implorandum
1231 2703 1296 2764 est.

221 2817 357 2887 Coetera
377 2817 435 2887 illa
455 2818 599 2908 vulgata
620 2817 713 2901 suut',
737 2816 836 2889 ludos
858 2838 941 2917 suos
968 2823 1073 2909 agere
1098 2816 1297 2903 fortunam,

221 2940 303 3010 dum
317 2938 493 3012 blanditur
505 2940 745 3027 metuendam,
760 2941 972 3030 irridendam
990 2941 1072 3012 dnm
1092 2950 1195 3025 tonat,
1215 2940 1299 3012 dum

221 3064 379 3135 fulminat
397 3066 703 3148 contemnendam,
726 3087 768 3137 eo
789 3066 854 3137 sibi
876 3067 990 3137 minus
1012 3064 1093 3138 fidei
1114 3087 1207 3149 esse,
1229 3087 1301 3158 quo

222 3189 354 3259 laetiora
378 3189 590 3282 promiserit,
625 3210 667 3260 eo
699 3189 815 3260 minus
844 3188 1047 3260 constantiae
1080 3190 1301 3282 inesse‘qno

222 3311 353 3382 maiora
373 3313 588 3406 praestiterit,
623 3334 666 3383 eo
696 3313 811 3384 minus
843 3315 989 3384 telorum
1018 3334 1206 3407 superesse
1226 3336 1300 3406 quo

222 3436 301 3528 plus
324 3434 505 3525 sparserit,
527 3435 662 3506 facilius
683 3436 775 3505 illam
797 3435 1005 3526 subiugum
1027 3435 1114 3506 mitti
1131 3459 1237 3531 qnam
1256 3437 1301 3508 ad

226 3557 385 3630 stabilem
403 3558 588 3657 amicitiam
607 3559 694 3630 trahi
712 3580 828 3652 posse,
844 3557 969 3630 cedere
984 3561 1117 3632 solitam
1132 3560 1301 3632 insultan—

195 3681 334 3781 tibus,
369 3681 574 3753 cedentibus
607 3682 788 3766 insultare,
822 3691 984 3754 nutantes
1016 3683 1208 3775 impellere,
1243 3703 1302 3753 ca-

187 3800 189 3802 ’
225 3803 349 3876 dentes
371 3805 583 3899 opprimere,
605 3804 708 3875 nullis
728 3804 818 3876 hanc
838 3806 943 3876 armis
964 3807 1088 3878 melius
1112 3827 1217 3898 quam
1238 3825 1301 3899 pa-

226 3910 345 3999 tientia
354 3928 521 4020 superari:
530 3928 667 4020 magnis
682 3929 780 3998 malis
794 3951 921 4020 magno
929 3930 1043 4000 animo
1054 3929 1299 4001 resistendum:

225 4051 354 4119 nullam
373 4051 407 4120 in
425 4051 490 4122 hac
510 4073 592 4123 area
612 4050 768 4123 laborum
781 4071 882 4145 ‘spem
901 4053 1040 4144 quietis;
1059 4075 1127 4123 non
1145 4053 1299 4124 militiam

227 4172 331 4242 modo
353 4170 414 4245 sed
435 4175 589 4267 pralium
616 4197 697 4247 esse
722 4177 829 4250 vitam
856 4175 1018 4262 hominis,
1047 4177 1080 4248 in
1107 4177 1216 4248 aciem
1239 4200 1300 4249 ve-
