2804 4656
266 307 359 358 LIBER
382 309 690 363 vlcesluusranalus
703 333 742 346 -
754 315 907 365 EPISTULA
930 319 994 366 xlll.
1112 306 1173 367 225

498 576 678 640 EPISTULA
699 577 766 640 Xlll.

251 738 443 790 suludtscus
461 739 630 789 Parauaea
651 739 788 789 socnam
808 739 867 790 SUO
890 741 915 790 S.
938 742 966 789 P.
989 744 1018 791 D.

209 876 289 931 Haud
304 892 375 946 aegre
389 875 535 930 serendum
550 874 624 946 quod
639 880 800 929 nostrorum
814 874 942 953 laborum
956 874 1062 931 tructus

495 964 589 1018 alteris
604 967 774 1034 quaerantur.

145 1222 150 1228 ·
192 1196 299 1286 AEgre
320 1197 390 1265 lere
411 1193 506 1286 qaod
523 1195 556 1264 in
576 1194 711 1266 labores
729 1207 807 1268 tuos
825 1199 912 1295 alter
929 1196 1062 1291 irrupit.
1081 1201 1175 1270 Pone

95 1315 384 1407 indignationem:
402 1315 666 1387 admirationem
688 1339 789 1410 poue.
812 1320 873 1388 His
894 1321 994 1412 plena
1016 1319 1180 1391 ludibriis.

94 1441 166 1511 vita
192 1448 259 1520 est,
288 1447 324 1508 et
349 1439 546 1510 communia
572 1463 640 1511 non
673 1442 861 1522 miramur;
895 1441 1002 1511 immo
1034 1442 1175 1534 quidem

94 1561 158 1633 vix
178 1561 273 1633 aliud
293 1561 463 1632 invenias.
486 1563 599 1632 Pauca
621 1546 809 1633 admodum
831 1562 873 1633 iis
895 1564 1063 1656 aquibus
1084 1567 1175 1635 lacta

95 1694 177 1758 sunt
195 1684 361 1757 serviunt.
381 1686 482 1778 Saepe
503 1685 560 1756 ubi
582 1687 661 1778 plus
682 1685 811 1756 laboris
828 1687 943 1757 minus
961 1700 1016 1759 est
1028 1692 1173 1780 praemii.

95 1810 212 1879 lacent
236 1807 303 1878 sab
328 1806 458 1898 exiguo
479 1828 651 1879 marmore
672 1809 876 1882 fundatores
897 1808 1036 1881 arbium
1063 1815 1175 1883 maxi·

96 1954 230 2010 marum
252 1931 380 2023 quibus
402 1930 555 2002 advenae·
576 1931 781 2023 imperitant.
805 1935 949 2003 Domum
976 1936 1064 2004 alter
1089 1935 1176 2005 aedi-

96 2051 186 2138 licat,
207 2056 293 2125 alter
325 2053 516 2136 inhabitat3
543 2052 751 2125 architectus
780 2053 846 2124 sub
870 2055 963 2125 divo.
986 2057 1048 2127 llic
1076 2058 1172 2140 serit,

96 2176 153 2244 ille
176 2175 288 2259 metit,
312 2187 406 2246 sator
429 2176 550 2246 esurit.
578 2174 676 2246 Alter
702 2177 860 2267 navigat,
887 2178 976 2246 alter
1002 2180 1176 2270 aequoreis

96 2297 270 2370 mercibus
298 2310 453 2381 ornatur,
479 2298 598 2368 navita
618 2298 760 2370 inculto.
782 2299 939 2391 Denique
960 2301 1049 2371 alter
1074 2301 1174 2382 texit,

98 2421 184 2490 alter
217 2420 387 2504 induitur,
422 2420 517 2492 nudo
550 2419 690 2489 interim
724 2430 882 2502 textore;
908 2421 996 2491 alter
1027 2432 1173 2513 pugnat,

97 2543 184 2612 alter
215 2552 365 2636 occupat
394 2543 549 2633 victoriae
582 2542 742 2634 praemia,
782 2542 989 2614 inhonorato
1019 2545 1173 2629 victore3
1268 2633 1273 2640 Ι

95 2665 183 2735 alter
205 2686 329 2736 aarum
359 2664 454 2750 rodit,
480 2668 567 2736 alter
587 2665 767 2755 expendit,
787 2665 923 2735 fossore
944 2665 1046 2758 inope
1071 2678 1175 2760 atque
1282 2663 1287 2673 ’

95 2808 218 2878 egeno.
254 2790 352 2859 Alter.
388 2771 546 2878 'gemmas
580 2789 677 2879 legit,
713 2788 856 2859 alterius
890 2787 989 2878 digiti
1024 2791 1173 2875 radiant,

55 2971 58 2977 .
95 2913 277 3003 squalente
313 2911 528 2999 gemmario:
569 2911 678 2980 altera
710 2909 745 2978 in
778 2908 896 2979 labore
930 2910 1020 3001 parit
1049 2910 1172 2995 lilium,

94 3035 205 3103 altera
238 3033 273 3101 in
306 3030 434 3123 gaudio
467 3032 514 3100 illi
545 3031 658 3116 nubit,
692 3031 1044 3121 desertaquematre
1078 3033 1171 3103 illum

96 3176 199 3226 suum
232 3154 321 3226 facit.
350 3154 431 3225 Dies
457 3164 537 3224 ante
562 3151 701 3225 deficiet
723 3174 835 3245 ›quam
866 3157 1027 3248 exempla
1058 3179 1172 3228 rerum

96 3278 227 3349 talium.
246 3278 345 3379 Nosti
366 3277 566 3349 tetrasticon
587 3277 672 3349 illud
691 3276 912 3349 Maroneum:

334 3462 384 3525 Sic
401 3479 457 3525 vos
474 3478 534 3523 nou
552 3462 641 3524 robis
657 3461 820 3525 nidificatis
835 3479 924 3526 aves:

95 3654 175 3714 nota
201 3652 283 3714 sunt
302 3642 445 3735 reliqua.
467 3643 574 3714 Vetus
596 3653 631 3715 et
650 3645 815 3736 populare
835 3652 1005 3735 praeterea
1029 3661 1174 3732 prover-

95 3763 188 3837 bium
219 3775 288 3836 est:
314 3766 374 3867 qui
408 3767 507 3858 plura
536 3767 658 3857 iugera
686 3766 799 3837 vineae
832 3763 970 3848 foderit,
990 3764 1173 3856 pauciores

95 3909 173 3960 eum
199 3889 271 3960 vini
297 3888 469 3960 sextarios
495 3888 636 3960 bibere:
661 3911 775 3982 neque
799 3890 843 3959 de
867 3887 974 3958 nihilo
998 3896 1053 3958 est
1078 3887 1173 3980 quod

96 4012 262 4103 propbeta
280 4012 442 4104 idemque
460 4034 525 4083 rex
542 4013 602 4096 ait,
623 4013 745 4083 labores
765 4033 925 4081 manuum
945 4022 1078 4081 terarum
1096 4013 1172 4101 quio

95 4131 317 4217 mandacabis,
353 4135 463 4205 beatus
496 4156 538 4220 et,
566 4146 596 4204 et
627 4135 706 4205 benc
734 4135 793 4205 tibi
816 4134 887 4226 erit
920 4135 1007 4216 Quae
1029 4143 1170 4206 secutus

216 4263 252 4302 ur.
987 4252 1018 4303 l5
