2934 4650
533 337 686 388 urrsrour
708 339 814 388 xurur.
887 343 889 348 ·
1152 327 1211 388 latr

132 501 252 551 corum
286 479 442 564 caritate,
475 490 511 550 at
543 482 665 551 saltem
697 480 815 552 damni
841 488 957 552 metu:
991 479 1094 553 vobis
1130 482 1210 575 quis

132 602 303 696 perpercit
334 604 509 694 unq'uam‘l
528 602 613 686 Quis
634 625 703 674 non
721 624 1010 694 unumquemque
1036 602 1151 675 hicme
1176 611 1212 673 et

130 731 233 794 nocte
264 723 392 807 media,
427 722 512 794 dum
544 723 693 796 ubertim
716 723 803 817 pluit
828 733 888 796 aut
912 725 1082 810 fulminat,
1120 746 1212 796 carae

133 845 266 936 gremio
299 845 457 937 coniugis
490 848 672 934 avulsum,
702 849 761 919 vel
795 847 830 916 in
863 848 1056 940 periculum
1089 846 1211 919 mortis

133 967 239 1053 misit,
269 970 326 1039 vel
347 967 482 1040 nivosis
509 968 684 1040 montibus
710 980 747 1041 ot
774 968 908 1039 limosis
937 967 1121 1062 paludibus
1147 989 1212 1038 ceu

132 1087 203 1159 vile
229 1088 438 1184 mancipium
471 1089 728 1162 circumduxit?
759 1090 965 1183 Expcrrecti
1000 1088 1138 1160 tandem
1165 1111 1213 1160 ex

134 1219 203 1282 tam
225 1211 325 1302 gravi
347 1232 472 1306 sopore
500 1212 681 1297 videmini,
714 1212 864 1306 ideoque
895 1213 925 1283 si
954 1211 1212 1304 praeteritarum

135 1330 304 1404 feritatum
327 1332 435 1424 pudet
455 1356 495 1406 ao
515 1336 674 1427 poenil-et,
705 1334 815 1406 aciem
845 1334 972 1405 mentis
1006 1332 1131 1405 acriter
1151 1330 1213 1402 ad-

135 1474 262 1525 versus
279 1474 401 1525 omues
421 1476 526 1527 casus
553 1455 732 1541 exacuite,
760 1478 804 1527 nc
832 1457 911 1550 quis
938 1459 1025 1527 sorte
1052 1456 1212 1548 luporum

136 1574 319 1668 rapacium,
351 1597 439 1667 quos
474 1597 495 1646 a
528 1577 659 1649 vestris
680 1577 832 1650 ovilibus
853 1576 1048 1671 expulistis,
1085 1585 1120 1647 et
1151 1576 1211 1668 qui

134 1697 238 1770 etiam
264 1719 356 1768 nunc
380 1698 522 1770 assidue
547 1708 645 1792 septa
670 1712 791 1771 vestra
817 1700 1116 1792 circumstrepunt,
1136 1699 1212 1767 uln-

135 1823 206 1891 latu
239 1817 319 1891 ficto
348 1831 408 1891 aut
437 1843 500 1914 spe
530 1821 644 1913 aliqua
669 1820 880 1903 blanditiori,
918 1820 1008 1892 unde
1042 1820 1212 1891 violenter

134 1942 311 2027 exierunt,
343 1943 579 2014 fraudolenter
598 1943 792 2036 irrumpat:
813 1941 879 2013 nisi
897 1941 989 2013 enim
1011 1941 1077 2011 hoc
1094 1940 1211 2031 provi-

135 2063 254 2135 deritis
294 2063 399 2159 (quod
431 2086 534 2136 omen
573 2063 671 2134 venti
687 2065 855 2148 auferant,
890 2074 924 2134 et
957 2060 1051 2154 quod
1081 2058 1209 2130 nedum

134 2207 276 2257 cornere
297 2187 360 2257 sed
380 2185 580 2277 excogitare
605 2185 710 2257 etiam
736 2184 902 2255 abhorret
927 2182 1089 2275 animus),
1109 2182 1213 2253 nolite

136 2307 280 2379 credere
297 2307 456 2379 camdem
477 2308 553 2378 illos
574 2329 678 2400 quam
697 2308 916 2401 pertulerunt
932 2307 1058 2377 samem
1079 2326 1214 2375 recrea-

135 2443 247 2515 tur0S,
271 2431 334 2501 sed
355 2433 463 2502 multo
485 2429 693 2504 rabidiorem
715 2441 751 2502 et
770 2430 884 2521 magis
902 2431 1084 2521 magisque
1103 2437 1229 2499 tractu*

136 2554 298 2647 temporis
332 2552 519 2625 efferatam.
551 2554 664 2648 AEque
701 2553 820 2645 gregis
854 2552 1059 2643 sauguinem
1093 2551 1214 2622 sitiunt

119 2685 170 2774 ¹ct
189 2675 354 2767 pastoris,
376 2689 412 2747 et
431 2674 625 2749 libertatem
652 2687 806 2749 vestram
829 2686 864 2747 et
886 2673 1083 2746 liberatoris
1104 2674 1214 2745 vestri

136 2797 279 2886 gloriam
317 2798 491 2868 miseriam
531 2809 637 2890 atque
674 2798 900 2889 ignominiam
936 2817 1035 2866 suam
1068 2796 1212 2867 ducunt.

137 2916 320 2987 Adversus
340 2918 405 2988 hos
426 2918 548 2987 hostes
566 2918 714 2988 fidenter
740 2917 933 3006 insurgite:
955 2914 1056 3008 pauci
1076 2924 1111 2984 et
1130 2937 1213 2986 con·

138 3037 346 3131 temptibilcs
379 3048 482 3108 erunt
515 3040 545 3109 si
582 3060 649 3109 vos
682 3061 790 3110 unum
823 3035 930 3106 eritis
964 3035 1033 3108 Sed
1066 3040 1212 3109 multum

140 3158 245 3231 timeo
265 3161 347 3251 quia
368 3163 514 3232 multum
536 3159 658 3252 diligo,
685 3161 878 3253 eademque
910 3161 1041 3233 rationo
1067 3163 1214 3233 multum

138 3280 270 3364 audec;
292 3305 389 3354 amor
409 3281 502 3354 enim
522 3293 557 3354 et
577 3281 725 3376 pavidos
746 3283 826 3354 lacit
845 3305 925 3354 esse
953 3305 1108 3355 securos.
1137 3286 1214 3357 Scio

139 3403 279 3497 quidem
311 3403 345 3473 in
379 3407 436 3477 illa
467 3414 673 3500 tempestate
708 3405 938 3498 Reipublicae,
973 3406 1074 3477 cuius
1108 3428 1214 3499 supra

138 3526 296 3611 memini,
315 3528 423 3598 fuisse
439 3528 498 3621 qui
521 3549 708 3621 paucorum
728 3528 904 3623 tyrannidi
920 3527 1093 3598 adversus
1111 3526 1214 3598 libor-

138 3660 244 3720 tatem
265 3652 419 3722 omnium
440 3653 611 3733 lavarent,
638 3651 745 3743 idque
777 3672 846 3722 uon
880 3650 925 3722 ab
958 3650 1116 3723 obscuris
1150 3646 1213 3720 sed

136 3796 156 3844 a
186 3773 464 3866 praeclarissimis
497 3773 777 3845 adolescentibus
811 3786 915 3866 atque
948 3773 1057 3865 ipsius
1090 3772 1215 3843 libera-

135 3895 221 3966 toris
240 3893 320 3965 filiis
340 3896 548 3980 admissum,
567 3894 695 3987 quibus
713 3906 748 3968 ct
765 3894 865 3964 mixti
884 3894 1063 3987 sauguinis
1082 3916 1209 3975 nexus,

135 4028 170 4087 et
190 4018 406 4090 consuetudo
431 4017 578 4111 longior,
606 4030 642 4089 ot
665 4017 867 4090 familiarior
900 4017 1097 4100 convictus,
1126 4015 1212 4089 obli-

135 4137 272 4210 viouem
291 4140 344 4213 sui
366 4140 476 4235 ipsius
497 4140 740 4224 obvenerant3
760 4161 822 4215 eos
844 4139 900 4212 illo
927 4150 1041 4212 tamen
1063 4139 1212 4214 orbitate
