2934 4650
572 335 723 384 uursrona
746 337 828 384 xxiv.
1169 324 1228 384 363

157 502 252 575 spem
274 501 315 552 ac
339 481 549 554 desiderium
580 502 810 574 supergressa
836 492 891 552 est
924 482 1159 574 usqueadeo,
1190 492 1229 553 ut

155 606 238 678 dum
261 627 322 698 pro
347 607 489 698 reliquis
515 607 645 697 gratias
667 626 778 696 agam,
801 627 907 676 unum
931 605 965 675 in
999 627 1039 677 ea
1065 606 1110 677 sit
1133 606 1227 699 quod

154 725 355 819 obstupeam
377 726 495 819 potius
521 748 624 817 quam
658 727 854 818 amplectar.
889 726 988 810 Quod
1013 727 1104 798 enim
1140 728 1226 800 meis

154 847 276 918 usibus
298 845 536 939 applicandum
560 844 688 938 aliquid
707 844 777 915 filio
797 859 895 939 pater
918 848 1049 941 eripiat,
1077 846 1169 919 absit
1190 861 1226 919 ut

154 971 274 1063 patiar.
295 968 493 1041 Plaudenda
515 964 653 1062 quidem
679 967 745 1038 ista
772 970 883 1062 magis
907 993 1012 1064 quam
1037 972 1225 1043 tolleranda

153 1092 359 1186 benignitas.
382 1092 450 1163 Sed
472 1092 545 1163 baec
570 1090 696 1162 atalia
721 1093 921 1185 propediem
955 1105 1076 1165 mutuo
1108 1116 1225 1165 coram

155 1237 312 1288 sermone
332 1213 569 1285 tractabimus.
591 1213 645 1283 Ad
666 1236 731 1285 vos
752 1216 843 1287 enim
866 1217 946 1286 hinc
966 1238 1142 1309 nunquam
1164 1216 1225 1288 de·

154 1338 246 1408 llexo
265 1338 400 1407 tramite
421 1345 457 1407 et
478 1358 533 1407 me
554 1357 652 1406 meus
676 1348 775 1428 urget
794 1337 945 1422 animus,
967 1314 1003 1408 et
1025 1339 1131 1410 trahit
1149 1342 1225 1410 exi·

155 1460 222 1532 mia
250 1459 376 1531 caritas
406 1460 492 1531 tanti
515 1458 594 1533 viri.
620 1460 664 1530 Et
689 1459 773 1553 quid
800 1461 930 1530 scimus
956 1480 999 1530 an
1034 1460 1080 1531 ita
1104 1460 1222 1532 datum

153 1584 198 1654 sit
213 1594 259 1668 ut,
280 1582 337 1654 ubi
355 1582 450 1656 Maro
464 1591 583 1653 noster
597 1583 773 1677 primitias,
788 1583 856 1653 illic
876 1605 941 1675 ego
958 1584 1122 1676 reliquias
1140 1584 1224 1655 vitae

152 1729 262 1798 agam,
283 1716 318 1777 et
337 1725 416 1799 quae
437 1705 531 1775 illum
552 1705 586 1774 in
608 1703 905 1799 peregrinationes
925 1706 1040 1776 varias
1060 1706 1162 1790 misit,
1181 1728 1223 1778 ea

153 1828 272 1901 mede
293 1838 343 1898 lot
367 1826 699 1920 peregrinationibus
727 1828 929 1899 redeuntem
956 1850 996 1898 ac
1023 1852 1128 1922 prope
1154 1832 1222 1903 iam

151 1953 281 2022 fessum
308 1950 488 2043 tranquilla
510 1949 648 2021 demum
676 1951 823 2022 statione
851 1953 1019 2034 reloveat;
1048 1962 1228 2044 postremo·

151 2096 232 2167 quae
246 2075 315 2146 sibi'
324 2076 424 2147 tellus
444 2072 700 2159 incunabulum,
715 2073 797 2144 mihi
817 2073 972 2166 praebeat
989 2076 1223 2168 sepulturam?

30 2204 34 2215 “
151 2196 275 2289 Ignara
295 2197 354 2269 lati
374 2197 501 2292 proprii
526 2218 623 2267 mens
651 2205 727 2266 est:
761 2194 836 2267 lieri
865 2207 980 2288 potest
1007 2205 1045 2267 ut
1069 2215 1150 2289 quae
1174 2194 1223 2266 illi

150 2322 307 2413 procula
327 2321 453 2413 patria,
475 2317 598 2391 eadem
620 2331 655 2391 et
675 2319 826 2390 Mantuae
846 2339 898 2389 me
917 2321 981 2388 scio
999 2317 1125 2389 dulcem
1141 2320 1224 2389 mitt

83 2453 86 2473 ¹
148 2443 223 2530 [ecit
240 2447 375 2533 [ortana
385 2442 582 2535 participem
598 2440 677 2537 (sic).
693 2442 781 2512 Sane
808 2441 852 2513 de
871 2443 925 2513 bis
944 2451 1085 2536 totoque
1106 2463 1221 2513 rerum

150 2574 348 2636 nostrarum
374 2573 467 2636 statu
499 2565 662 2636 Fortuna
691 2564 852 2637 dominus
883 2566 959 2637 coeli
983 2577 1145 2658 regnator
1171 2565 1221 2635 vi-

150 2691 249 2763 derit.
267 2691 354 2764 Volo
374 2691 464 2762 enim
487 2701 525 2762 ut
545 2691 715 2782 intelligas
742 2713 797 2761 me
822 2691 876 2760 his
901 2693 1076 2784 praecipue
1097 2689 1221 2761 diebus

152 2835 261 2885 sacrae
283 2812 576 2885 studiosissimum
598 2812 755 2883 lectionis
775 2813 910 2883 dixisse
928 2810 1085 2883 domino:
1108 2812 1218 2882 Domi·

149 2958 211 3004 aas
232 2933 319 3003 Deus
338 2955 428 3003 meus
450 2955 481 3002 es
503 2945 552 3018 to,
578 2936 614 3002 lo
638 2934 787 3003 manibus
810 2936 872 3002 tuis
892 2943 992 3001 sortes
1015 2955 1105 3002 mere.
1138 2933 1225 3004 Haec·

148 3057 328 3127 hactenus.
356 3055 527 3125 Caeterum
553 3076 660 3148 nepos
690 3063 785 3126 tuus⁴
804 3064 954 3151 speratae
988 3053 1220 3125 similitudinis

148 3181 289 3261 indoliS,
309 3178 543 3272 praeceptique
561 3178 611 3250 tui
632 3200 774 3263 memor,
795 3199 934 3272 semper
950 3178 1077 3250 insistit
1098 3186 1134 3249 ut
1155 3178 1219 3250 sibi

148 3300 192 3372 de
218 3300 395 3394 scripturis
420 3300 507 3372 meis
532 3300 648 3373 nescio
672 3300 757 3394 quid
784 3302 902 3373 liceret
927 3310 1117 3396 excerpere
1142 3300 1220 3371 mit-

148 3424 287 3495 tendum
311 3422 380 3495 tibi.
404 3422 537 3516 Negavi
569 3445 644 3495 crum
670 3445 715 3494 ne
738 3424 895 3495 fervidus
916 3422 1118 3495 adolescens
1140 3443 1219 3514 pro-

148 3546 221 3639 prio
243 3544 356 3617 studio
376 3547 565 3619 distractus
586 3546 706 3618 alienis
723 3546 757 3617 in
776 3545 904 3618 finibus
922 3557 1122 3637 vagaretur,
1144 3555 1218 3614 tum

147 3678 185 3738 ut
208 3665 252 3736 id·
267 3687 356 3738 onus
381 3666 499 3760 digitis
530 3668 597 3740 tuis
632 3681 830 3741 servaretur
855 3670 1042 3761 integrum,
1065 3689 1105 3739 ac
1122 3684 1217 3736 more

145 3789 346 3861 venantium
367 3789 503 3862 dulcius
527 3802 676 3887 saperet,
705 3792 798 3885 quod
825 3815 904 3864 cum
931 3789 1049 3862 labore
1069 3787 1217 3883 quaesis-

147 3931 219 4000 seS,
242 3921 276 3984 et
298 3913 404 3986 sudor
424 3924 505 3988 tuus
525 3926 684 3988 nostrum
704 3916 861 3988 condiret
879 3914 1064 4008 eloquium.
1083 3913 1177 3985 Vale.
