2992 4664
586 628 764 693 EPISTULA
790 630 845 693 llll.

296 807 491 857 rntnctscus
514 805 682 854 Parauaea
704 805 803 854 nomo
825 805 985 854 planans}
1006 806 1031 852 S.
1056 807 1082 853 l’.
1108 807 1137 852 D.

193 985 293 1039 Narrat
316 983 382 1038 belli
405 981 613 1037 difficultatibus
640 982 694 1037 iter
717 982 770 1037 sihi
794 982 822 1036 in
851 981 1029 1036 Germaniam
1049 981 1242 1036 interdictum:

225 1079 252 1128 et
264 1073 393 1146 quadam
405 1073 435 1127 in
447 1072 519 1127 libro
534 1088 584 1126 suo
597 1071 637 1126 De
649 1071 712 1126 Vita
724 1071 853 1127 Solitaria
866 1071 1041 1126 emendanda
1052 1071 1209 1127 committit.
1254 1144 1256 1149 Ι

274 1311 405 1383 Amice.
434 1312 505 1381 lleo
531 1308 619 1381 duce
641 1311 828 1382 incolumis
855 1311 924 1381 huc
949 1309 1096 1403 perveni
1123 1310 1180 1380 Vl.
1208 1309 1264 1381 die

177 1444 360 1528 postquam
378 1456 398 1506 a
418 1433 521 1504 vobis
538 1433 782 1521 discesseram,
801 1434 924 1527 quoin
943 1432 1009 1505 hoc
1031 1454 1146 1505 rerum
1170 1441 1263 1503 statu

178 1558 241 1627 vix
268 1556 419 1629 volucris
445 1566 675 1650 penetrasset.
707 1557 793 1625 Hinc
821 1555 963 1628 ulterius
990 1563 1138 1626 nonest
1170 1565 1265 1625 tran-

179 1679 283 1762 situs,
310 1677 379 1749 uisi
405 1677 500 1750 aliud
520 1689 706 1773 appareat;
733 1699 815 1748 nam
839 1688 875 1748 et
900 1675 1176 1747 belloclausum
1199 1675 1265 1746 iter

180 1799 348 1891 undique,
369 1808 474 1892 atque
495 1800 549 1869 his
571 1800 696 1871 diebus
721 1800 811 1892 capti
833 1810 1045 1869 mercatores
1064 1798 1207 1890 aliique:
1229 1810 1265 1868 et

179 1920 347 2013 praeterea
367 1922 492 1993 litterae
510 1920 639 1992 domini
658 1919 897 2014 Imperatoria,
920 1941 1007 2012 quas
1030 1919 1086 1991 hic
1107 1918 1264 1989 invenire

180 2045 374 2137 sperabam,
394 2065 464 2114 non
479 2055 665 2128 venerunt,
687 2064 803 2135 neque
826 2043 882 2112 lic
905 2041 1068 2113 dominus
1084 2044 1158 2112 vult
1181 2043 1264 2112 mihi

180 2168 389 2254 conductum,
422 2183 459 2242 ut
490 2168 684 2261 vulgariter
709 2171 841 2261 loquar,
871 2170 976 2252 dara,
1004 2170 1073 2240 imo
1095 2191 1162 2240 non
1184 2192 1266 2241 con-

180 2293 282 2377 sulit,
309 2293 378 2363 imo
399 2293 537 2387 penitus
564 2313 633 2362 nun
661 2293 736 2362 vult
761 2292 856 2384 quod
890 2291 1036 2363 ulterius
1071 2314 1161 2363 nunu
1187 2312 1266 2384 pro·

179 2414 312 2487 cedam.
340 2414 395 2486 Ad
422 2435 593 2486 summam
620 2413 725 2486 valde
752 2416 941 2507 perplexus
974 2435 1065 2498 sum,
1101 2425 1138 2486 et
1170 2434 1265 2507 saepe

180 2538 424 2611 'larentianum
443 2537 576 2610 illudio
594 2538 749 2608 animum
771 2535 863 2607 redit
879 2557 937 2605 nec
958 2535 1036 2626 quid
1060 2559 1160 2627 upum
1179 2537 1264 2618 scio;

179 2670 387 2752 expectatur
418 2670 534 2730 tamen
555 2659 687 2731 indies
719 2657 849 2729 domiui
883 2659 1025 2731 nuntius
1052 2659 1194 2751 quidam
1221 2656 1265 2728 ah

179 2780 390 2874 Imperatore
408 2791 589 2851 venturus.
611 2781 670 2851 llle
694 2783 781 2852 icrte
815 2781 899 2849 novi
925 2779 1263 2871 aliquidnuutiabit.

182 2901 220 2970 ln
238 2903 304 2972 hoc
325 2900 432 2971 dubio
452 2903 583 2972 anxius
599 2921 716 2972 essem
735 2901 854 2981 nimis,
870 2900 938 2969 nisi
959 2900 1041 2992 quia
1056 2901 1091 2971 in
1112 2902 1266 2974 animum
1357 2992 1359 2997 4
1404 2966 1407 2973 ,

180 3020 304 3092 induxi
324 3020 497 3113 quidquid
515 3022 674 3091 evenerit
693 3020 728 3089 in
749 3019 927 3091 meliorem
951 3032 1084 3113 partem
1097 3024 1264 3117 accipere.

179 3139 473 3215 lleoommendate
504 3164 576 3225 me,
598 3163 735 3235 quaeso¹
760 3143 901 3214 domino
936 3167 1012 3217 meo
1044 3155 1080 3216 et
1113 3145 1266 3219 dominae

179 3278 215 3337 et
250 3264 429 3336 Ghibcrto
460 3263 677 3336 Ludovicum
704 3289 790 3338 vero
816 3266 1022 3341 benedicite.
1058 3270 1264 3341 Franciscu-

180 3392 250 3458 lum
285 3410 400 3459 meum
436 3391 599 3473 salutate,
643 3388 798 3461 diceutes
838 3391 904 3461 sibi
944 3389 1265 3462 novademeista

179 3533 270 3603 quae
288 3511 390 3583 vobis
417 3512 551 3605 scripsi.
575 3510 609 3582 Si
629 3514 775 3586 ulterius
800 3513 936 3596 vinam,
960 3513 1017 3584 vel
1043 3533 1106 3604 per
1126 3514 1264 3595 lamam,

181 3636 238 3704 vel
260 3655 321 3726 per
341 3655 437 3707 meas
462 3635 582 3707 literas
603 3616 766 3709 audietis.
792 3634 1055 3709 llecommendo
1080 3632 1182 3704 vobis
1207 3655 1266 3704 re·

180 3758 277 3827 culas
301 3757 379 3828 illas
401 3779 497 3829 meas
523 3779 613 3850 quas
633 3758 750 3829 dimisi
770 3758 889 3843 vohis,
918 3755 1120 3829 nominatim
1143 3755 1266 3826 Solita·

180 3880 266 3949 riam
289 3880 412 3952 Vitam.
432 3881 537 3951 Libro
554 3883 578 3951 l.
595 3880 653 3953 uhi
674 3881 790 3972 agitur
809 3881 854 3952 de
874 3882 988 3961 Paulo,
1012 3878 1057 3951 ad
1076 3877 1180 3949 finem
1202 3877 1268 3947 Ca-

182 3999 279 4092 pituli
298 4001 389 4074 illius
411 4025 596 4094 posueram
615 3992 759 4094 signum
775 4002 958 4073 additurus
974 3999 1116 4092 aliquid.
1131 3998 1263 4070 Mutavi

181 4125 379 4208 consilium;
413 4126 607 4199 amoveatis
635 4125 773 4218 signum
803 4124 898 4197 illud.
926 4125 1009 4196 Post
1042 4123 1138 4208 illud,
1178 4121 1266 4192 libro
