2804 4656
323 275 416 323 uranu
438 275 974 335 vicasruusounnrus.-nrrsroun
996 278 1039 326 ιιι.
1152 263 1212 326 aba

140 429 311 510 praeterea
331 418 531 510 Pompeium
553 420 650 504 sileo,
673 441 751 490 oum
772 441 843 512 quo
863 420 939 489 iure
953 417 1105 511 quodam
1119 419 1218 489 fami-

136 539 293 612 liaritatis
313 538 482 631 quidlibet
501 560 606 636 posse
628 540 892 612 videmussed
912 541 991 631 quis
1013 549 1047 609 te
1067 542 1163 612 furor
1183 541 1217 610 iu

135 661 323 733 Antonium
342 661 510 756 impegit?
526 662 635 734 Amor
651 664 757 735 credo
775 665 998 757 Reipublicae,
1018 687 1121 757 quam
1140 665 1218 733 fun·
1259 670 1261 675 '

56 843 59 845 .
135 782 230 854 ditus
250 783 318 853 iam
340 785 515 855 corruisse
540 784 714 856 fatebaris.
741 785 843 870 Quod
876 788 905 857 si
937 809 1024 881 pura
1054 786 1160 871 fideS,
1188 786 1216 857 si

52 889 54 893 ¹
136 904 277 976 libertas
300 915 333 975 te
353 902 515 976 trahebat
541 904 649 998 (qnod
680 905 822 997 quidem
847 906 1013 989 detento
1038 906 1115 978 viro
1141 906 1218 978 licet

135 1024 298 1118 opinari),
327 1025 412 1118 quid
437 1025 497 1102 tibi
526 1036 595 1097 tam
620 1026 790 1098 familiare
810 1050 889 1099 cum
911 1028 1097 1121 Angusto?
1128 1026 1218 1111 Quid

136 1153 228 1224 enim
254 1154 361 1222 Bruto
396 1162 454 1221 tuo
488 1171 724 1243 responsurus
757 1154 821 1221 es?
852 1151 886 1220 Si
915 1151 1056 1244 quidem
1082 1151 1216 1246 (inquit)

135 1274 302 1346 Octavius
329 1272 389 1345 tihi
413 1275 527 1366 placet
556 1295 624 1345 non
658 1273 844 1344 Dominum
875 1272 1008 1365 fugisse
1042 1272 1106 1344 sed
1133 1271 1218 1343 ami·

135 1398 265 1468 olorem
303 1395 479 1467 domiuum
518 1395 691 1488 quaesisse
725 1393 913 1467 videberis.
952 1397 1025 1466 Hoc
1062 1391 1218 1500 restabat

135 1517 269 1598 infelix,
291 1528 326 1589 et
346 1518 412 1588 hoe
432 1528 507 1588 erat
527 1527 723 1588 extremum
745 1516 880 1600 Cicero,
905 1528 941 1589 nt
961 1518 1042 1590 huic
1063 1518 1129 1612 ipsi
1147 1529 1215 1590 tam

134 1639 276 1712 laudato
297 1639 538 1723 malediceres,
561 1633 656 1732 quod
677 1637 738 1709 tibi
758 1660 828 1710 non
848 1638 961 1711 dicam
984 1642 1215 1725 malefaceret,

136 1762 200 1834 sed
226 1760 520 1834 malefacientibus
543 1783 618 1832 non
643 1760 809 1833 obstaret.
844 1763 952 1833 Doleo
981 1764 1093 1834 vicem
1122 1774 1215 1835 tuam

134 1886 259 1968 amice,
281 1895 496 1956 eternorum
516 1884 625 1977 pudet
645 1905 685 1957 ac
705 1882 848 1955 miseret
870 1894 1058 1967 tantorum:
1078 1887 1216 1977 iamque

133 2030 214 2079 num
234 2006 357 2091 eodem
378 2008 486 2076 Bruto
511 2005 555 2075 iis
580 2003 714 2076 artibus
744 2004 828 2075 nihil
862 2003 991 2088 tribue,
1026 2004 1155 2098 quibus
1181 2014 1215 2076 te

134 2130 444 2213 instructissimum
493 2128 602 2202 fuisse
645 2127 728 2198 snio.
783 2127 953 2198 Nimirum
995 2127 1081 2221 quid
1121 2127 1217 2201 iuvat

134 2255 220 2324 alios
240 2252 385 2338 docere,
407 2250 493 2344 quid
512 2248 744 2322 ornatissimis
771 2249 891 2321 verbis
912 2271 1050 2342 semper
1075 2250 1119 2321 de
1144 2251 1216 2335 vir-

133 2374 266 2446 tutibus
286 2374 379 2466 loqui
400 2373 557 2471 prodest,
581 2373 612 2442 si
636 2380 672 2443 te
695 2371 833 2442 interim
859 2372 934 2465 ipse
967 2394 1035 2443 nou
1068 2372 1216 2444 audias?
1240 2358 1248 2368 ’

133 2495 206 2567 Ab!
229 2505 360 2589 quanto
381 2496 491 2566 satius
512 2497 625 2565 fuerat
642 2492 848 2587 philosopho
864 2495 1057 2586 praesertim
1072 2496 1105 2564 iu
1121 2505 1214 2566 tran-

132 2620 241 2712 quillo
261 2641 343 2689 rure
364 2617 538 2700 senuisse,
560 2615 605 2688 de
625 2625 794 2708 perpetua
811 2615 885 2700 illa,
908 2625 946 2687 ut
966 2615 1042 2708 ipse
1062 2615 1214 2710 quodam

133 2745 208 2814 loon
240 2741 305 2823 ais,
340 2763 408 2812 nou
440 2737 583 2811 dehac
615 2736 683 2808 iam
715 2738 846 2828 exigua
878 2739 948 2808 vita
986 2737 1211 2830 cogitantem,

47 2862 48 2871 ’
131 2864 246 2934 nullos
263 2860 430 2932 babuisse
446 2863 573 2944 fasces,
592 2860 695 2930 nullis
715 2859 899 2951 triumphis
917 2857 1081 2943 inbiasse,
1100 2862 1213 2934 nullos

132 2983 276 3053 inflasse
307 2980 368 3051 tibi
404 2981 557 3051 animum
584 2980 759 3051 Catilinas.
795 2980 864 3051 Sed
896 2978 941 3052 de
972 2979 1038 3052 hoo
1064 2964 1211 3073 ,quidem

131 3107 272 3185 frustra.
291 3103 595 3187 AEteruumvale,
618 3102 663 3172 mi
687 3102 817 3173 Cicero.
844 3101 948 3198 Apud
973 3125 1133 3197 superos,
1168 3107 1213 3178 ad

130 3226 313 3309 dexteram
340 3224 480 3297 Athesis
498 3225 625 3318 ripam,
646 3223 840 3297 incivitate
866 3227 1125 3321 Transpadanae
1146 3226 1212 3298 lta-

133 3350 189 3420 liae
209 3349 358 3420 Verona.
380 3348 458 3418 XVl
479 3347 655 3420 Kalendas
675 3350 864 3433 Quintiles
887 3371 979 3421 auno
993 3349 1037 3419 ab
1050 3361 1128 3421 ortu
1150 3348 1209 3419 Dei

133 3471 223 3542 illins
244 3492 349 3562 quem
371 3479 408 3541 tu
429 3491 498 3541 non
518 3491 668 3542 noveras
690 3471 909 3542 MCCCXLV.
