2738 4680
272 340 366 389 LIBER
387 339 895 390 vicuslttttsrttttttts.-ttptsrotl
917 339 969 387 xit,
1107 323 1162 386 issi

82 477 175 573 quod
196 479 413 573 propositum
435 500 500 550 nec
518 475 628 572 puero
648 476 770 564 defuit,
790 479 859 550 nisi
879 479 975 572 quod
995 500 1075 550 cum
1096 481 1168 551 len-

83 611 140 672 tus
172 621 221 672 ex
253 600 438 674 commodo
470 601 572 694 quasi
606 601 786 674 matutinis
819 601 913 672 iham
940 599 1051 685 horiS,
1074 622 1167 671 nune

83 724 234 816 gradum
254 723 356 816 quasi
376 726 500 816 pulsus
522 724 678 815 ingenio,
700 745 807 795 versa
832 723 877 794 ad
902 745 1065 796 occasum
1092 723 1167 809 die,

82 869 290 940 memorque
309 858 521 941 quantarum
553 869 673 918 rerum
702 846 933 919 fundamenta
953 848 1091 924 iecerim
1120 850 1170 920 fe-

85 972 177 1042 stino
190 969 349 1042 laborum
366 980 485 1043 certus
503 969 762 1063 ambiguusque
784 991 1025 1043 successuum.
1045 971 1169 1043 Serum

84 1091 267 1164 consilium
281 1113 351 1163 non
365 1113 471 1184 negm
487 1090 552 1164 sed
569 1114 640 1185 quo
658 1092 772 1164 serius
791 1103 979 1185 sumptum,
995 1114 1038 1164 eo
1055 1113 1171 1186 prom·

86 1219 178 1311 ptius
211 1213 471 1310 exequendum.
505 1213 686 1287 Accedunt
710 1218 871 1309 exempla
896 1216 1170 1287 clarissimorum

86 1341 369 1432 hominumquae
387 1340 535 1412 salivam
549 1340 704 1411 excitant
720 1348 967 1435 torporemque
979 1339 1169 1426 decutiunt,

87 1464 239 1556 totisque
259 1464 328 1533 iam
351 1465 484 1534 fessum
506 1463 668 1534 noctibus
690 1461 832 1554 agitant.
854 1463 941 1535 Nolo
962 1463 1054 1535 enim
1075 1464 1171 1535 aesti-
1237 1489 1243 1508 =

87 1609 160 1659 mes
184 1609 292 1658 unum
314 1585 590 1671 Themistoclem,
613 1594 674 1658 aut
704 1608 815 1658 unum
848 1608 930 1659 esse
956 1586 1170 1661 Miltiadem:

88 1711 184 1782 multi
206 1719 299 1782 sunt.
320 1711 425 1781 Plura
444 1708 613 1803 deinceps
637 1721 672 1782 et
697 1731 776 1781 cum
808 1711 950 1795 maiora,
973 1722 1106 1797 tamen,
1133 1721 1173 1784 ut

89 1855 201 1928 spero,
225 1833 330 1906 etiam
351 1834 495 1906 tutiora·
514 1844 596 1905 sunt
626 1853 706 1928 quae
727 1842 872 1907 restant.
893 1835 994 1907 Nunc
1015 1855 1173 1928 praesen·

90 1972 156 2029 tem
177 1956 286 2028 animi
306 1956 376 2027 mei
397 1966 535 2040 statum,
559 1957 660 2029 ouius
681 1957 848 2030 noscendi
869 1957 1012 2030 avidum
1032 1968 1067 2029 te
1084 1959 1174 2030 seie-

90 2078 174 2164 bam,
192 2079 295 2150 nosti.
310 2080 372 2150 llis
391 2079 526 2151 artibus
545 2080 635 2151 nitor
649 2081 768 2172 sugam
783 2080 996 2175 rapidissimi
1008 2081 1174 2176 temporis

90 2202 235 2274 lraenare
257 2202 289 2273 si
308 2201 425 2287 liceat,
447 2211 483 2273 et
504 2202 568 2274 hos
586 2205 754 2296 pauculos
772 2201 847 2274 dies
865 2201 968 2272 morti
988 2201 1174 2296 subripere

91 2323 246 2416 legende,
268 2323 469 2409 scribendo,
489 2325 687 2418 cogitando,
705 2325 896 2418 vigilando.
913 2324 950 2396 Si
961 2325 1066 2412 enim,
1080 2324 1176 2419 quod

92 2449 204 2542 magni
225 2448 394 2520 dixerunt
406 2448 488 2534 viri,
504 2471 650 2522 somnus
672 2459 729 2522 est
749 2470 859 2535 mors,
877 2448 951 2523 vita
968 2448 1088 2542 vigilia
1103 2457 1173 2534 est,

94 2569 138 2644 sic
157 2573 285 2646 saltem
306 2570 464 2666 pluribus
483 2569 579 2644 horis
601 2573 731 2644 vivam.
753 2573 848 2646 Vale.

228 2717 394 2788 Mediolani,
409 2716 505 2774 Idibus
519 2717 693 2775 Novembris.

499 3153 678 3220 urlsroul
698 3152 766 3218 Xlll.
859 3197 861 3201 «

122 3326 315 3380 FRANGISGUS
335 3324 506 3378 Purntltcn
525 3321 703 3380 rutuclseo
724 3321 832 3374 PRIORI
854 3322 898 3373 SS.
919 3320 1152 3374 teosrotontttt

571 3429 597 3478 S.
619 3429 648 3478 P.
669 3429 701 3478 D.

340 3572 426 3628 Suam
439 3569 549 3627 vivendi
562 3569 698 3625 rationem
714 3568 811 3642 pendit
825 3569 923 3625 amieo.

190 3797 312 3890 Neque
345 3795 440 3888 quod
473 3794 604 3887 saepius
634 3815 824 3885 paucorum
859 3789 1032 3871 semitam,
1061 3809 1175 3880 neque

101 3921 187 4009 quod
206 3919 382 3992 interdum
405 3919 471 3989 iter
492 3915 651 4010 sequeris
669 3919 856 3988 multorum
878 3914 995 3983 miror.
1017 3909 1175 3982 Alterum

101 4042 373 4138 utphilosophus
389 4041 488 4126 lacis,
503 4042 650 4112 alterum
664 4049 701 4111 ut
715 4039 945 4112 homoNemo
956 4048 1026 4109 tam
1038 4035 1179 4129 sapien·

103 4164 151 4239 tire
165 4166 320 4253 deditus,
337 4167 478 4260 quinon
495 4162 708 4258 quandoque
724 4162 770 4234 ad
788 4160 1042 4234 humanitatem
1054 4158 1176 4232 redeat
