<?xml version="1.0" encoding="UTF-8"?>
<!DOCTYPE html PUBLIC "-//W3C//DTD XHTML 1.0 Transitional//EN"
    "http://www.w3.org/TR/xhtml1/DTD/xhtml1-transitional.dtd">
<html xmlns="http://www.w3.org/1999/xhtml" xml:lang="en" lang="en">
 <head>
  <title>
</title>
<meta http-equiv="Content-Type" content="text/html;charset=utf-8" />
  <meta name='ocr-system' content='tesseract 3.04.00' />
  <meta name='ocr-capabilities' content='ocr_page ocr_carea ocr_par ocr_line ocrx_word'/>
</head>
<body>
  <div class='ocr_page' id='page_1' title='image "./franciscipetrar00fracgoog_0526.png"; bbox 0 0 2940 4650; ppageno 0'>
   <div class='ocr_carea' id='block_1_1' title="bbox 581 276 1341 357">
    <p class='ocr_par' dir='ltr' id='par_1_1' title="bbox 581 276 1341 357">
     <span class='ocr_line' id='line_1_1' title="bbox 581 276 1341 357; baseline -0.008 -1"><span class='ocrx_word' id='word_1_1' title='bbox 581 290 735 357; x_wconf 79' lang='lat' dir='ltr'>srrsrotu&#39;</span> <span class='ocrx_word' id='word_1_2' title='bbox 756 309 799 357; x_wconf 85' lang='lat' dir='ltr'>ur.</span> <span class='ocrx_word' id='word_1_3' title='bbox 1174 293 1227 352; x_wconf 78' lang='lat' dir='ltr'>att</span> <span class='ocrx_word' id='word_1_4' title='bbox 1338 276 1341 281; x_wconf 61' lang='grc'><strong>“</strong></span> 
     </span>
    </p>
   </div>
   <div class='ocr_carea' id='block_1_2' title="bbox 89 447 1327 4209">
    <p class='ocr_par' dir='ltr' id='par_1_2' title="bbox 89 447 1327 4209">
     <span class='ocr_line' id='line_1_2' title="bbox 147 447 1231 544; baseline -0.004 -22"><span class='ocrx_word' id='word_1_5' title='bbox 147 454 222 544; x_wconf 89' lang='lat' dir='ltr'>ipsa</span> <span class='ocrx_word' id='word_1_6' title='bbox 241 454 401 523; x_wconf 84' lang='lat' dir='ltr'>relucens</span> <span class='ocrx_word' id='word_1_7' title='bbox 420 464 536 543; x_wconf 86' lang='lat' dir='ltr'>patres</span> <span class='ocrx_word' id='word_1_8' title='bbox 555 448 751 523; x_wconf 81' lang='lat' dir='ltr'><strong>obumbrat.</strong></span> <span class='ocrx_word' id='word_1_9' title='bbox 770 490 814 501; x_wconf 92' lang='lat'>-</span> <span class='ocrx_word' id='word_1_10' title='bbox 829 450 873 519; x_wconf 85' lang='lat' dir='ltr'>Et</span> <span class='ocrx_word' id='word_1_11' title='bbox 889 450 1020 540; x_wconf 86' lang='lat' dir='ltr'>quare‘l</span> <span class='ocrx_word' id='word_1_12' title='bbox 1034 447 1122 531; x_wconf 89' lang='lat' dir='ltr'>Quia</span> <span class='ocrx_word' id='word_1_13' title='bbox 1140 450 1231 520; x_wconf 83' lang='lat' dir='ltr'>lama</span> 
     </span>
     <span class='ocr_line' id='line_1_3' title="bbox 150 568 1227 667; baseline -0.003 -22"><span class='ocrx_word' id='word_1_14' title='bbox 150 575 289 667; x_wconf 90' lang='lat' dir='ltr'>propria</span> <span class='ocrx_word' id='word_1_15' title='bbox 321 573 462 644; x_wconf 89' lang='lat' dir='ltr'>virtutis</span> <span class='ocrx_word' id='word_1_16' title='bbox 490 582 546 643; x_wconf 89' lang='lat' dir='ltr'>est</span> <span class='ocrx_word' id='word_1_17' title='bbox 572 593 648 642; x_wconf 91' lang='lat' dir='ltr'>suae</span> <span class='ocrx_word' id='word_1_18' title='bbox 674 570 755 665; x_wconf 72' lang='lat' dir='ltr'>(sic).</span> <span class='ocrx_word' id='word_1_19' title='bbox 777 570 851 641; x_wconf 88' lang='lat' dir='ltr'>Viri</span> <span class='ocrx_word' id='word_1_20' title='bbox 874 569 1016 640; x_wconf 86' lang='lat' dir='ltr'>maximi</span> <span class='ocrx_word' id='word_1_21' title='bbox 1046 568 1227 663; x_wconf 75' lang='lat' dir='ltr'><strong>sapientia,</strong></span> 
     </span>
     <span class='ocr_line' id='line_1_4' title="bbox 147 692 1254 786; baseline -0.003 -20"><span class='ocrx_word' id='word_1_22' title='bbox 147 696 287 781; x_wconf 84' lang='lat' dir='ltr'>litteris,</span> <span class='ocrx_word' id='word_1_23' title='bbox 302 695 486 768; x_wconf 89' lang='lat' dir='ltr'>honestate</span> <span class='ocrx_word' id='word_1_24' title='bbox 501 695 597 776; x_wconf 81' lang='lat' dir='ltr'>vitae,</span> <span class='ocrx_word' id='word_1_25' title='bbox 615 693 794 786; x_wconf 88' lang='lat' dir='ltr'>armisque</span> <span class='ocrx_word' id='word_1_26' title='bbox 813 693 931 786; x_wconf 88' lang='lat' dir='ltr'>plures</span> <span class='ocrx_word' id='word_1_27' title='bbox 949 692 1062 776; x_wconf 89' lang='lat' dir='ltr'>luere,</span> <span class='ocrx_word' id='word_1_28' title='bbox 1081 713 1230 783; x_wconf 91' lang='lat' dir='ltr'>quorum</span> <span class='ocrx_word' id='word_1_29' title='bbox 1250 735 1254 740; x_wconf 92' lang='lat'><em>-</em></span> 
     </span>
     <span class='ocr_line' id='line_1_5' title="bbox 148 813 1232 910; baseline -0.005 -19"><span class='ocrx_word' id='word_1_30' title='bbox 148 830 265 910; x_wconf 91' lang='lat' dir='ltr'>patres</span> <span class='ocrx_word' id='word_1_31' title='bbox 296 817 371 888; x_wconf 91' lang='lat' dir='ltr'>sine</span> <span class='ocrx_word' id='word_1_32' title='bbox 407 819 538 890; x_wconf 90' lang='lat' dir='ltr'>bonore</span> <span class='ocrx_word' id='word_1_33' title='bbox 564 817 732 889; x_wconf 81' lang='lat' dir='ltr'>vixerunt</span> <span class='ocrx_word' id='word_1_34' title='bbox 757 828 792 886; x_wconf 88' lang='lat' dir='ltr'>et</span> <span class='ocrx_word' id='word_1_35' title='bbox 818 815 990 888; x_wconf 89' lang='lat' dir='ltr'>abierunt.</span> <span class='ocrx_word' id='word_1_36' title='bbox 1018 813 1094 885; x_wconf 92' lang='lat' dir='ltr'>Non</span> <span class='ocrx_word' id='word_1_37' title='bbox 1121 814 1232 906; x_wconf 88' lang='lat' dir='ltr'>potuit</span> 
     </span>
     <span class='ocr_line' id='line_1_6' title="bbox 149 936 1229 1032; baseline -0.003 -22"><span class='ocrx_word' id='word_1_38' title='bbox 149 939 312 1032; x_wconf 80' lang='lat' dir='ltr'>splendor</span> <span class='ocrx_word' id='word_1_39' title='bbox 343 939 449 1032; x_wconf 87' lang='lat' dir='ltr'>patris</span> <span class='ocrx_word' id='word_1_40' title='bbox 478 951 539 1012; x_wconf 85' lang='lat' dir='ltr'>aul</span> <span class='ocrx_word' id='word_1_41' title='bbox 572 937 631 1009; x_wconf 87' lang='lat' dir='ltr'>filii</span> <span class='ocrx_word' id='word_1_42' title='bbox 663 950 794 1032; x_wconf 91' lang='lat' dir='ltr'>patrem</span> <span class='ocrx_word' id='word_1_43' title='bbox 822 948 882 1015; x_wconf 86' lang='lat' dir='ltr'>aut</span> <span class='ocrx_word' id='word_1_44' title='bbox 907 936 1015 1010; x_wconf 91' lang='lat' dir='ltr'>filium</span> <span class='ocrx_word' id='word_1_45' title='bbox 1042 937 1229 1030; x_wconf 77' lang='lat' dir='ltr'>ignobilem</span> 
     </span>
     <span class='ocr_line' id='line_1_7' title="bbox 148 1050 1327 1154; baseline -0.005 -22"><span class='ocrx_word' id='word_1_46' title='bbox 148 1073 267 1133; x_wconf 87' lang='lat' dir='ltr'>notum</span> <span class='ocrx_word' id='word_1_47' title='bbox 293 1064 416 1134; x_wconf 88' lang='lat' dir='ltr'>lacere.</span> <span class='ocrx_word' id='word_1_48' title='bbox 450 1065 544 1154; x_wconf 81' lang='lat' dir='ltr'>Ergo</span> <span class='ocrx_word' id='word_1_49' title='bbox 571 1063 601 1132; x_wconf 91' lang='lat' dir='ltr'>si</span> <span class='ocrx_word' id='word_1_50' title='bbox 629 1063 776 1143; x_wconf 89' lang='lat' dir='ltr'>strenui,</span> <span class='ocrx_word' id='word_1_51' title='bbox 806 1062 834 1131; x_wconf 90' lang='lat' dir='ltr'>si</span> <span class='ocrx_word' id='word_1_52' title='bbox 856 1061 1008 1131; x_wconf 76' lang='lat' dir='ltr'>illustres</span> <span class='ocrx_word' id='word_1_53' title='bbox 1034 1070 1138 1132; x_wconf 88' lang='lat' dir='ltr'>erunt</span> <span class='ocrx_word' id='word_1_54' title='bbox 1158 1058 1229 1143; x_wconf 86' lang='lat' dir='ltr'>filii,</span> <span class='ocrx_word' id='word_1_55' title='bbox 1324 1050 1327 1057; x_wconf 81' lang='grc'><strong>’</strong></span> 
     </span>
     <span class='ocr_line' id='line_1_8' title="bbox 147 1181 1230 1277; baseline -0.006 -23"><span class='ocrx_word' id='word_1_56' title='bbox 147 1187 346 1277; x_wconf 89' lang='lat' dir='ltr'>praecellere</span> <span class='ocrx_word' id='word_1_57' title='bbox 367 1187 493 1268; x_wconf 79' lang='lat' dir='ltr'>volent,</span> <span class='ocrx_word' id='word_1_58' title='bbox 523 1185 689 1277; x_wconf 92' lang='lat' dir='ltr'>ipsosque</span> <span class='ocrx_word' id='word_1_59' title='bbox 713 1184 833 1255; x_wconf 91' lang='lat' dir='ltr'>unicos</span> <span class='ocrx_word' id='word_1_60' title='bbox 855 1190 896 1253; x_wconf 86' lang='lat' dir='ltr'>a&#39;c</span> <span class='ocrx_word' id='word_1_61' title='bbox 917 1185 1011 1253; x_wconf 93' lang='lat' dir='ltr'>solos</span> <span class='ocrx_word' id='word_1_62' title='bbox 1034 1204 1098 1253; x_wconf 88' lang='lat' dir='ltr'>sua</span> <span class='ocrx_word' id='word_1_63' title='bbox 1124 1181 1230 1273; x_wconf 91' lang='lat' dir='ltr'>inspi-</span> 
     </span>
     <span class='ocr_line' id='line_1_9' title="bbox 147 1301 1230 1398; baseline -0.002 -23"><span class='ocrx_word' id='word_1_64' title='bbox 147 1303 215 1376; x_wconf 84' lang='lat' dir='ltr'>ciet</span> <span class='ocrx_word' id='word_1_65' title='bbox 238 1305 417 1378; x_wconf 90' lang='lat' dir='ltr'>claritudo.</span> <span class='ocrx_word' id='word_1_66' title='bbox 440 1308 490 1380; x_wconf 89' lang='lat' dir='ltr'>lta</span> <span class='ocrx_word' id='word_1_67' title='bbox 512 1317 644 1398; x_wconf 87' lang='lat' dir='ltr'>patrem</span> <span class='ocrx_word' id='word_1_68' title='bbox 670 1305 886 1398; x_wconf 90' lang='lat' dir='ltr'>repudiando</span> <span class='ocrx_word' id='word_1_69' title='bbox 907 1313 986 1396; x_wconf 89' lang='lat' dir='ltr'>post</span> <span class='ocrx_word' id='word_1_70' title='bbox 1011 1301 1143 1375; x_wconf 91' lang='lat' dir='ltr'>obitum</span> <span class='ocrx_word' id='word_1_71' title='bbox 1170 1323 1230 1373; x_wconf 86' lang='lat' dir='ltr'>ue·</span> 
     </span>
     <span class='ocr_line' id='line_1_10' title="bbox 89 1411 1228 1519; baseline 0.002 -23"><span class='ocrx_word' id='word_1_72' title='bbox 89 1439 92 1445; x_wconf 86' lang='grc'><strong><em>·</em></strong></span> <span class='ocrx_word' id='word_1_73' title='bbox 128 1411 280 1518; x_wconf 57' lang='grc' dir='ltr'>ςΙῐςθιη</span> <span class='ocrx_word' id='word_1_74' title='bbox 307 1428 336 1497; x_wconf 90' lang='lat' dir='ltr'>si</span> <span class='ocrx_word' id='word_1_75' title='bbox 363 1427 445 1498; x_wconf 88' lang='lat' dir='ltr'>clari</span> <span class='ocrx_word' id='word_1_76' title='bbox 471 1439 590 1512; x_wconf 88' lang='lat' dir='ltr'>erunt,</span> <span class='ocrx_word' id='word_1_77' title='bbox 613 1429 643 1498; x_wconf 92' lang='lat' dir='ltr'>si</span> <span class='ocrx_word' id='word_1_78' title='bbox 664 1427 764 1519; x_wconf 89' lang='lat' dir='ltr'>pravi</span> <span class='ocrx_word' id='word_1_79' title='bbox 786 1425 972 1517; x_wconf 82' lang='lat' dir='ltr'>affligendo</span> <span class='ocrx_word' id='word_1_80' title='bbox 993 1424 1228 1498; x_wconf 89' lang='lat' dir='ltr'>macerabant.</span> 
     </span>
     <span class='ocr_line' id='line_1_11' title="bbox 147 1547 1229 1646; baseline -0.003 -26"><span class='ocrx_word' id='word_1_81' title='bbox 147 1549 212 1621; x_wconf 88' lang='lat' dir='ltr'>Oh!</span> <span class='ocrx_word' id='word_1_82' title='bbox 231 1551 423 1646; x_wconf 86' lang='lat' dir='ltr'>concupita,</span> <span class='ocrx_word' id='word_1_83' title='bbox 439 1550 502 1621; x_wconf 86' lang='lat' dir='ltr'>obl</span> <span class='ocrx_word' id='word_1_84' title='bbox 518 1549 686 1623; x_wconf 89' lang='lat' dir='ltr'>damnosa</span> <span class='ocrx_word' id='word_1_85' title='bbox 699 1551 825 1645; x_wconf 90' lang='lat' dir='ltr'>proles.</span> <span class='ocrx_word' id='word_1_86' title='bbox 837 1549 902 1620; x_wconf 90' lang='lat' dir='ltr'>Ohl</span> <span class='ocrx_word' id='word_1_87' title='bbox 920 1549 1041 1639; x_wconf 81' lang='lat' dir='ltr'>ignara</span> <span class='ocrx_word' id='word_1_88' title='bbox 1053 1547 1229 1621; x_wconf 84' lang='lat' dir='ltr'>discordia</span> 
     </span>
     <span class='ocr_line' id='line_1_12' title="bbox 124 1670 1229 1765; baseline 0.001 -24"><span class='ocrx_word' id='word_1_89' title='bbox 124 1671 343 1743; x_wconf 86' lang='lat' dir='ltr'>bominum:</span> <span class='ocrx_word' id='word_1_90' title='bbox 371 1671 457 1764; x_wconf 88' lang='lat' dir='ltr'>quid</span> <span class='ocrx_word' id='word_1_91' title='bbox 483 1674 612 1765; x_wconf 89' lang='lat' dir='ltr'>quaeris</span> <span class='ocrx_word' id='word_1_92' title='bbox 640 1682 674 1744; x_wconf 88' lang='lat' dir='ltr'>te</span> <span class='ocrx_word' id='word_1_93' title='bbox 693 1670 897 1745; x_wconf 90' lang='lat' dir='ltr'>cruciando!</span> <span class='ocrx_word' id='word_1_94' title='bbox 922 1673 1029 1756; x_wconf 87' lang='lat' dir='ltr'>Mala,</span> <span class='ocrx_word' id='word_1_95' title='bbox 1052 1674 1143 1743; x_wconf 90' lang='lat' dir='ltr'>mala</span> <span class='ocrx_word' id='word_1_96' title='bbox 1168 1693 1229 1764; x_wconf 85' lang='lat' dir='ltr'>pa·</span> 
     </span>
     <span class='ocr_line' id='line_1_13' title="bbox 147 1791 1227 1885; baseline 0 -23"><span class='ocrx_word' id='word_1_97' title='bbox 147 1804 283 1865; x_wconf 90' lang='lat' dir='ltr'>rentum</span> <span class='ocrx_word' id='word_1_98' title='bbox 301 1793 385 1863; x_wconf 90' lang='lat' dir='ltr'>mibi</span> <span class='ocrx_word' id='word_1_99' title='bbox 403 1793 592 1884; x_wconf 80' lang='lat' dir='ltr'>contigisse</span> <span class='ocrx_word' id='word_1_100' title='bbox 610 1816 748 1885; x_wconf 89' lang='lat' dir='ltr'>queror.</span> <span class='ocrx_word' id='word_1_101' title='bbox 765 1834 809 1845; x_wconf 90' lang='lat'><em>-</em></span> <span class='ocrx_word' id='word_1_102' title='bbox 825 1791 916 1877; x_wconf 82' lang='lat' dir='ltr'>Quid</span> <span class='ocrx_word' id='word_1_103' title='bbox 930 1793 1036 1883; x_wconf 84' lang='lat' dir='ltr'>igitur</span> <span class='ocrx_word' id='word_1_104' title='bbox 1053 1793 1227 1883; x_wconf 81' lang='lat' dir='ltr'>agendum</span> 
     </span>
     <span class='ocr_line' id='line_1_14' title="bbox 146 1895 1228 2007; baseline 0.001 -24"><span class='ocrx_word' id='word_1_105' title='bbox 146 1923 201 1984; x_wconf 89' lang='lat' dir='ltr'>est</span> <span class='ocrx_word' id='word_1_106' title='bbox 222 1914 253 1983; x_wconf 94' lang='lat' dir='ltr'>si</span> <span class='ocrx_word' id='word_1_107' title='bbox 274 1912 463 1996; x_wconf 85' lang='lat' dir='ltr'>habentur,</span> <span class='ocrx_word' id='word_1_108' title='bbox 490 1935 568 1984; x_wconf 91' lang='lat' dir='ltr'>oum</span> <span class='ocrx_word' id='word_1_109' title='bbox 596 1925 745 2005; x_wconf 87' lang='lat' dir='ltr'>utroque</span> <span class='ocrx_word' id='word_1_110' title='bbox 778 1912 883 1984; x_wconf 90' lang='lat' dir='ltr'>modo</span> <span class='ocrx_word' id='word_1_111' title='bbox 906 1895 1142 1985; x_wconf 73' lang='lat' dir='ltr'>¹adversentur</span> <span class='ocrx_word' id='word_1_112' title='bbox 1168 1935 1228 2007; x_wconf 93' lang='lat' dir='ltr'>pa-</span> 
     </span>
     <span class='ocr_line' id='line_1_15' title="bbox 149 2035 1228 2131; baseline 0.001 -25"><span class='ocrx_word' id='word_1_113' title='bbox 149 2037 213 2107; x_wconf 86' lang='lat' dir='ltr'>tri‘l</span> <span class='ocrx_word' id='word_1_114' title='bbox 237 2035 292 2107; x_wconf 85' lang='lat' dir='ltr'>An</span> <span class='ocrx_word' id='word_1_115' title='bbox 317 2036 516 2131; x_wconf 85' lang='lat' dir='ltr'>expellendi</span> <span class='ocrx_word' id='word_1_116' title='bbox 551 2040 656 2108; x_wconf 77' lang='lat' dir='ltr'>sunt‘.l</span> <span class='ocrx_word' id='word_1_117' title='bbox 678 2078 722 2089; x_wconf 93' lang='lat'>—</span> <span class='ocrx_word' id='word_1_118' title='bbox 744 2037 780 2109; x_wconf 84' lang='lat' dir='ltr'>Si</span> <span class='ocrx_word' id='word_1_119' title='bbox 817 2036 1002 2120; x_wconf 87' lang='lat' dir='ltr'>habentur,</span> <span class='ocrx_word' id='word_1_120' title='bbox 1039 2035 1228 2107; x_wconf 88' lang='lat' dir='ltr'>virtutibus</span> 
     </span>
     <span class='ocr_line' id='line_1_16' title="bbox 147 2159 1227 2231; baseline 0 -3"><span class='ocrx_word' id='word_1_121' title='bbox 147 2159 323 2231; x_wconf 87' lang='lat' dir='ltr'>nutriendi</span> <span class='ocrx_word' id='word_1_122' title='bbox 353 2170 433 2230; x_wconf 91' lang='lat' dir='ltr'>sunt</span> <span class='ocrx_word' id='word_1_123' title='bbox 458 2169 493 2230; x_wconf 93' lang='lat' dir='ltr'>et</span> <span class='ocrx_word' id='word_1_124' title='bbox 518 2179 586 2230; x_wconf 93' lang='lat' dir='ltr'>uon</span> <span class='ocrx_word' id='word_1_125' title='bbox 612 2159 756 2230; x_wconf 82' lang='lat' dir='ltr'>divitiis.</span> <span class='ocrx_word' id='word_1_126' title='bbox 778 2160 864 2230; x_wconf 93' lang='lat' dir='ltr'>Nam</span> <span class='ocrx_word' id='word_1_127' title='bbox 887 2159 917 2229; x_wconf 91' lang='lat' dir='ltr'>si</span> <span class='ocrx_word' id='word_1_128' title='bbox 938 2159 1058 2229; x_wconf 88' lang='lat' dir='ltr'>virtuti</span> <span class='ocrx_word' id='word_1_129' title='bbox 1082 2159 1227 2230; x_wconf 88' lang='lat' dir='ltr'>adhibiti</span> 
     </span>
     <span class='ocr_line' id='line_1_17' title="bbox 147 2280 1228 2374; baseline -0.002 -21"><span class='ocrx_word' id='word_1_130' title='bbox 147 2291 272 2366; x_wconf 90' lang='lat' dir='ltr'>erunt,</span> <span class='ocrx_word' id='word_1_131' title='bbox 311 2303 372 2352; x_wconf 90' lang='lat' dir='ltr'>eos</span> <span class='ocrx_word' id='word_1_132' title='bbox 413 2280 551 2352; x_wconf 90' lang='lat' dir='ltr'>sublimi</span> <span class='ocrx_word' id='word_1_133' title='bbox 586 2281 708 2372; x_wconf 79' lang='lat' dir='ltr'>gloriae</span> <span class='ocrx_word' id='word_1_134' title='bbox 745 2281 951 2374; x_wconf 74' lang='lat' dir='ltr'>praestabis:</span> <span class='ocrx_word' id='word_1_135' title='bbox 987 2282 1018 2352; x_wconf 90' lang='lat' dir='ltr'>si</span> <span class='ocrx_word' id='word_1_136' title='bbox 1053 2303 1138 2353; x_wconf 89' lang='lat' dir='ltr'>vero</span> <span class='ocrx_word' id='word_1_137' title='bbox 1175 2282 1228 2354; x_wconf 93' lang='lat' dir='ltr'>di-</span> 
     </span>
     <span class='ocr_line' id='line_1_18' title="bbox 147 2402 1227 2486; baseline -0.002 -9"><span class='ocrx_word' id='word_1_138' title='bbox 147 2405 240 2477; x_wconf 88' lang='lat' dir='ltr'>vitiis</span> <span class='ocrx_word' id='word_1_139' title='bbox 274 2425 336 2476; x_wconf 91' lang='lat' dir='ltr'>eos</span> <span class='ocrx_word' id='word_1_140' title='bbox 371 2402 539 2476; x_wconf 87' lang='lat' dir='ltr'>vecordes</span> <span class='ocrx_word' id='word_1_141' title='bbox 565 2415 600 2474; x_wconf 93' lang='lat' dir='ltr'>et</span> <span class='ocrx_word' id='word_1_142' title='bbox 630 2404 789 2475; x_wconf 88' lang='lat' dir='ltr'>volatiles</span> <span class='ocrx_word' id='word_1_143' title='bbox 817 2403 958 2486; x_wconf 70' lang='lat' dir='ltr'>reddes</span> <span class='ocrx_word' id='word_1_144' title='bbox 985 2403 1030 2474; x_wconf 88' lang='lat' dir='ltr'>ad</span> <span class='ocrx_word' id='word_1_145' title='bbox 1056 2426 1227 2475; x_wconf 88' lang='lat' dir='ltr'>summam</span> 
     </span>
     <span class='ocr_line' id='line_1_19' title="bbox 148 2525 1258 2620; baseline 0.002 -24"><span class='ocrx_word' id='word_1_146' title='bbox 148 2525 324 2598; x_wconf 91' lang='lat' dir='ltr'>miseriam</span> <span class='ocrx_word' id='word_1_147' title='bbox 359 2525 613 2599; x_wconf 89' lang='lat' dir='ltr'>mundanarum</span> <span class='ocrx_word' id='word_1_148' title='bbox 651 2529 868 2620; x_wconf 92' lang='lat' dir='ltr'>voluptatum</span> <span class='ocrx_word' id='word_1_149' title='bbox 906 2549 1027 2599; x_wconf 89' lang='lat' dir='ltr'>eorum</span> <span class='ocrx_word' id='word_1_150' title='bbox 1065 2526 1258 2615; x_wconf 44' lang='lat' dir='ltr'>iuvenilis,</span> 
     </span>
     <span class='ocr_line' id='line_1_20' title="bbox 148 2647 1226 2743; baseline -0.004 -23"><span class='ocrx_word' id='word_1_151' title='bbox 148 2648 252 2720; x_wconf 90' lang='lat' dir='ltr'>ducet</span> <span class='ocrx_word' id='word_1_152' title='bbox 285 2647 436 2730; x_wconf 84' lang='lat' dir='ltr'>insania,</span> <span class='ocrx_word' id='word_1_153' title='bbox 474 2671 515 2720; x_wconf 94' lang='lat' dir='ltr'>ac</span> <span class='ocrx_word' id='word_1_154' title='bbox 545 2649 579 2719; x_wconf 93' lang='lat' dir='ltr'>in</span> <span class='ocrx_word' id='word_1_155' title='bbox 613 2649 842 2743; x_wconf 89' lang='lat' dir='ltr'>praecipitium</span> <span class='ocrx_word' id='word_1_156' title='bbox 875 2661 1014 2741; x_wconf 82' lang='lat' dir='ltr'>verget,</span> <span class='ocrx_word' id='word_1_157' title='bbox 1049 2660 1085 2721; x_wconf 88' lang='lat' dir='ltr'>et</span> <span class='ocrx_word' id='word_1_158' title='bbox 1119 2648 1226 2721; x_wconf 91' lang='lat' dir='ltr'>labori</span> 
     </span>
     <span class='ocr_line' id='line_1_21' title="bbox 147 2768 1226 2843; baseline 0.004 -5"><span class='ocrx_word' id='word_1_159' title='bbox 147 2791 259 2842; x_wconf 88' lang='lat' dir='ltr'>vacuo</span> <span class='ocrx_word' id='word_1_160' title='bbox 279 2768 462 2842; x_wconf 89' lang='lat' dir='ltr'>insudabis</span> <span class='ocrx_word' id='word_1_161' title='bbox 482 2771 637 2840; x_wconf 91' lang='lat' dir='ltr'>moribus</span> <span class='ocrx_word' id='word_1_162' title='bbox 663 2772 747 2841; x_wconf 91' lang='lat' dir='ltr'>vitae</span> <span class='ocrx_word' id='word_1_163' title='bbox 773 2773 941 2842; x_wconf 88' lang='lat' dir='ltr'>nocituro.</span> <span class='ocrx_word' id='word_1_164' title='bbox 965 2811 1009 2824; x_wconf 91' lang='lat'>—</span> <span class='ocrx_word' id='word_1_165' title='bbox 1032 2772 1069 2843; x_wconf 85' lang='lat' dir='ltr'>Si</span> <span class='ocrx_word' id='word_1_166' title='bbox 1090 2771 1226 2843; x_wconf 90' lang='lat' dir='ltr'>carebis</span> 
     </span>
     <span class='ocr_line' id='line_1_22' title="bbox 148 2887 1227 2982; baseline 0.003 -24"><span class='ocrx_word' id='word_1_167' title='bbox 148 2887 243 2972; x_wconf 82' lang='lat' dir='ltr'>liliis,</span> <span class='ocrx_word' id='word_1_168' title='bbox 261 2891 437 2981; x_wconf 84' lang='lat' dir='ltr'>indigebis</span> <span class='ocrx_word' id='word_1_169' title='bbox 455 2890 667 2962; x_wconf 87' lang='lat' dir='ltr'>baeredibus.</span> <span class='ocrx_word' id='word_1_170' title='bbox 682 2892 806 2960; x_wconf 92' lang='lat' dir='ltr'>-Obl</span> <span class='ocrx_word' id='word_1_171' title='bbox 828 2913 916 2981; x_wconf 84' lang='lat' dir='ltr'>geos</span> <span class='ocrx_word' id='word_1_172' title='bbox 934 2892 1053 2982; x_wconf 80' lang='lat' dir='ltr'>ignara</span> <span class='ocrx_word' id='word_1_173' title='bbox 1071 2904 1106 2963; x_wconf 91' lang='lat' dir='ltr'>et</span> <span class='ocrx_word' id='word_1_174' title='bbox 1119 2893 1227 2964; x_wconf 90' lang='lat' dir='ltr'>obsti-</span> 
     </span>
     <span class='ocr_line' id='line_1_23' title="bbox 105 3011 1225 3102; baseline 0.004 -24"><span class='ocrx_word' id='word_1_175' title='bbox 105 3042 107 3045; x_wconf 90' lang='lat'>·</span> <span class='ocrx_word' id='word_1_176' title='bbox 148 3019 239 3081; x_wconf 90' lang='lat' dir='ltr'>nata.</span> <span class='ocrx_word' id='word_1_177' title='bbox 262 3012 306 3083; x_wconf 87' lang='lat' dir='ltr'>Et</span> <span class='ocrx_word' id='word_1_178' title='bbox 325 3012 406 3102; x_wconf 93' lang='lat' dir='ltr'>quis</span> <span class='ocrx_word' id='word_1_179' title='bbox 425 3031 580 3102; x_wconf 91' lang='lat' dir='ltr'>unquam</span> <span class='ocrx_word' id='word_1_180' title='bbox 616 3012 727 3082; x_wconf 87' lang='lat' dir='ltr'>caruit</span> <span class='ocrx_word' id='word_1_181' title='bbox 746 3011 903 3094; x_wconf 88' lang='lat' dir='ltr'>haerede,</span> <span class='ocrx_word' id='word_1_182' title='bbox 936 3014 1010 3083; x_wconf 89' lang='lat' dir='ltr'>uisi·</span> <span class='ocrx_word' id='word_1_183' title='bbox 1030 3014 1158 3085; x_wconf 83' lang='lat' dir='ltr'>miser?</span> <span class='ocrx_word' id='word_1_184' title='bbox 1180 3056 1225 3066; x_wconf 90' lang='lat'>-</span> 
     </span>
     <span class='ocr_line' id='line_1_24' title="bbox 147 3130 1226 3228; baseline 0.006 -28"><span class='ocrx_word' id='word_1_185' title='bbox 147 3130 343 3202; x_wconf 88' lang='lat' dir='ltr'>Possidebit</span> <span class='ocrx_word' id='word_1_186' title='bbox 376 3140 434 3202; x_wconf 91' lang='lat' dir='ltr'>tua</span> <span class='ocrx_word' id='word_1_187' title='bbox 466 3144 666 3202; x_wconf 85' lang='lat' dir='ltr'>extraneus</span> <span class='ocrx_word' id='word_1_188' title='bbox 680 3131 804 3203; x_wconf 76' lang='lat' dir='ltr'>haeres.</span> <span class='ocrx_word' id='word_1_189' title='bbox 826 3174 870 3185; x_wconf 92' lang='lat'>-</span> <span class='ocrx_word' id='word_1_190' title='bbox 888 3135 932 3204; x_wconf 83' lang='lat' dir='ltr'>Et</span> <span class='ocrx_word' id='word_1_191' title='bbox 957 3155 1023 3226; x_wconf 82' lang='lat' dir='ltr'>ego</span> <span class='ocrx_word' id='word_1_192' title='bbox 1042 3156 1123 3226; x_wconf 91' lang='lat' dir='ltr'>quae</span> <span class='ocrx_word' id='word_1_193' title='bbox 1148 3158 1226 3228; x_wconf 85' lang='lat' dir='ltr'>mea</span> 
     </span>
     <span class='ocr_line' id='line_1_25' title="bbox 149 3255 1225 3350; baseline 0.004 -26"><span class='ocrx_word' id='word_1_194' title='bbox 149 3255 217 3325; x_wconf 91' lang='lat' dir='ltr'>iam</span> <span class='ocrx_word' id='word_1_195' title='bbox 250 3276 319 3326; x_wconf 91' lang='lat' dir='ltr'>uon</span> <span class='ocrx_word' id='word_1_196' title='bbox 351 3256 448 3326; x_wconf 85' lang='lat' dir='ltr'>fuere</span> <span class='ocrx_word' id='word_1_197' title='bbox 481 3255 662 3347; x_wconf 89' lang='lat' dir='ltr'>possideo:</span> <span class='ocrx_word' id='word_1_198' title='bbox 694 3264 844 3328; x_wconf 87' lang='lat' dir='ltr'>attamen</span> <span class='ocrx_word' id='word_1_199' title='bbox 878 3257 961 3328; x_wconf 93' lang='lat' dir='ltr'>nibil</span> <span class='ocrx_word' id='word_1_200' title='bbox 995 3259 1106 3330; x_wconf 89' lang='lat' dir='ltr'>babeo</span> <span class='ocrx_word' id='word_1_201' title='bbox 1131 3258 1225 3350; x_wconf 90' lang='lat' dir='ltr'>quod</span> 
     </span>
     <span class='ocr_line' id='line_1_26' title="bbox 148 3378 1225 3472; baseline 0.001 -22"><span class='ocrx_word' id='word_1_202' title='bbox 148 3399 263 3450; x_wconf 89' lang='lat' dir='ltr'>meum</span> <span class='ocrx_word' id='word_1_203' title='bbox 285 3379 354 3450; x_wconf 88' lang='lat' dir='ltr'>dici</span> <span class='ocrx_word' id='word_1_204' title='bbox 375 3378 495 3469; x_wconf 87' lang='lat' dir='ltr'>possit.</span> <span class='ocrx_word' id='word_1_205' title='bbox 518 3379 617 3462; x_wconf 83' lang='lat' dir='ltr'>Quod</span> <span class='ocrx_word' id='word_1_206' title='bbox 639 3379 765 3450; x_wconf 86' lang='lat' dir='ltr'>auferri</span> <span class='ocrx_word' id='word_1_207' title='bbox 786 3392 901 3472; x_wconf 86' lang='lat' dir='ltr'>potest</span> <span class='ocrx_word' id='word_1_208' title='bbox 921 3381 1006 3450; x_wconf 89' lang='lat' dir='ltr'>nulli</span> <span class='ocrx_word' id='word_1_209' title='bbox 1024 3379 1143 3453; x_wconf 91' lang='lat' dir='ltr'>datum</span> <span class='ocrx_word' id='word_1_210' title='bbox 1162 3380 1225 3451; x_wconf 90' lang='lat' dir='ltr'>sed</span> 
     </span>
     <span class='ocr_line' id='line_1_27' title="bbox 148 3500 1226 3592; baseline 0 -19"><span class='ocrx_word' id='word_1_211' title='bbox 148 3520 370 3586; x_wconf 84' lang='lat' dir='ltr'>concessum,</span> <span class='ocrx_word' id='word_1_212' title='bbox 399 3511 436 3570; x_wconf 87' lang='lat' dir='ltr'>ut</span> <span class='ocrx_word' id='word_1_213' title='bbox 461 3500 544 3572; x_wconf 94' lang='lat' dir='ltr'>illud</span> <span class='ocrx_word' id='word_1_214' title='bbox 565 3502 730 3574; x_wconf 88' lang='lat' dir='ltr'>Senecae:</span> <span class='ocrx_word' id='word_1_215' title='bbox 756 3525 822 3572; x_wconf 85' lang='lat' dir='ltr'>non</span> <span class='ocrx_word' id='word_1_216' title='bbox 850 3513 896 3572; x_wconf 83' lang='lat' dir='ltr'>est</span> <span class='ocrx_word' id='word_1_217' title='bbox 914 3514 1014 3572; x_wconf 23' lang='lat' dir='ltr'>*tuum</span> <span class='ocrx_word' id='word_1_218' title='bbox 1033 3502 1118 3592; x_wconf 83' lang='lat' dir='ltr'>quod</span> <span class='ocrx_word' id='word_1_219' title='bbox 1138 3502 1226 3573; x_wconf 79' lang='lat' dir='ltr'>For-</span> 
     </span>
     <span class='ocr_line' id='line_1_28' title="bbox 148 3624 1222 3720; baseline 0.003 -28"><span class='ocrx_word' id='word_1_220' title='bbox 148 3633 230 3692; x_wconf 87' lang='lat' dir='ltr'>tuuu</span> <span class='ocrx_word' id='word_1_221' title='bbox 244 3625 320 3712; x_wconf 80' lang='lat' dir='ltr'>fecit</span> <span class='ocrx_word' id='word_1_222' title='bbox 339 3634 441 3693; x_wconf 87' lang='lat' dir='ltr'>tuum.</span> <span class='ocrx_word' id='word_1_223' title='bbox 460 3625 612 3695; x_wconf 86' lang='lat' dir='ltr'>Fortuna</span> <span class='ocrx_word' id='word_1_224' title='bbox 630 3626 685 3695; x_wconf 90' lang='lat' dir='ltr'>cui</span> <span class='ocrx_word' id='word_1_225' title='bbox 706 3626 818 3716; x_wconf 90' lang='lat' dir='ltr'>placet</span> <span class='ocrx_word' id='word_1_226' title='bbox 839 3625 928 3697; x_wconf 92' lang='lat' dir='ltr'>bona</span> <span class='ocrx_word' id='word_1_227' title='bbox 949 3624 1129 3720; x_wconf 86' lang='lat' dir='ltr'>dispensat</span> <span class='ocrx_word' id='word_1_228' title='bbox 1148 3647 1222 3697; x_wconf 90' lang='lat' dir='ltr'>sua.</span> 
     </span>
     <span class='ocr_line' id='line_1_29' title="bbox 147 3744 1224 3831; baseline 0.006 -18"><span class='ocrx_word' id='word_1_229' title='bbox 147 3745 231 3814; x_wconf 88' lang='lat' dir='ltr'>Haec</span> <span class='ocrx_word' id='word_1_230' title='bbox 256 3744 417 3815; x_wconf 92' lang='lat' dir='ltr'>omnibus</span> <span class='ocrx_word' id='word_1_231' title='bbox 438 3766 524 3816; x_wconf 89' lang='lat' dir='ltr'>vera</span> <span class='ocrx_word' id='word_1_232' title='bbox 548 3758 584 3817; x_wconf 86' lang='lat' dir='ltr'>et</span> <span class='ocrx_word' id='word_1_233' title='bbox 608 3759 703 3818; x_wconf 88' lang='lat' dir='ltr'>certa</span> <span class='ocrx_word' id='word_1_234' title='bbox 725 3760 780 3819; x_wconf 89' lang='lat' dir='ltr'>est</span> <span class='ocrx_word' id='word_1_235' title='bbox 802 3749 929 3819; x_wconf 87' lang='lat' dir='ltr'>haeres.</span> <span class='ocrx_word' id='word_1_236' title='bbox 951 3747 1051 3831; x_wconf 89' lang='lat' dir='ltr'>Quod</span> <span class='ocrx_word' id='word_1_237' title='bbox 1072 3771 1224 3820; x_wconf 91' lang='lat' dir='ltr'>commo·</span> 
     </span>
     <span class='ocr_line' id='line_1_30' title="bbox 147 3865 1225 3962; baseline 0.003 -24"><span class='ocrx_word' id='word_1_238' title='bbox 147 3865 250 3938; x_wconf 90' lang='lat' dir='ltr'>datur</span> <span class='ocrx_word' id='word_1_239' title='bbox 272 3865 347 3936; x_wconf 91' lang='lat' dir='ltr'>sine</span> <span class='ocrx_word' id='word_1_240' title='bbox 374 3866 498 3938; x_wconf 91' lang='lat' dir='ltr'>iniuria</span> <span class='ocrx_word' id='word_1_241' title='bbox 518 3867 605 3960; x_wconf 91' lang='lat' dir='ltr'>eripi</span> <span class='ocrx_word' id='word_1_242' title='bbox 626 3880 749 3960; x_wconf 89' lang='lat' dir='ltr'>potest.</span> <span class='ocrx_word' id='word_1_243' title='bbox 768 3872 837 3942; x_wconf 89' lang='lat' dir='ltr'>Sed</span> <span class='ocrx_word' id='word_1_244' title='bbox 858 3893 923 3942; x_wconf 92' lang='lat' dir='ltr'>vos</span> <span class='ocrx_word' id='word_1_245' title='bbox 946 3871 1056 3962; x_wconf 81' lang='lat' dir='ltr'>ignari</span> <span class='ocrx_word' id='word_1_246' title='bbox 1078 3883 1113 3942; x_wconf 91' lang='lat' dir='ltr'>et</span> <span class='ocrx_word' id='word_1_247' title='bbox 1136 3892 1225 3962; x_wconf 87' lang='lat' dir='ltr'>prae·</span> 
     </span>
     <span class='ocr_line' id='line_1_31' title="bbox 147 3988 1222 4085; baseline 0.007 -27"><span class='ocrx_word' id='word_1_248' title='bbox 147 3990 277 4079; x_wconf 86' lang='lat' dir='ltr'>posteri</span> <span class='ocrx_word' id='word_1_249' title='bbox 313 3998 349 4059; x_wconf 89' lang='lat' dir='ltr'>ct</span> <span class='ocrx_word' id='word_1_250' title='bbox 381 3988 536 4061; x_wconf 88' lang='lat' dir='ltr'>morituri</span> <span class='ocrx_word' id='word_1_251' title='bbox 565 3991 706 4065; x_wconf 91' lang='lat' dir='ltr'>creditis</span> <span class='ocrx_word' id='word_1_252' title='bbox 746 3994 905 4066; x_wconf 89' lang='lat' dir='ltr'>testando</span> <span class='ocrx_word' id='word_1_253' title='bbox 938 4003 973 4064; x_wconf 92' lang='lat' dir='ltr'>et</span> <span class='ocrx_word' id='word_1_254' title='bbox 1006 3995 1156 4085; x_wconf 79' lang='lat' dir='ltr'>legando</span> <span class='ocrx_word' id='word_1_255' title='bbox 1188 3993 1222 4065; x_wconf 92' lang='lat' dir='ltr'>in</span> 
     </span>
     <span class='ocr_line' id='line_1_32' title="bbox 150 4111 1222 4209; baseline 0.011 -33"><span class='ocrx_word' id='word_1_256' title='bbox 150 4111 263 4184; x_wconf 86' lang='lat' dir='ltr'>tuturo</span> <span class='ocrx_word' id='word_1_257' title='bbox 277 4111 400 4183; x_wconf 90' lang='lat' dir='ltr'>inlerni</span> <span class='ocrx_word' id='word_1_258' title='bbox 417 4112 484 4205; x_wconf 74' lang='lat' dir='ltr'>(sic)</span> <span class='ocrx_word' id='word_1_259' title='bbox 499 4111 661 4185; x_wconf 80' lang='lat' dir='ltr'>Fortunae</span> <span class='ocrx_word' id='word_1_260' title='bbox 679 4136 788 4187; x_wconf 90' lang='lat' dir='ltr'>novas</span> <span class='ocrx_word' id='word_1_261' title='bbox 808 4115 985 4208; x_wconf 89' lang='lat' dir='ltr'>imponere</span> <span class='ocrx_word' id='word_1_262' title='bbox 1000 4118 1107 4209; x_wconf 80' lang='lat' dir='ltr'>leges.</span> <span class='ocrx_word' id='word_1_263' title='bbox 1123 4115 1222 4188; x_wconf 87' lang='lat' dir='ltr'>Ridet</span> 
     </span>
    </p>
   </div>
   <div class='ocr_carea' id='block_1_3' title="bbox 0 0 1474 4650">
    <p class='ocr_par' dir='ltr' id='par_1_3' title="bbox 0 0 1474 4650">
     <span class='ocr_line' id='line_1_33' title="bbox 0 0 1474 4650; baseline 0 0"><span class='ocrx_word' id='word_1_264' title='bbox 0 0 1474 4650; x_wconf 95' lang='lat' dir='ltr'> </span> 
     </span>
    </p>
   </div>
  </div>
 </body>
</html>
