2940 4650
220 283 279 343 lot
669 298 830 346 vanuum

127 467 129 470 ¹
221 441 288 511 tuis
310 439 407 510 Pisas
427 451 487 511 aut
508 442 616 512 Senas
641 465 710 535 qua
737 442 792 512 ille
818 443 881 512 iter
901 453 1045 512 acturus
1068 449 1143 525 est,
1170 442 1319 536 Episco-
1412 535 1413 539 Ἴ

219 585 371 655 pumque
391 544 594 650 convenies,
615 575 651 634 et
672 566 753 635 viva
769 588 851 636 voce
865 565 908 636 de
922 564 1070 655 negocio
1088 566 1317 638 instructum

221 695 256 753 et
272 685 396 756 litteris
417 686 461 758 ad
482 709 561 757 eum
578 686 673 770 meis,
689 709 769 778 quae
783 709 862 757 cum
876 686 953 756 istis
969 685 1134 769 veniunt,
1153 688 1317 758 excitan-

221 808 314 879 dum.
338 809 403 878 Pro
425 809 501 878 aliis
516 832 601 880 vero
616 832 723 880 unum
745 832 791 878 ex
813 809 898 880 meis
921 810 1020 899 sequi
1042 809 1148 878 illum
1171 807 1315 879 iubebo:

221 931 333 1000 nullas
347 930 438 1000 enim
453 929 506 999 bis
522 932 653 1001 litteras
673 929 776 1000 scribi
799 932 965 1024 temporis
987 931 1071 1002 sivit
1091 931 1234 1024 inopia.
1251 932 1316 999 Do-

221 1054 275 1123 leo
296 1053 389 1144 quod
423 1052 482 1122 tibi
518 1053 645 1124 laboris
679 1052 808 1144 aliquid
829 1063 889 1124 aut
910 1050 1036 1146 negotii
1060 1055 1216 1147 reliqui:
1255 1052 1315 1125 sed

222 1176 458 1248 necessarium
478 1177 552 1246 luit.
762 1185 765 1190 ’

702 1299 747 1360 Nil
763 1299 829 1361 sine
842 1315 953 1378 magno

503 1396 617 1458 Labore
631 1397 693 1458 vita
707 1397 788 1459 dedit
802 1399 992 1460 mortalibus.

222 1548 352 1636 largo,
371 1554 406 1616 et
426 1544 579 1616 laborem
606 1543 667 1616 tibi
696 1558 830 1617 certum
852 1548 1054 1638 imaginaria
1076 1547 1233 1619 condias
1252 1571 1312 1620 vo·

222 1668 361 1761 luptale.
383 1669 574 1740 Iucundum
594 1669 622 1739 si
646 1669 705 1739 tibi
727 1668 886 1755 finxeris,
921 1670 1060 1741 efficies.
1098 1671 1259 1742 AEstima
1280 1681 1310 1740 te

222 1791 297 1861 ocio
326 1812 394 1874 non
428 1793 568 1883 negotio
597 1793 697 1864 trabi.
732 1794 875 1885 Semper
896 1792 1014 1873 sedes,
1038 1815 1229 1885 nunquam
1253 1817 1310 1888 pa-

223 1912 326 1983 trium
347 1915 453 1984 limen
474 1914 620 1985 transis:
644 1915 677 1984 in
699 1915 765 1985 hoc
786 1937 909 2006 nempe
935 1914 1148 2000 differimus,
1170 1916 1218 1987 ad
1237 1937 1310 1985 ’cae-

223 2042 296 2105 tera
318 2058 406 2129 pene
425 2038 572 2127 gemelli.
592 2037 634 2105 Et
655 2037 710 2107 bic
731 2059 870 2128 quoque
891 2059 1006 2107 meum
1028 2059 1164 2107 morem
1184 2037 1306 2117 indue,

223 2166 320 2228 tuum
342 2180 445 2229 exue.
461 2157 571 2229 Habet
586 2167 623 2238 et¹
638 2169 753 2228 motus
774 2178 873 2229 suam
895 2156 1132 2237 dulcedinem,
1157 2168 1193 2227 et
1212 2179 1308 2250 saepe

222 2283 338 2372 quiete
359 2282 490 2373 gratior
511 2282 573 2352 luit
588 2281 699 2364 labor;
724 2290 760 2350 ut
777 2281 862 2350 nihil
879 2278 987 2362 aliud,
1011 2280 1166 2372 quielem
1190 2280 1306 2374 ipsam

223 2403 325 2474 efficit
345 2404 542 2494 gratiorem.
563 2403 691 2496 Incipe,
715 2424 833 2495 surge,
857 2426 937 2494 age,
956 2425 1059 2474 move
1081 2417 1114 2473 te
1137 2404 1233 2485 loco;
1255 2425 1307 2474 re-

222 2547 350 2597 versus
365 2527 485 2595 saltem
502 2527 625 2595 melius
641 2524 788 2595 sedebis.
811 2525 877 2608 Qui
896 2548 1034 2620 semper
1054 2526 1189 2596 alienas
1204 2528 1304 2610 facis,

223 2646 408 2739 aliquando
430 2668 486 2717 res
508 2655 566 2717 tua
587 2648 699 2719 facito.
718 2648 852 2719 Fallere
876 2659 918 2735 te,
936 2659 971 2719 et
992 2647 1019 2717 si
1042 2649 1187 2741 possim,
1208 2651 1304 2734 nom,

222 2780 257 2840 et
272 2770 300 2840 si
321 2770 434 2853 velim,
456 2792 603 2863 nequeo.
626 2768 817 2842 Artificium
839 2794 953 2842 meum
971 2770 1063 2841 vide.
1082 2770 1188 2842 Facio
1207 2773 1305 2865 quod

223 2893 460 2964 consolatores
479 2895 604 2964 solent:
626 2891 730 2964 fando
751 2892 844 2984 quod
865 2902 1000 2985 oportet
1017 2902 1055 2961 ut
1079 2891 1233 2963 delectet
1256 2893 1307 2964 ni-

223 3024 285 3085 tor.
305 3016 473 3107 Cuperem
488 3017 656 3107 Legatum
671 3018 786 3110 ipsum
799 3017 1008 3087 Florentiam
1027 3017 1307 3109 invisere-quod

223 3147 259 3207 et
278 3147 398 3230 optare
418 3139 514 3207 illum
532 3138 697 3210 arbitror:
718 3139 780 3210 sed
801 3148 884 3232 puto
905 3161 974 3209 non
999 3139 1139 3232 poterit,
1161 3141 1306 3231 magnis

110 3283 112 3288 ’
222 3272 256 3331 et
276 3259 444 3351 gravibus
462 3259 628 3330 Ecclesiae
650 3262 797 3352 negotiis
820 3272 913 3332 recto
934 3263 1078 3330 Romam
1095 3261 1183 3331 calle
1205 3264 1308 3334 festi-

223 3405 322 3455 nans.
341 3384 417 3475 lpse
432 3405 516 3455 vero
536 3363 703 3475 quantum
721 3383 861 3474 obliquo
878 3393 981 3474 atque
1007 3382 1076 3453 udo
1095 3384 1183 3463 calle
1206 3387 1309 3456 festi-

224 3507 390 3589 naverim
411 3509 540 3576 frustra
562 3519 676 3575 tamen
704 3517 739 3576 ut
766 3504 833 3576 huc
854 3515 933 3577 ante
953 3508 1201 3597 crepusculum
1227 3530 1310 3601 per-

224 3632 390 3714 venirem,
407 3628 641 3699 claudicantes
659 3628 760 3699 lineae
781 3640 816 3700 et
838 3631 932 3701 sesso
960 3626 1131 3700 simillima
1157 3630 1308 3716 viatori,
1434 3659 1435 3669 .

223 3754 276 3823 vel
299 3753 371 3824 sola
385 3755 480 3823 lrons
503 3750 631 3822 indicat
651 3751 854 3824 litterarum.
877 3753 972 3823 Vale.
1062 3832 1063 3839 ἵ

725 4030 803 4040 ιω·-
