2730 4680
309 349 403 396 arnan
424 344 816 396 vruasruus-arusrout
840 345 903 392 xru.
1106 334 1143 394 ll

69 507 253 557 caesaream
271 482 378 554 animi
391 480 663 573 magnitudinem
675 481 1146 555 luliusCaesardicimeruis-

67 617 112 682 sel
133 630 153 679 a
178 607 293 690 nobis,
313 629 397 677 vera
414 616 530 676 tamen
550 606 673 699 patriae
685 605 813 698 pietate
827 605 993 677 Camillus
1008 618 1147 679 nostro-

65 757 135 803 rum
162 743 359 827 temporum
386 731 463 814 fuit,
491 742 552 800 aut
578 729 708 823 Scipi0;
737 752 869 822 perque
904 731 1049 801 illustris
1084 730 1146 802 sed

21 880 28 904 ·
64 857 142 928 heul
168 856 315 926 nimium
335 855 478 926 caducae
492 853 646 938 familiae,
662 862 823 924 natorum
842 854 918 924 eius
937 855 1046 925 nostri
1061 855 1145 926 dum

63 981 126 1050 lleo
146 978 280 1074 placuit
299 978 635 1061 amantissimorum,
657 974 828 1073 nobisque
856 976 1085 1071 praedulcium
1112 991 1147 1050 et

62 1123 221 1171 carorum
245 1100 447 1193 pignorum,
470 1110 505 1171 et
533 1121 640 1194 super
666 1099 782 1172 omnia
808 1122 869 1193 per
897 1122 1036 1194 semper
1061 1102 1145 1172 mihi

62 1224 173 1306 llendi,
199 1245 337 1316 semper
357 1222 591 1294 memorabilis
618 1220 760 1293 Ascanii
781 1224 891 1293 nostri
912 1247 1058 1317 prorsus
1086 1224 1146 1296 lie-

63 1350 188 1418 roicam
223 1368 379 1440 vereque
412 1344 564 1418 nobilem
591 1345 759 1429 animam,
790 1367 871 1437 quae
899 1348 1026 1418 festino
1050 1349 1145 1421 abitu

63 1494 122 1542 nou
145 1469 441 1552 nostrammodo,
465 1469 527 1540 sed
550 1471 670 1540 Romae
692 1468 756 1539 sed
774 1469 881 1539 ltaliae
900 1493 997 1563 spem
1017 1473 1143 1553 fefellit,

64 1606 89 1665 et
108 1596 233 1665 florem
256 1593 380 1687 priscae
398 1591 528 1663 militiae
550 1596 767 1664 renascentis
789 1592 914 1664 acerba
929 1604 1038 1666 morte
1053 1620 1145 1690 prae-

64 1718 190 1789 secuit:
213 1739 277 1810 per
299 1717 371 1799 hoS,
394 1715 552 1809 inquam,
572 1740 635 1810 per
656 1740 727 1800 rue,
750 1739 812 1808 per
833 1719 1055 1813 temetipsum
1082 1745 1145 1793 oro

64 1849 89 1911 te
110 1852 147 1911 ut
168 1841 265 1910 hunc
284 1840 488 1932 scrupulum
508 1840 570 1931 qui
592 1862 647 1910 me
677 1841 818 1932 premit,
841 1840 926 1925 urit,
947 1852 1088 1935 torquet
1110 1858 1144 1915 et

64 1963 187 2035 cruciat
206 1961 289 2031 milri
308 1985 412 2054 quam
433 1962 581 2054 primum
601 1963 749 2045 eximas,
772 1975 808 2033 et
826 1963 855 2034 si
873 1986 929 2033 me
948 1965 1066 2055 diligis
1084 1978 1144 2037 aut

64 2109 211 2180 unquam
229 2085 398 2170 dilexisti,
419 2084 510 2155 illico
528 2095 716 2177 autequam
736 2084 793 2155 hae
811 2087 936 2156 litterae
950 2108 969 2156 e
981 2085 1142 2158 manibus

63 2211 122 2281 tuis
136 2209 393 2292 abscesserint,
411 2209 591 2280 Socratem
604 2210 718 2301 ipsum
731 2206 900 2279 miraculo
912 2217 1017 2278 tantae
1036 2209 1141 2279 huius

63 2347 122 2405 tum
153 2332 358 2404 mutationis
388 2332 584 2415 attonitum,
617 2335 766 2403 fortunae
797 2355 890 2403 nuuc
916 2332 1039 2404 iratum
1068 2352 1143 2404 suae

62 2460 108 2529 vel
127 2457 240 2528 adeas
257 2459 315 2527 vel
333 2477 505 2528 accersas.
529 2457 601 2527 Hoc
622 2470 754 2549 precor,
778 2455 844 2527 hoc
856 2457 954 2528 facile
972 2467 1035 2527 est.
1053 2456 1143 2527 Con-

63 2582 171 2651 venite
185 2580 293 2652 modu
305 2579 565 2672 distractusque
578 2581 714 2651 animos
727 2583 916 2673 vultusque
936 2582 1140 2667 contrahite,

63 2726 142 2775 neve
157 2707 386 2784 alterutrum,
402 2703 497 2796 quod
516 2703 620 2775 valde
638 2705 782 2775 amastis
800 2705 1009 2791 horrescite,
1027 2716 1061 2778 et
1074 2707 1142 2778 nisi

61 2852 108 2900 ure
135 2830 245 2900 vultis
274 2831 309 2899 in
340 2828 493 2900 lacrimis
525 2850 565 2899 ac
592 2826 711 2899 dolore
740 2849 939 2911 senescere,
969 2829 1079 2901 redite
1106 2831 1142 2900 in

61 2952 222 3048 idipsum,
247 2974 317 3022 neu
337 2952 474 3022 viscera
497 2974 574 3022 mea
596 2951 742 3024 canibus
762 2953 924 3024 lanianda
941 2953 1140 3047 discerpite.

60 3074 152 3146 Nunc
172 3075 306 3146 videbo
327 3076 356 3145 si
378 3097 434 3145 me
462 3075 594 3166 diligis,
628 3087 665 3146 ut
694 3077 786 3145 fama
816 3085 881 3146 est.
910 3076 945 3144 Si
972 3075 1143 3170 quidquid

61 3201 147 3272 aliud
170 3199 320 3284 scribes,
344 3199 410 3270 nisi
431 3202 560 3271 factum
579 3200 772 3292 essequod
792 3202 942 3293 postulo,
958 3222 1062 3271 carus
1080 3199 1142 3271 tibi

61 3322 111 3394 diu
137 3326 230 3395 falso
259 3344 337 3393 sum
363 3324 530 3394 creditus.
558 3323 618 3393 Sin
644 3325 856 3396 convenisse
886 3346 951 3395 vos
985 3323 1141 3409 audiam,

61 3448 123 3519 voti
137 3459 257 3519 certus
272 3468 433 3530 evasero,
451 3459 489 3518 ut
506 3469 612 3539 quern
626 3445 688 3517 tibi
706 3447 856 3518 amicum
871 3446 1015 3520 abstulit
1028 3447 1142 3517 aliena

62 3570 218 3660 perfidia,
243 3571 408 3641 restituat
428 3568 620 3642 lides'mea.
634 3571 754 3640 Nullas
770 3592 1002 3642 susurronum
1018 3590 1140 3652 voces,

62 3698 166 3766 nullas
196 3697 331 3765 irarum
365 3693 530 3786 reliquias
558 3692 698 3765 timebo.
726 3696 835 3766 Multa
860 3697 952 3767 inter
978 3695 1141 3766 absentes

64 3818 159 3889 audet
186 3817 334 3889 invidiae
357 3840 526 3888 murmur.
548 3819 676 3908 Magna
698 3831 815 3890 autem
842 3819 1033 3890 intermissi
1060 3840 1143 3889 con-

65 3956 202 4023 gressus
216 3939 373 4010 efficacia
385 3950 450 4008 est.
466 3939 561 4009 Hanc
575 3941 684 4009 solam
701 3956 838 4033 precor,
854 3939 920 4011 hoc
934 3920 1047 4010 unum*
1058 3964 1142 4032 ag03

65 4054 91 4129 id
117 4063 145 4132 si
170 4062 260 4133 mihi
291 4063 514 4157 praestiteris
549 4064 594 4134 de
626 4064 770 4158 reliquis
796 4086 866 4134 nou
893 4064 1024 4136 labore.
1052 4067 1143 4152 Quid

67 4190 91 4248 lo
114 4208 219 4277 agere
243 4197 419 4278 oporteat,
448 4187 593 4278 etquid
627 4189 719 4281 loqui
750 4189 862 4280 pietas
896 4189 971 4283 ipsa
1005 4205 1040 4262 et
1074 4204 1141 4265 tarn
