2934 4650
577 352 731 401 nannoni
755 351 825 399 xur.
1169 335 1225 397 lit

150 490 269 560 oculos
291 489 462 561 assuefeci
485 500 522 561 ut
544 512 672 561 novam
703 489 907 583 scripturam
941 493 1231 585 qualemcumque

151 609 336 682 fastidiam.
358 612 471 704 Super
491 611 556 682 hoc
576 611 660 682 nihil
681 611 841 706 amplius.
865 612 959 683 Tuus
987 633 1065 682 surn
1095 622 1131 684 et
1163 610 1231 682 La·

153 753 233 824 pum
256 753 373 803 meum
395 730 506 824 lappis
528 732 761 804 tenacissimis
792 733 921 804 amoris
947 731 1098 804 obsitum
1123 733 1232 806 fuisse

152 872 246 922 nunc
266 851 393 935 sentio,
415 873 436 922 a
461 871 531 943 quo
552 849 670 922 divelli
692 843 838 944 nequeo.
866 852 923 921 Sic
949 860 982 922 te
1009 855 1119 923 semel
1139 873 1233 925 com-

154 974 279 1063 plexus
311 972 426 1044 animo
451 971 618 1044 inhaereo,
646 972 914 1045 Felieitcruale.
1072 954 1074 961 ’

607 1119 815 1193 Franciscus
840 1120 1017 1192 Petracch.
1041 1133 1131 1194 tuus.

260 1257 382 1325 Parmae,
400 1260 494 1311 octavu
508 1255 575 1312 Idus
589 1256 711 1313 Ianuarii
725 1257 889 1314 festinanter
902 1258 990 1314 valde.

473 1491 474 1494 Ἴ
548 1541 726 1607 EPISTULA
747 1543 841 1606 XLVl.

276 1716 469 1767 rulnclscus
489 1683 659 1766 Purulltct
680 1717 780 1765 MODlO
803 1717 974 1787 Puuuuusq
983 1719 1010 1775 S.
1033 1721 1061 1768 Ρ.
1085 1682 1114 1770 1)..

158 1843 480 1899 Gratulaturadventum
505 1835 575 1912 eius,
600 1849 629 1898 et
651 1841 767 1897 devilia
790 1856 841 1896 sua
863 1859 948 1914 quam
974 1842 1099 1899 Linterni
1123 1848 1238 1902 nomine

189 1932 323 2002 designat,
336 1932 460 2004 itemque
474 1932 509 1986 de
522 1932 609 1986 altera
621 1930 694 1984 inter
705 1930 790 1984 colles
803 1928 948 2000 Euganeos
961 1932 1096 1987 nonnulla
1107 1932 1209 1991 innuit.

255 2066 502 2138 Amantissimo
519 2064 622 2147 Modi.
640 2060 825 2134 Perfudisu
848 2084 904 2133 me
931 2073 1073 2159 stupore
1094 2076 1130 2137 et
1150 2088 1237 2158 gau-

157 2188 216 2260 dio
235 2187 320 2258 dum
340 2185 458 2258 audivi
478 2195 511 2255 te
530 2196 598 2256 tam
621 2203 728 2276 prope
743 2202 840 2267 esse,
859 2204 962 2275 quem
985 2186 1088 2275 longe
1111 2184 1240 2259 absen-

157 2319 226 2382 tem
259 2306 487 2378 aestimabam.
522 2308 567 2379 Et
597 2304 684 2399 quid
718 2303 779 2375 tibi
807 2304 864 2377 vis
893 2305 1032 2378 dicam?
1061 2308 1155 2381 Mille
1180 2330 1239 2382 res

160 2429 324 2502 haberem
346 2428 523 2500 scribere:
544 2439 681 2522 tempus
698 2437 794 2500 vetat
811 2439 845 2500 et
862 2449 944 2522 spes
962 2440 997 2500 te
1015 2427 1060 2500 de
1077 2431 1240 2523 proximo
1291 2524 1292 2527 Ἴ

159 2552 311 2625 videndi.
334 2551 371 2625 Si
391 2551 483 2623 enim
504 2551 669 2625 dominus
694 2551 801 2636 venit,
821 2561 859 2622 ut
888 2553 979 2623 fama
1008 2561 1078 2638 est,
1110 2573 1241 2648 sequar

158 2697 239 2747 eum
272 2674 386 2746 statim
417 2673 549 2767 aliquot
580 2674 668 2763 dies,
690 2672 720 2745 si
746 2672 900 2759 dabitur,
924 2675 1131 2767 tranquillos
1158 2699 1239 2750 rure

158 2807 321 2878 acturus,
351 2796 451 2866 cuius
479 2796 724 2889 etymologiam
754 2793 814 2865 tibi
841 2796 1030 2867 committo.
1062 2797 1138 2887 Ego
1162 2797 1240 2890 qui-

159 2919 238 2990 dem
261 2918 464 2987 Linternum
485 2915 600 2988 dicere
621 2918 734 3002 soleo,
757 2927 899 3007 paratus
925 2918 1098 2989 tamenin
1121 2919 1187 2989 hoc
1207 2931 1241 2991 te

162 3029 199 3111 dt
218 3038 253 3109 in
274 3037 393 3109 multis
415 3036 525 3130 sequi.
547 3037 684 3108 Utinam
706 3058 792 3108 vero
814 3035 875 3107 tibi
893 3058 1033 3130 possem
1053 3041 1240 3116 ostendere

160 3163 324 3235 Helicona
342 3162 502 3244 alterum,
524 3181 628 3253 quem
648 3159 709 3231 tibi
729 3168 764 3232 et
784 3159 895 3231 Musis
916 3161 1084 3253 Euganeo
1101 3163 1136 3234 in
1154 3168 1241 3236 colle

162 3283 342 3375 congessi!
367 3304 544 3375 nunquam
565 3279 670 3352 credo
694 3280 910 3352 inde-velles
938 3281 1139 3355 abscedere.
1166 3285 1241 3355 Non
1315 3347 1318 3353 .

162 3427 240 3476 sum
262 3427 354 3477 nuno
375 3403 469 3476 aliud
489 3404 657 3487 dicturus,
684 3404 750 3474 uisi
779 3413 816 3499 ut
834 3402 862 3474 si
884 3406 972 3476 sorte
996 3425 1139 3477 menon
1162 3407 1241 3477 viso

162 3526 291 3610 abires,
313 3523 573 3598 recommendes
595 3547 650 3595 me
669 3524 820 3596 dominae
835 3543 921 3595 meae
935 3524 1138 3611 carissimae,
1160 3548 1242 3620 quae

162 3671 231 3720 non
263 3647 385 3721 dubito
405 3647 449 3719 de
468 3669 524 3718 mo
544 3648 728 3740 queritur;
750 3645 814 3718 sed
835 3645 1013 3717 Christum
1035 3656 1159 3730 testor,
1188 3669 1243 3718 se-

89 3779 94 3792 “
162 3772 289 3864 gnities
304 3782 339 3842 et
353 3769 496 3842 tarditas
509 3768 673 3862 quaedam
686 3769 868 3853 naturalis,
885 3777 920 3838 et
940 3768 1042 3839 annis
1063 3778 1165 3841 aucta
1188 3792 1243 3841 me

162 3893 306 3985 detinet,
324 3891 554 3963 conmutatio
574 3891 730 3963 affectus.
752 3891 838 3962 Vale
858 3891 940 3961 felix
965 3894 1074 3961 nostri
1094 3911 1242 3963 memor.

622 4022 624 4025 ’
712 4051 714 4057 s
822 4011 1030 4083 Franciscus
1051 4022 1144 4103 tuus.

272 4134 378 4206 Papiae,
394 4132 430 4189 20
444 4131 517 4189 lunii
533 4134 567 4189 ad
583 4148 726 4206 uesperam
742 4131 853 4202 raptim.
