2738 4680
249 118 341 167 LlBEll
362 117 528 168 ulcusluus
549 117 721 167 SECUNDUS.
735 137 767 146 -·
784 116 938 165 EPISTULA
960 116 991 164 ll.
1099 103 1151 165 1⁹21

69 265 205 357 aliquot
217 261 363 332 verbula
379 260 537 355 crebrius
556 260 699 354 repetita
716 283 819 353 quarn
839 263 975 346 vellem,
989 271 1025 332 et
1040 261 1159 333 nescio

68 387 156 481 quid
182 393 358 480 praeterea
390 406 481 455 nunc
513 384 617 454 etiam
645 383 736 455 limae
770 384 938 476 indigum.
971 385 1090 478 Itaque
1116 406 1160 456 ne

68 509 307 582 transcribere
332 507 515 579 festinares
535 508 712 590 admonui,
741 530 808 578 neu
830 509 1015 579 Franclsoo
1041 517 1160 580 nostro

65 631 208 728 copiam
230 631 350 712 dares,
379 651 447 700 non
473 629 619 723 ignarus
645 628 782 702 ardoris
808 631 917 702 vestri
938 630 973 700 in
1000 630 1161 703 omnibus

64 765 102 827 et
121 753 322 848 pracsertim
340 752 428 823 meis
446 753 578 836 litteris
594 774 687 845 quae,
703 753 772 822 nisi
788 775 886 824 amor
903 753 1030 824 iudicio
1043 753 1162 826 obsta-

64 884 135 961 ret,
158 898 224 947 nec
243 875 363 967 digitis
389 885 484 946 certe
505 897 569 945 uec
594 874 705 946 oculis
726 875 868 967 quidem
895 877 1023 947 vestris
1044 876 1161 968 diguae

66 1011 167 1072 sunt.
191 998 359 1070 Acturum
385 1021 440 1069 me
461 996 556 1090 quod
576 996 610 1066 in
632 1019 706 1068 rem
732 1006 828 1069 esset
847 997 967 1091 paucis
993 999 1088 1071 horis
1114 1022 1160 1071 ex

65 1121 256 1194 commodo
282 1120 431 1214 speravi,
455 1143 535 1192 cum
556 1141 617 1191 rus
638 1121 947 1212 commigrassem:
969 1143 1039 1214 quo
1061 1145 1160 1215 para·

65 1245 152 1317 bam
175 1242 341 1316 Kalendis
364 1242 574 1328 Quintilibus
595 1240 782 1337 proficisci,
806 1244 870 1317 sed
895 1244 1014 1315 fefellit
1034 1245 1158 1343 opinio.

65 1369 228 1460 Liguriae
248 1368 337 1439 enim
365 1366 480 1439 crebri
505 1365 609 1437 nimis
634 1375 669 1437 et
693 1366 763 1437 iam
789 1367 1018 1439 anniversarii
1044 1378 1160 1442 motus

65 1515 127 1563 me
150 1491 244 1563 ruris
265 1490 543 1563 amantissimum
564 1500 600 1561 et
624 1512 763 1562 osorem
786 1490 923 1562 urbium
944 1493 979 1561 in
1000 1490 1086 1564 urbe
1110 1503 1161 1565 te-

66 1624 236 1686 nuerunt.
256 1613 456 1685 Novissime
480 1636 558 1685 cum
581 1615 736 1707 periculo
761 1623 874 1686 metus
894 1614 1005 1685 maior
1024 1615 1161 1686 videre-

67 1750 137 1822 tur,
154 1737 248 1808 circa
263 1736 436 1808 Kalendas
455 1735 624 1818 Octobris,
640 1757 721 1807 sero
733 1736 884 1829 quidem,
901 1737 963 1808 sed
977 1736 1161 1829 aliquando

68 1883 206 1933 moram
227 1859 397 1952 trepidam
420 1859 579 1931 vincente
601 1857 736 1942 fiducia,
758 1857 895 1932 Abduae
916 1859 1028 1930 amnis
1050 1857 1095 1930 ad
1115 1859 1161 1928 ri-

70 2007 150 2077 pam
177 1983 269 2055 veui.
302 1983 364 2054 His
398 1981 490 2054 enim
522 1981 606 2053 locis
632 1982 698 2054 hoc
725 1993 881 2074 tempore
907 1982 1057 2054 solitudo
1082 2003 1161 2052 mea

72 2117 135 2178 est.
159 2105 222 2177 Hic
242 2125 329 2178 vero
351 2106 420 2176 iam
447 2104 532 2174 mihi
552 2104 628 2176 dies
648 2112 794 2176 octavus
821 2105 948 2197 agitur,
972 2104 1032 2176 ubi
1051 2105 1161 2178 breve

75 2229 185 2302 ocium
207 2228 366 2322 perpetui
384 2227 517 2299 imbres
536 2230 711 2322 spondent
726 2239 762 2299 et
782 2239 972 2300 autumnus
990 2248 1158 2323 praeceps,

77 2371 135 2423 seu
152 2353 276 2423 verius
293 2372 439 2443 praecox
457 2352 591 2423 bruma.
610 2353 703 2425 Inter
720 2353 809 2426 hanc
827 2362 941 2425 tamen
958 2354 1068 2446 ipsam
1088 2376 1161 2425 mo-

76 2477 197 2559 rulam,
221 2497 326 2568 quam
348 2476 427 2547 coeli
447 2477 555 2548 facies
576 2488 611 2548 et
635 2477 859 2570 intemperies
882 2487 1087 2569 angustant,
1115 2477 1161 2549 ad

77 2598 304 2671 revidendum
330 2621 471 2670 carmen
498 2600 583 2671 illud
608 2600 770 2692 recollegi
803 2601 973 2686 animum,
1006 2609 1041 2673 et
1066 2602 1160 2672 scusi

78 2736 156 2792 saue
182 2720 390 2812 corrigentis
416 2721 556 2814 iugenio
582 2722 781 2795 tarditatem
815 2722 984 2816 prodesse
1008 2724 1158 2796 lectoris.

78 2843 228 2916 Profecto
253 2844 345 2915 enirn
380 2844 469 2916 sicut
493 2845 745 2938 quodlcgitur
779 2854 818 2917 ut
842 2846 991 2918 delectet
1023 2847 1159 2942 lepidus

77 2967 259 3063 expeditus
281 2968 478 3060 intelligens
500 2971 608 3040 lector
628 2970 719 3055 facit,
739 2969 789 3041 sic
812 2980 849 3041 ut
869 2980 1034 3066 appareat
1053 2981 1088 3042 ct
1108 2972 1162 3043 vi-

78 3092 119 3163 lia
146 3091 305 3184 detegat,
333 3090 444 3163 durus
471 3079 638 3163 haesitans
665 3090 845 3184 hebesque
869 3093 1061 3185 praestabit.
1088 3093 1160 3164 Nec

78 3212 192 3287 hercle
226 3214 326 3285 aliter
352 3213 417 3284 hac
449 3213 484 3283 in
518 3237 557 3285 re
587 3236 690 3306 quam
719 3214 917 3287 incaeteris
950 3216 1084 3287 accidit.
1111 3216 1160 3286 Da

77 3359 203 3430 equum
223 3337 391 3410 vitiosum
418 3338 549 3409 sessori
570 3337 740 3410 industrio
766 3348 802 3410 ct
827 3318 1157 3431 equitandiperito,
1185 3334 1187 3336 ’
1220 3324 1221 3328 “

77 3460 230 3532 latebunt
247 3461 349 3533 vitia:
369 3461 495 3533 adhibe
513 3461 745 3555 inexpertum,
765 3461 991 3557 apparebunt.
1011 3462 1159 3532 Causam

77 3580 237 3654 iniustam
252 3593 398 3676 patrono
411 3582 554 3675 egregio
568 3585 752 3667 committe,
767 3583 971 3654 iniustitiam
984 3579 1159 3653 coloribus

78 3704 318 3777 obumbrabit:
353 3704 560 3778 advocatum
587 3707 710 3778 rudem
743 3704 788 3777 ad
813 3713 927 3776 rostra
961 3703 1158 3797 producito,

79 3848 149 3899 curn
171 3828 323 3900 oratoris
344 3827 488 3900 infautia
506 3849 624 3901 causac
640 3838 797 3923 patescet
814 3826 987 3920 iniquitas.
1005 3825 1060 3898 An
1077 3826 1162 3899 obli·-

80 3956 128 4023 lus
149 3972 190 4025 es
217 3960 256 4022 ut
277 3949 415 4023 Marcus
437 3951 522 4023 Cato
542 3952 723 4028 censorius
744 3950 990 4026 Academicum
1012 3952 1162 4024 Carnea-
