2730 4680
224 323 263 383 lu
562 337 603 383 nu
625 336 725 384 nunus
747 332 970 382 annullamus

224 488 260 547 et
285 478 396 546 Deum
422 486 544 558 testor,
570 475 614 546 ad
637 474 885 569 suspirandum
913 496 957 544 ne
982 473 1095 545 dicam
1124 475 1308 545 lacriman-

224 599 307 668 dum
329 599 470 690 pronior
492 619 586 681 sum,
605 621 712 691 quarn
738 599 783 669 ad
809 598 1047 690 loquendum3
1073 599 1120 668 ita
1147 621 1203 668 me
1231 620 1308 690 per-

225 721 376 792 turbatio
398 731 518 792 vestra
549 720 729 814 perturbat
759 731 794 792 et
823 720 985 791 concutit.
1021 721 1161 812 Loquar
1193 731 1307 792 tamen

226 855 401 939 uteunque
428 846 523 939 quod
548 847 582 916 in
603 845 721 917 animo
740 857 804 917 est..
826 847 968 916 Possem
997 847 1225 915 sacramentis
1249 867 1308 937 pa-

226 971 342 1060 ginam
365 970 531 1064 implere:
559 972 621 1042 sed
647 970 728 1063 quia
756 991 851 1064 saepe
878 968 993 1039 minus
1020 969 1175 1039 creditur
1202 972 1309 1039 multa

226 1094 437 1179 iurantibuS,
455 1094 601 1186 simplici
615 1092 726 1164 verbo
745 1115 832 1175 meo,
854 1094 883 1162 si
902 1114 1040 1163 mereor
1056 1102 1091 1162 et
1110 1092 1139 1161 si
1157 1090 1217 1162 tibi
1237 1094 1309 1184 pla-

227 1215 346 1296 cuerit,
370 1212 474 1286 fidem
497 1216 610 1287 dabis.
633 1217 821 1310 Nunquam
843 1218 1005 1287 Socrates
1027 1216 1072 1286 de
1095 1224 1129 1285 te
1148 1215 1231 1285 mali
1248 1215 1310 1284 ali-

226 1338 311 1429 quid
332 1340 468 1409 looutus
488 1351 563 1411 est:
583 1340 666 1409 mibi
680 1340 771 1411 bona
786 1352 901 1411 autem
918 1340 967 1410 sio
981 1343 1089 1411 multa
1104 1341 1307 1432 saepissime.

227 1461 352 1530 Multas
373 1462 488 1548 adbuc
509 1464 648 1551 litteras
659 1464 779 1554 digitis
801 1463 876 1534 suis
898 1464 1059 1555 scriptas
1079 1463 1109 1532 si
1127 1463 1311 1553 diligenter

227 1596 445 1671 excuterem,
464 1587 623 1658 invenire
637 1610 788 1680 possem,
803 1586 838 1656 in
856 1584 985 1678 quibus
998 1585 1219 1679 apertissime
1232 1607 1310 1679 pro-

228 1706 346 1779 fitetur
367 1732 423 1780 me
443 1713 549 1781 alium
570 1713 720 1782 amicum
747 1713 782 1781 in
808 1712 905 1782 ouria
925 1732 995 1781 non
1016 1708 1160 1793 habere,
1183 1711 1252 1779 uisi
1280 1719 1311 1780 te

229 1855 353 1903 unum:
373 1837 527 1926 reliquos
549 1835 609 1926 qui
630 1837 759 1906 luerint
780 1838 838 1904 vel
859 1834 931 1906 vita
953 1836 1011 1903 vel
1028 1833 1138 1927 patria
1158 1836 1217 1904 vel
1238 1833 1311 1903 olli-

229 1956 282 2027 cio
301 1957 517 2029 decessisse:
533 1971 566 2030 te
579 1971 831 2051 promotorem,
850 1970 884 2031 te
895 1967 1102 2050 perpetuum
1118 1957 1310 2028 adiutorem

228 2093 331 2154 vocat
357 2105 513 2153 mearum
536 2104 677 2153 rerum:
701 2093 734 2153 te
762 2084 872 2154 solum
899 2103 989 2164 esse,
1018 2082 1118 2150 cuius
1144 2077 1234 2150 fides
1254 2079 1312 2149 illa

119 2223 121 2225 ’
228 2207 425 2277 communia
442 2209 608 2301 temporis
635 2217 671 2278 et
692 2207 864 2277 absenliae
884 2205 1012 2275 damna
1026 2227 1097 2275 nou
1111 2205 1248 2273 sentiat.
1263 2206 1312 2274 De

228 2331 284 2400 bis
298 2332 471 2402 ethorum
495 2330 667 2401 similibus
684 2341 719 2400 et
739 2331 902 2423 antiquas
920 2339 955 2400 et
976 2349 1087 2399 novas
1108 2328 1201 2397 illius
1222 2328 1312 2397 litte-

229 2474 286 2522 ras
307 2453 430 2523 habeo.
453 2454 565 2523 Huius
586 2475 654 2544 ego
676 2454 743 2524 sibi
761 2476 839 2523 sum
859 2451 969 2523 testis.
985 2454 1019 2520 Si
1034 2450 1173 2521 furcifer
1185 2450 1242 2520 ille
1256 2448 1311 2519 bis

229 2575 421 2646 contrarias
440 2577 572 2647 litteras
594 2576 692 2662 vidit,
714 2577 855 2648 nescio:
879 2577 942 2647 sed
966 2577 1033 2645 hoc
1059 2574 1132 2644 scio
1151 2573 1247 2664 quod
1268 2572 1312 2642 ad

228 2721 284 2768 me
307 2700 433 2770 litterae
457 2697 527 2771 non
556 2713 739 2772 venerunt.
772 2703 823 2771 Tu
842 2701 982 2793 quidem
1003 2700 1059 2769 oui
1078 2699 1191 2791 potius
1206 2695 1311 2766 fidem

228 2822 361 2894 habeas
383 2846 428 2893 an
448 2826 644 2896 accusatori
663 2828 751 2896 falso
772 2835 806 2894 et
822 2846 990 2917 nequam,
1006 2846 1050 2893 an
1065 2820 1157 2892 fideli
1171 2830 1207 2889 et
1224 2839 1311 2890 vero

228 2945 444 3029 excusatori,
464 2946 541 3040 ipse
561 2946 704 3017 videris.
723 2948 832 3040 Spero
849 2957 966 3017 tamen
985 2943 1078 3036 apud
1094 2953 1127 3013 te
1145 2970 1215 3019 non
1233 2945 1312 3013 ulti-

229 3090 323 3138 mum
350 3071 432 3141 fidei
452 3073 564 3143 locum
586 3072 785 3142 habiturum
806 3092 887 3141 esse
913 3070 1104 3162 suspirium
1131 3091 1262 3153 meum,
1291 3093 1312 3142 0

229 3195 467 3266 amantissime
488 3195 584 3277 Laeli,
608 3196 701 3286 quod
719 3196 780 3266 tibi
797 3218 860 3288 per
879 3205 929 3266 tot
946 3205 1058 3265 terras
1070 3205 1181 3288 etper
1196 3195 1311 3266 media

229 3317 368 3410 Alpium
390 3319 471 3408 iuga
497 3319 573 3412 pios
600 3318 744 3388 affectus
770 3339 868 3388 meos
889 3327 924 3387 et
947 3319 1012 3388 bas
1034 3316 1159 3388 anxias
1187 3341 1228 3388 ac
1256 3340 1312 3388 so-

229 3442 341 3513 licitas
358 3463 466 3513 voces
489 3443 627 3534 perlert.
649 3441 780 3512 Audies
804 3465 871 3525 rue,
894 3441 942 3510 mi
963 3440 1063 3526 Laeli,
1087 3451 1122 3511 et
1139 3441 1206 3511 nisi
1225 3443 1260 3511 in
1280 3453 1311 3512 te

229 3567 344 3650 fallor,
362 3565 543 3636 exaudies.
559 3567 654 3657 Rogo
667 3566 789 3656 igitur,
804 3564 963 3648 obsecro,
980 3566 1151 3650 obtestor,
1168 3566 1310 3652 adiuro,

229 3714 292 3783 per
318 3689 478 3761 amicitiae
504 3687 622 3773 fidem,
650 3713 712 3783 per
738 3701 892 3761 mutuam
919 3693 1113 3775 caritatem,
1135 3716 1205 3785 qua
1227 3693 1312 3762 nulli

228 3835 377 3906 usquam
392 3808 519 3884 cedere
531 3814 748 3898 videbamur,
765 3816 1007 3908 perquidquid
1021 3817 1112 3887 iuter
1124 3837 1189 3886 uos
1204 3816 1310 3909 pium,

231 3935 521 4022 sanctumfidum,
538 3937 736 4022 iucundum,
747 3937 894 4009 amabile
908 3940 970 4010 luit
984 3962 1145 4032 unquam,
1156 3949 1216 4010 aut
1230 3961 1312 4010 esse

229 4070 356 4150 potest,
380 4065 435 4133 uel
458 4063 487 4132 si
506 4063 571 4134 hoc
585 4083 707 4154 parum
723 4072 792 4145 est,
807 4084 868 4157 par
881 4065 1084 4135 memoriam
1095 4064 1188 4134 illius
1207 4062 1312 4133 modo

231 4182 474 4269 gloriosissimi
487 4185 587 4260 ducis
602 4187 725 4272 nostri,
745 4186 806 4278 qui
821 4186 900 4258 licet
918 4185 963 4256 ob
977 4188 1141 4258 eximiam
1157 4207 1313 4280 vereque
