2934 4650
212 283 271 342 444
672 272 835 349 44444444

213 448 328 507 tamen
363 436 495 506 interea
526 434 750 506 solitudinem
782 455 977 526 verumque
1012 427 1144 506 otium·
1166 438 1308 531 suspiro
1400 419 1406 433 1

215 578 354 651 semper
371 565 406 627 et
426 558 550 648 cogito.
574 558 608 626 ln
630 578 736 650 quam
759 579 843 642 rem,
866 566 904 626 nt
925 557 1009 626 mihi
1032 536 1106 629 tuae
1129 559 1214 649 opis
1235 562 1308 651 pol-

214 680 355 750 licitatio
381 689 480 771 grata
507 679 562 762 sit,
592 681 672 773 plus
698 689 753 750 est
777 700 881 770 quam
905 677 999 770 quod
1021 678 1089 748 hoc
1110 682 1254 752 calamo
1274 695 1306 751 et

215 803 280 874 hoc
307 813 482 873 momento
509 800 675 894 temporis
702 800 813 891 possit
837 799 984 870 absolvi.
1020 799 1138 892 Atque
1172 804 1302 872 utinam

214 923 285 1007 tibi,
317 938 355 995 ut
381 944 551 1015 generosa
577 943 691 1003 mens,
726 920 779 991 sic
811 932 847 990 et
874 921 1019 991 facilitas
1046 922 1200 992 actionis
1222 923 1302 993 data

213 1054 323 1116 esset:
345 1068 450 1138 quam
472 1055 633 1136 negatam
660 1064 741 1114 esse
769 1043 853 1113 satis
884 1041 978 1135 apud
1005 1064 1060 1113 me
1087 1041 1209 1114 indicii
1231 1056 1300 1125 est,

213 1167 378 1259 quoniam
400 1167 434 1235 in
449 1187 492 1235 eo
506 1175 599 1236 statu
615 1186 672 1236 res
686 1166 849 1235 humanae
865 1165 934 1233 sint
946 1163 1088 1254 quando
1102 1163 1189 1235 honi
1205 1166 1299 1248 nihil,

214 1289 328 1357 omnia
349 1288 431 1358 mali
453 1299 608 1380 possunt.
630 1288 761 1357 Verum
789 1287 855 1357 ista
877 1286 1132 1379 praetervehar,
1148 1308 1195 1356 ne
1212 1308 1302 1381 prae-

215 1422 268 1483 ter
288 1410 528 1500 indignitatem
552 1430 666 1480 rerum
689 1409 916 1502 doloremque
936 1431 1069 1490 meum,
1094 1430 1150 1478 me
1173 1429 1301 1500 quere·

215 1535 327 1601 larum
350 1531 520 1601 inutilium
542 1541 577 1601 et
599 1530 736 1623 pondus
758 1539 893 1622 premat
920 1542 955 1600 et
981 1541 1115 1621 pungat
1140 1533 1300 1601 aculeus.

216 1652 400 1744 Reliquum
421 1662 476 1724 est
497 1653 590 1745 quod
610 1675 675 1743 ego
701 1663 734 1723 te
759 1652 825 1722 hac
851 1673 1090 1735 reversurum,
1128 1661 1168 1721 ut
1203 1652 1301 1722 Laelii

218 1776 328 1847 nostri
350 1776 488 1870 scriptis
509 1798 726 1871 acceperam,
746 1774 946 1866 aliquandiu
964 1775 1079 1844 animo
1102 1794 1302 1867 suspensus

218 1910 322 1992 atque
348 1900 473 1971 avidus
506 1899 713 1992 expectavi:
749 1918 818 1967 non
851 1896 946 1988 quod
979 1906 1039 1966 aut
1074 1897 1133 1966 tali
1168 1897 1302 1967 honore

216 2022 345 2114 dignus
372 2045 453 2114 ego,
486 2035 546 2093 ant
575 2022 700 2092 domus
727 2041 804 2089 mea
825 2019 909 2090 tanti
932 2017 1080 2113 hospitis
1102 2041 1218 2110 capax
1245 2040 1304 2090 es·

217 2157 292 2216 set:
321 2144 382 2214 sed
411 2145 634 2215 memineram
655 2164 725 2213 non
747 2140 851 2212 modo
872 2139 1027 2211 Alcidcm
1050 2140 1207 2210 Evandri
1229 2141 1304 2213 ino·

217 2292 295 2363 pem
322 2281 425 2361 atque
455 2269 655 2340 horrentem
683 2267 827 2356 regiam,
857 2263 920 2334 sed
947 2263 1133 2333 vimineam
1155 2263 1302 2335 hmiolae

216 2394 369 2463 casulam
405 2390 528 2460 lulium
563 2391 757 2470 Caesarem,
793 2386 957 2478 quodque
992 2386 1108 2456 omnia
1142 2397 1301 2477 superat,

216 2511 350 2582 Zachaei
370 2507 511 2578 domum
539 2508 715 2578 Christum
744 2507 925 2577 Dominum
948 2505 1111 2576 subiisse.
1136 2507 1207 2576 Sed
1237 2508 1299 2579 oh!

218 2652 298 2723 spes
316 2630 524 2701 mortalium.
550 2631 637 2699 Dum
659 2628 743 2697 mihi
762 2617 843 2698 talia
864 2627 1046 2718 fingerem,
1066 2637 1104 2697 tu
1124 2626 1195 2696 iam
1215 2632 1303 2699 calle

217 2752 284 2824 alio
305 2750 473 2821 nimbosae
491 2750 588 2842 Alpis
611 2751 693 2840 iuga
712 2751 997 2833 transcenderas,
1021 2749 1089 2818 iam
1113 2748 1189 2843 (pro
1214 2772 1301 2842 quo,

218 2897 344 2966 magna
366 2875 445 2945 licet
467 2896 529 2967 spe
547 2873 719 2955 deiectus
742 2873 814 2942 Deo
835 2873 965 2962 gratias
987 2882 1102 2942 tecum
1126 2871 1207 2966 ago)
1231 2883 1304 2944 tuae

218 2999 344 3069 domus
365 2998 469 3068 limen
490 2996 672 3067 incolumis
695 2994 850 3068 tenebas.
875 2994 969 3065 Vale.

359 3151 522 3221 Mediolani,
540 3151 579 3205 ΙΙΙ
594 3152 655 3206 Κ41.
673 3150 800 3221 Augusti.
