2738 4680
278 310 371 360 uinea
393 309 555 361 monacus
578 310 965 364 succubus—mmmm
989 319 1017 364 x.
1128 304 1183 365 lll

534 567 710 637 Epistola
731 569 764 631 X.
801 631 805 638 .

144 729 344 786 entnclsctts
357 735 527 786 Parauaea
544 734 721 786 Fnttsctsco
738 738 845 789 emolu
862 739 904 788 SS.
920 735 1150 791 tros'rotottun

489 873 496 887 .
588 837 614 885 S.
635 839 663 887 P.
686 838 716 886 ll.

277 971 426 1025 Sacrarum
439 972 596 1027 litterarum
610 973 701 1030 studio
717 993 747 1030 sc
762 976 895 1030 intentius
910 991 1017 1031 vacare.

206 1203 449 1276 Animadverti
469 1227 516 1278 ex
537 1208 685 1299 epistola
705 1205 858 1298 quadam
880 1218 939 1277 tua
956 1208 1093 1301 placere
1113 1206 1188 1289 tibi,

108 1326 200 1419 quod
224 1329 453 1400 saecularibus
479 1350 578 1401 sacra
601 1331 837 1422 permisceant.
862 1329 970 1422 ldque
995 1333 1051 1402 vel
1072 1331 1192 1402 Hiero-

108 1473 214 1546 nymo
235 1452 439 1544 placiturum
458 1473 599 1525 censes:
614 1475 656 1525 ea
673 1454 852 1525 varietatis
870 1455 1065 1540 amoenitas,
1084 1454 1113 1525 is
1131 1455 1192 1526 de-

108 1596 167 1647 cor
186 1573 334 1659 ordinis,
362 1597 405 1646 ea
428 1587 485 1662 est
511 1584 549 1646 ut
573 1575 704 1647 asseris
731 1576 785 1646 vis
813 1575 993 1648 iuncturae.
1021 1575 1113 1661 Quid
1137 1575 1193 1646 vis

36 1763 38 1769 ,
108 1697 243 1770 dicam?
262 1701 312 1770 De
332 1700 476 1791 reliquis
495 1710 533 1771 ut
549 1698 689 1771 videtur
706 1698 835 1785 iudica,
855 1712 948 1771 certe
968 1701 1121 1772 nec‘lalli
1143 1701 1194 1772 la-

109 1822 199 1907 cilis‚
219 1843 283 1894 nec
303 1824 422 1894 tallere
441 1822 578 1908 solituS,
597 1822 665 1894 nisi
686 1822 780 1915 quod
795 1825 853 1916 qui
872 1832 991 1894 amant
1008 1846 1077 1896 non
1094 1824 1193 1896 facile

114 1946 228 2029 modo,
257 1945 320 2017 sed
340 1944 465 2039 cupide
485 1946 554 2017 falli
576 1948 698 2018 solent.
716 1946 778 2017 His
795 1956 881 2038 ergo
901 1948 1054 2030 omissis,
1077 1946 1195 2018 deme

109 2069 221 2148 dicam
248 2070 363 2162 deque
383 2069 509 2141 affectu
529 2090 622 2140 novo
642 2068 783 2161 quidem
803 2070 866 2140 sed
885 2070 952 2139 iam
969 2069 1100 2155 valido,
1122 2091 1193 2162 quo

110 2185 152 2256 ad
172 2185 306 2256 litteras
333 2205 451 2257 sacras
475 2185 576 2256 stilus
602 2185 811 2277 animusque
837 2205 937 2279 meus
964 2183 1090 2275 agitur.
1113 2184 1194 2254 lrri-

111 2308 215 2380 deant
248 2307 402 2402 superbi,
435 2307 563 2403 quibus
597 2307 797 2380 divinorum
826 2308 1042 2400 eloquiorum
1074 2307 1194 2378 sordet

111 2431 313 2519 austeritas,
333 2442 368 2503 et
387 2454 452 2504 ceu
471 2443 579 2504 castae
600 2443 769 2504 matronae
790 2432 905 2501 cultus
932 2430 1067 2522 parcior
1087 2429 1192 2501 oden-

110 2555 159 2626 dit
178 2557 301 2627 oculos
322 2555 528 2627 meretriciis
550 2565 712 2626 assuetos
733 2553 832 2625 lucis.
855 2553 931 2644 Ego
957 2573 1027 2623 non
1052 2554 1194 2646 permit-

112 2679 265 2752 tentibus
283 2680 396 2751 solum
413 2679 476 2750 sed
494 2678 740 2772 plaudentibus
752 2678 878 2760 Musis,
896 2688 932 2748 et
953 2676 1106 2748 secundo
1119 2673 1193 2748 fieri

112 2825 188 2876 rear
209 2801 381 2895 Apolline,
398 2804 512 2895 utqui
530 2802 740 2874 iuvenilibus
763 2803 939 2874 iuventam
960 2801 1083 2872 studiis
1100 2799 1191 2882 dedi,

111 2928 334 3000 maturiorem
349 2935 496 2998 aetatem
517 2925 720 2997 melioribus
738 2925 832 2997 curis
857 2924 953 3007 dem;
977 2947 1089 3016 neque
1110 2923 1193 2993 mibi

111 3026 274 3123 dedecori
305 3050 527 3134 vertendum,
556 3049 586 3119 si
617 3050 679 3141 qni
711 3049 836 3120 totiens
868 3049 926 3120 ad
944 3048 1056 3119 inanis
1089 3051 1193 3120 famae

113 3174 326 3267 praeconium
359 3160 596 3265 ventosasque
629 3171 807 3243 bominum
833 3171 972 3255 laudes,
999 3173 1044 3245 ad
1069 3172 1193 3244 laudes
1271 3216 1281 3242 .

112 3294 287 3368 Creatoris
300 3296 370 3366 mei
392 3295 506 3368 media
527 3305 628 3368 nocte
647 3315 884 3387 consurgens
906 3294 1033 3388 qnietis
1055 3304 1193 3387 tempus

114 3439 324 3511 somnosque
349 3418 398 3512 illi
421 3439 518 3491 meos
531 3420 681 3511 §regern
705 3418 767 3511 qui
795 3439 865 3489 non
890 3417 1053 3489 dormitat
1080 3436 1193 3508 neque

114 3539 241 3614 dormit
254 3542 455 3615 custodiens
469 3543 574 3614 lsrael
583 3596 590 3624 ,
600 3563 715 3634 nequo
729 3541 918 3614 universali
930 3538 1099 3612 custodiae
1112 3561 1193 3609 con—

114 3673 242 3749 tentus,
266 3690 321 3739 me
341 3687 482 3761 quoque
502 3665 664 3752 custodit,
682 3676 719 3739 et
739 3665 893 3738 solicitus
910 3675 964 3738 est
983 3664 1060 3749 mei,
1082 3664 1195 3756 quod-

116 3812 183 3883 que
202 3812 272 3882 ego
295 3792 331 3861 in
356 3814 413 3863 me
432 3791 524 3864 clare
549 3788 764 3873 admodum>
779 3790 815 3860 in
841 3809 880 3860 se
904 3809 1026 3859 omnes
1047 3807 1117 3857 non
1141 3786 1193 3858 in-

118 3914 205 4004 grati
218 3913 383 3998 sentiunt,
399 3912 446 3985 ita
460 3914 616 4005 singulos
634 3924 752 3986 servat
768 3912 868 4007 quasi
882 3910 1036 3984 omnium
1052 3910 1192 3996 oblituS,

117 4036 160 4127 ita
183 4058 306 4108 omnes
334 4036 425 4130 regit
448 4038 551 4131 quasi
579 4036 793 4130 singulorum
820 4036 1018 4126 negligens;
1044 4033 1193 4128 denique

119 4159 165 4231 sic
185 4171 351 4235 statutum
373 4159 553 4254 linumque
580 4162 698 4233 animo
719 4168 786 4243 est,
815 4159 843 4228 si
870 4177 918 4229 ex
944 4159 1012 4228 alto
1038 4157 1192 4241 dabitur,
