2992 4664
565 307 715 354 EPISTULA
739 308 787 354 XV.
1182 299 1236 357 {tii

162 452 329 524 accidere.
352 454 436 539 Sed,
457 454 527 527 Deo
544 466 645 539 teste,
668 480 735 528 uon
758 458 870 541 doieo‚
893 459 978 528 etsi
1004 480 1066 549 pro
1089 461 1240 551 peccatis

163 577 250 645 meis
271 576 403 658 accidit,
423 575 524 648 vaide
543 579 646 649 etiam
668 579 826 669 gaudeo:
846 579 892 650 itu
917 552 1008 650 enim
1031 580 1162 652 dudum
1184 605 1240 653 me

163 697 251 768 adeo
283 698 483 790 poposcisse
508 696 563 769 bis
590 699 623 770 in
649 700 896 774 devotiuncutu
921 702 1071 792 quadam
1100 703 1240 772 memini

147 820 218 892 -his
238 818 371 891 verbis:
392 818 472 890 Fiat
491 823 573 891 mihi
592 823 752 893 thalamus
768 845 859 894 meus
877 827 1106 916 purpatort'um
1122 846 1245 908 meum„

163 957 193 1015 ct
213 946 349 1016 lectulus
368 964 458 1019 rueus
485 947 697 1015 lacrimarum
720 947 869 1015 conscius
890 967 1048 1028 mearum,
1072 948 1150 1015 ertu
1172 966 1243 1015 cor-

159 1090 242 1160 pore
258 1089 330 1137 mec
350 1068 476 1138 doleam
493 1068 690 1159 priusquam
702 1089 851 1161 praeceps
871 1088 1025 1137 corrumu
1041 1071 1078 1137 iu
1100 1078 1243 1136 tartaro:

164 1201 200 1261 et
219 1189 362 1274 iterum,
384 1190 426 1259 rit
445 1190 527 1259 milri
541 1211 623 1281 pars
647 1192 854 1281 purpatr'our's
874 1191 965 1257 tabor
984 1210 1094 1269 meus;
1111 1210 1173 1278 quo
1192 1190 1244 1258 iric

159 1331 223 1403 per
240 1312 387 1398 scirpulos
406 1309 474 1381 dies
494 1332 666 1380 emerceor:
683 1314 846 1402 reliquum
863 1313 899 1379 in
920 1312 980 1380 truc
1002 1312 1072 1380 vitu
1091 1326 1121 1380 et
1139 1312 1176 1379 in
1197 1311 1246 1379 tu‘s

166 1434 317 1502 membris
346 1434 462 1520 euripo,
495 1434 687 1523 priusquam
720 1432 835 1502 ueniat
868 1444 992 1524 ternpus
1022 1434 1177 1522 epestctis.
1209 1432 1244 1499 Si

133 1565 136 1571 '
165 1555 259 1647 quod
279 1553 334 1626 bis
355 1555 437 1648 petii
461 1558 568 1625 semel
585 1575 768 1647 assequor,
785 1554 875 1625 bene
895 1553 1010 1626 habet.
1030 1554 1080 1624 Tu
1101 1554 1182 1623 vive
1198 1556 1246 1623 te·

165 1678 275 1749 liciter
294 1679 362 1748 mei
384 1697 528 1762 memor,
544 1678 682 1747 etrele.
705 1677 882 1769 Arquadae
902 1677 990 1747 inter
1008 1677 1113 1747 colles
1130 1675 1246 1765 Euga-

165 1819 269 1872 neos:
291 1801 326 1869 in
348 1798 465 1891 vigilia
481 1800 715 1870 Pentecostes.

676 2035 736 2042 Η

579 2253 753 2317 nrlsrotn
777 2255 845 2316 xvi.

196 2419 390 2472 rnnnclscus
412 2420 581 2469 Pnrnnnct
602 2421 740 2471 ulnnnto
762 2422 803 2470 ΕΤ
825 2420 984 2471 tunovtco
1006 2422 1047 2471 DE
1070 2420 1218 2472 connium
1259 2474 1263 2480 ‚

641 2520 666 2568 S.
690 2520 716 2567 P.
739 2521 770 2569 D.

320 2675 501 2732 Lamentetur
515 2681 635 2731 mortem
649 2677 749 2747 patris,
766 2692 852 2747 seque
870 2693 918 2731 eos
936 2679 1095 2730 constanter

544 2770 702 2820 amaturum
717 2765 861 2834 promittit.

266 3015 455 3108 Epistulam
477 3027 653 3101 vestram,
673 3019 845 3088 carissimi
878 3018 1011 3089 Domini
1038 3016 1247 3088 dulcissimi-

165 3159 234 3229 que
255 3134 315 3206 filii
336 3138 420 3222 mei,
445 3138 512 3230 tegi
534 3151 681 3212 moestus
702 3152 738 3212 et
765 3142 961 3224 lacrimans
985 3141 1101 3213 damni
1124 3163 1164 3213 ao
1185 3143 1248 3212 mi-

166 3260 268 3330 seriae
290 3267 379 3330 meae
402 3263 549 3354 plenam.
572 3263 683 3356 Super
704 3286 772 3356 qua
798 3264 960 3355 quoniam
991 3275 1027 3334 et
1051 3265 1248 3356 praeolaris-

166 3382 265 3452 simae
286 3383 462 3473 genetrici,
478 3394 511 3454 et
539 3385 705 3476 magistro
734 3398 854 3458 vestro
883 3384 1053 3457 fidissimo
1081 3387 1248 3475 magistro

164 3504 278 3576 Modio
299 3506 395 3576 tratri
414 3527 491 3576 meo
504 3508 616 3577 muita
630 3508 764 3602 scripsi,
779 3530 880 3599 agam
897 3506 1055 3578 brevius.
1077 3504 1246 3598 Equidem

165 3625 368 3697 immortalis
396 3627 576 3697 memoriae
598 3629 708 3720 patris
735 3629 846 3700 vestri
873 3629 1004 3700 domini
1030 3626 1098 3697 mei
1132 3625 1247 3697 obitus

164 3758 294 3840 quanto
314 3772 374 3821 cor
392 3772 506 3820 meum
531 3751 651 3821 dolore
682 3749 915 3833 transfixerit,
948 3750 1048 3821 vohis
1077 3750 1109 3819 in
1145 3758 1247 3818 aetcto

164 3878 233 3939 tam
256 3878 376 3941 tenera
398 3869 548 3942 arbitror
567 3893 632 3942 nou
656 3872 823 3963 ignotum.
842 3872 978 3945 Perdidi
995 3885 1135 3967 propter
1154 3871 1248 3963 quod

163 3993 338 4085 praecipue
361 4015 415 4063 me
437 3993 558 4065 vivere
584 3994 789 4066 delectabat.
819 3995 947 4065 Verum
976 3995 1056 4088 quia
1076 4015 1139 4064 nee
1165 4012 1246 4075 VOS,

164 4134 226 4185 nec
248 4104 432 4207 meipsum
452 4117 730 4202 consolariscm,
761 4140 805 4188 ue
831 4117 1005 4209 loquendo
1031 4116 1181 4210 amplius
1204 4115 1249 4183 ir-

287 4245 324 4285 ru.
1055 4235 1086 4285 Ἠ
