2738 4680
211 310 304 366 tinne
326 318 489 368 uouemus
511 321 899 371 suounnus-aersronr
923 326 984 372 mr.
1082 314 1137 374 tir

59 452 210 535 hostiurn
230 462 369 557 praedas
390 473 513 555 agunt,
542 470 706 559 fugaeque
731 470 881 563 amplius
902 473 1006 564 quam
1030 473 1141 543 virtu-

60 590 93 669 ti,
115 586 339 678 stimulisque
364 610 469 679 quam
489 589 613 679 gladiis
639 589 772 660 fidunt:
796 593 919 662 fallunt
940 594 1139 686 expeditius

59 731 161 800 quarn
190 719 366 801 pugnant,
401 711 602 803 saepiusque
632 711 732 783 fidem
756 733 854 783 suam
877 713 1008 785 violant
1033 738 1138 809 quam

59 831 185 900 leniunt
218 831 364 903 hostem.
392 832 515 903 Nullus
541 831 632 903 enim
659 833 753 904 domi
779 834 921 927 punitor
952 839 1136 924 scelerum,

59 955 246 1045 castigator
273 954 423 1045 ignaviae
449 957 616 1026 Senatus:
640 958 755 1027 nullus
780 957 816 1028 in
842 960 966 1029 castris
993 959 1137 1044 Fabius,

60 1080 174 1149 nullus
200 1077 404 1160 Africanus,
432 1080 547 1148 nullus
576 1079 733 1162 AEmilius
762 1080 907 1163 Paulus,
930 1084 1046 1154 nullus
1067 1085 1140 1156 Ma-

60 1223 150 1293 gnus
188 1203 389 1294 Pompeius,
431 1205 546 1273 nullus
581 1179 688 1273 lulius
723 1203 857 1288 Caesar,
891 1208 1008 1278 nullus
1040 1208 1140 1279 deni·

59 1347 127 1418 que
152 1326 259 1417 Niger
283 1335 344 1396 aut
373 1325 533 1409 Cassius,
560 1325 623 1395 sed
653 1325 711 1417 qui
738 1346 841 1395 omno
867 1326 1021 1399 dedecus
1051 1330 1141 1400 mili-

60 1449 115 1520 tiae
149 1447 223 1519 suis
253 1447 426 1540 exemplis
460 1449 599 1518 foveant
626 1458 662 1520 et
692 1458 874 1518 excusent.
903 1450 1000 1521 Unde
1033 1448 1072 1522 lit
1101 1463 1140 1523 ut

60 1572 225 1665 impunita
246 1571 360 1641 omnia
381 1581 415 1641 et
437 1569 548 1661 poenis
570 1571 701 1640 meritis
722 1572 801 1663 plus
821 1592 890 1641 non
912 1560 1015 1644 modo
1033 1574 1139 1645 licen-

61 1695 116 1766 tiae
137 1694 202 1766 sed
224 1694 357 1788 praemii
372 1694 426 1764 sit.
443 1693 642 1765 innocentia
656 1694 782 1786 probro
798 1693 911 1779 datur,
928 1695 1139 1769 abstinentia

60 1808 217 1912 pavoris,
240 1817 327 1889 fides
350 1817 518 1901 stultitiae,
542 1818 637 1888 fraus
664 1839 750 1888 vero
777 1817 971 1912 prudentiae
996 1829 1032 1889 et
1059 1819 1139 1891 boui

60 1914 1137 2034 ingeniinomenhatet.Modestiasordiumsntirinfamiam,

60 2066 216 2137 avaritiae
238 2066 434 2156 frugalitas,
456 2064 620 2160 pudicitia
640 2063 801 2146 feritatis,
828 2065 1019 2155 pluresque
1046 2088 1141 2136 nunc

60 2167 317 2281 hostes-virtus
338 2187 472 2256 invenit
497 2207 601 2280 quam
628 2188 709 2259 olim
737 2185 893 2279 perfidia.
923 2188 1044 2279 ltaque
1070 2208 1139 2257 nou

60 2313 265 2397 inhonorata
287 2322 419 2382 tantum
442 2311 503 2382 sed
524 2311 586 2382 vix
610 2320 681 2381 tuta
702 2322 773 2395 est,
796 2322 831 2381 et
853 2311 883 2380 si
908 2313 996 2381 torte
1021 2290 1138 2381 odium

60 2435 224 2517 evaserit,
248 2434 282 2503 in
304 2443 543 2527 contemptum
561 2434 689 2505 incidit.
706 2434 761 2505 Sic
789 2434 959 2505 bonorum
977 2434 1141 2527 princeps

60 2556 313 2629 honorabilium
335 2558 390 2626 vel
412 2556 619 2649 opprimitur
638 2558 694 2628 vel
716 2555 858 2627 ridetur.
880 2555 1060 2639 Quomodo
1078 2575 1141 2624 au-

62 2693 126 2753 tem
149 2680 186 2750 bi
207 2682 317 2751 nostri
339 2680 448 2750 duces
469 2668 738 2762 hancmilitiam,
755 2679 818 2748 nisi
842 2701 890 2762 se,
914 2686 1052 2769 regant,
1080 2688 1143 2748 aut

61 2807 256 2898 quofronte
277 2804 364 2874 alios
384 2803 561 2892 corrigant
585 2801 712 2894 quibus
740 2803 892 2872 maxime
917 2800 1141 2872 necessarius

62 2942 111 3001 est
125 2930 325 3000 correctori
345 2925 427 2996 ldeo
449 2923 515 2994 hoc
536 2923 658 3017 recipit
679 2935 801 2994 natura
824 2934 860 2993 ut
877 2923 936 2994 det
953 2923 1140 3014 quisquam

61 3052 150 3142 quod
179 3051 298 3134 habet,
327 3071 442 3138 nequa,
467 3057 505 3116 ut
538 3047 585 3118 ait
622 3047 756 3130 Cicem,
780 3046 1142 3138 potest'conercitumis

62 3179 225 3246 continere
253 3176 431 3264 imperator
464 3172 523 3263 qui
544 3193 578 3238 sc
607 3160 715 3261 aprum
748 3191 816 3238 nou
850 3169 1005 3253 continet,
1039 3190 1143 3259 nequa

60 3319 190 3366 seuerus
211 3318 278 3366 esse
311 3297 348 3365 in
381 3290 558 3363 iudicando
574 3293 646 3381 'qur'
676 3291 757 3361 ulios
789 3293 825 3359 iu
857 3314 891 3361 aa
921 3313 1049 3361 soceros
1076 3310 1142 3359 asae

61 3419 278 3489 indicarum
307 3420 390 3487 uult.
423 3415 538 3488 Nostri
572 3435 660 3504 ergo·
690 3414 839 3484 ducibus
874 3413 981 3485 ebriis
1016 3412 1140 3482 milites

60 3540 243 3612 temulenti
258 3547 339 3634 post
359 3540 535 3631 crapulam
557 3535 642 3628 quid
665 3545 786 3627 agant,
809 3534 876 3605 nisi
897 3532 992 3625 quod
1017 3551 1143 3603 couse-

60 3666 266 3756 quensest‘l
286 3671 448 3742 stertunt,
473 3659 600 3730 sudant
620 3681 689 3730 non
709 3657 844 3728 virilem
868 3654 1045 3733 sudorem,
1078 3650 1142 3723 sed

60 3787 228 3870 febrilem,
251 3805 366 3875 neque
387 3783 580 3853 militariter
600 3781 662 3852 sed
684 3779 896 3851 muliebriter
924 3774 987 3846 sed
1013 3771 1141 3843 scurri-

61 3908 131 3981 liter
152 3908 224 3980 sub
243 3906 401 3979 tentoriis
422 3915 662 3986 senescentes,
684 3902 775 3973 iocis
793 3899 944 3981 student,
966 3895 1076 3968 coenis
1090 3893 1140 3962 in—

60 4031 165 4119 hiant,
187 4028 396 4101 incumbunt
414 4030 513 4111 aleae,
538 4023 743 4098 libidinibus
762 4045 801 4094 se
819 4022 1044 4111 immergunt,
1065 4039 1140 4086 mu-

60 4154 347 4245 liercularumque
362 4148 553 4221 sarcinulas
583 4169 727 4232 suarum
738 4146 836 4244 ¹trodo
853 4141 991 4233 agmine
1009 4159 1082 4232 prae
1101 4158 1139 4208 sc
1192 4237 1195 4241 ⁸

180 4290 215 4328 ur.
954 4262 980 4309 Γ]
