2804 4656
112 293 171 356 tlt
358 312 360 319 ·
452 308 492 356 on
514 307 615 356 uenus
637 305 860 356 annullamus

112 453 235 548 scripsi
269 472 434 545 uuquam,
471 454 527 524 vel
548 474 595 523 ex
616 451 907 544 responsionibus
927 460 1108 536 constare,
1139 458 1199 526 vel

113 577 157 648 ad
178 597 239 647 cos
259 595 355 659 esse,
376 574 504 666 quibus
522 597 578 646 me
595 575 811 646 familiaritas
831 580 926 645 arcta
946 576 1196 668 coniungeret:

112 720 227 790 neque
261 709 346 769 vero
379 718 434 767 me
469 697 545 768 aliis
578 697 816 781 audaciorem,
850 719 964 789 neque
997 696 1080 777 mihi
1109 699 1198 770 hanc

112 820 286 893 scribendi
308 821 497 893 novitatem
519 821 636 892 minus
658 830 857 912 suspectam
884 840 965 890 esse
990 842 1096 912 quam
1123 821 1196 892 tibi.

110 945 169 1015 llle
190 953 305 1015 autem
327 944 412 1036 quid
434 953 536 1035 putas
556 942 691 1034 egerit?
711 944 852 1026 Quievit
871 945 970 1025 forte,
990 952 1026 1014 et
1043 943 1199 1015 oratioue

112 1088 297 1160 repressus
311 1075 368 1136 est
381 1070 479 1137 mea‘?
492 1068 561 1137 imo
576 1090 661 1139 vero
673 1065 718 1137 ad
730 1065 910 1136 dominum
930 1065 1080 1136 civitatis
1100 1066 1196 1152 adiit,

112 1213 279 1282 magnum
301 1189 405 1260 etiam
428 1190 578 1259 amicum
601 1200 713 1271 tuum,
733 1210 885 1279 eumque
907 1208 1012 1259 manu
1033 1188 1137 1260 duxit
1153 1190 1198 1260 ad

111 1335 226 1383 meam
256 1312 399 1383 domurn
420 1311 486 1382 hoc
508 1311 664 1402 ingenio,
687 1323 725 1380 ut
746 1320 841 1381 tanto
863 1309 929 1382 sub
952 1319 1053 1391 teste,
1083 1310 1196 1380 dicam

112 1435 243 1514 verius,
273 1444 488 1524 praeceptore
517 1432 612 1525 (narn
640 1443 675 1503 et
701 1433 776 1526 ipse
797 1442 1001 1525 precaturus
1022 1431 1145 1503 aderet
1163 1442 1199 1502 et

113 1567 195 1627 sunt
227 1563 401 1648 praccepta
434 1576 557 1646 preces
579 1553 813 1648 principum),
828 1577 958 1646 negare
984 1556 1032 1624 nil
1057 1555 1198 1648 penitus

113 1676 305 1753 auderem„
327 1677 382 1746 lllc
402 1675 545 1767 quidem
571 1677 711 1746 omuino
732 1680 811 1768 quae
832 1675 1034 1747 molirentur
1055 1676 1194 1766 ignaro,
1287 1701 1288 1704 ¹

113 1798 178 1870 soli
212 1810 351 1869 nostros
384 1797 475 1892 inter
506 1799 732 1870 concedimus
758 1800 904 1871 libellos.
938 1797 987 1868 lbi
1018 1801 1128 1870 multa
1154 1799 1198 1870 de

113 1920 244 2005 multiS,
269 1921 427 1992 ultimum
453 1921 498 1991 de
520 1931 553 1991 te
573 1922 647 1992 fuit.
671 1908 757 1991 Cum
783 1944 870 1993 vero
895 1922 1051 1993 certatim
1078 1932 1114 1992 et
1142 1946 1199 1992 ur·

112 2055 211 2135 geret
243 2045 304 2137 qui
336 2055 505 2136 coeperat,
532 2053 568 2114 et
593 2065 615 2113 a
640 2055 845 2115 transverso
871 2044 1084 2137 improvisus
1111 2047 1198 2116 alter

111 2142 327 2260 erumperet,
350 2187 504 2256 agnosco
525 2165 683 2238 insidias.
710 2166 779 2238 Sed
805 2167 889 2258 quid
909 2188 1051 2258 agerem
1076 2177 1198 2237 contra

112 2292 199 2361 tales
225 2290 315 2360 duos
342 2292 458 2360 unus‘l
484 2290 584 2359 Tanti
608 2289 795 2362 blanditias
821 2288 923 2359 amici
943 2288 1197 2380 dominicaeque

112 2413 235 2483 lronlis
257 2410 394 2503 pondus
416 2413 507 2482 ferre
526 2433 595 2481 non
616 2414 723 2483 valui.
746 2412 845 2482 Cessi
867 2412 980 2502 igitur,
1003 2421 1109 2504 etque
1130 2411 1197 2482 illis

112 2533 178 2605 hac
199 2534 274 2626 ipsa
297 2534 381 2603 hora
402 2534 532 2625 pariter
553 2534 633 2605 hinc
652 2533 837 2625 digressis,
861 2534 1024 2626 promissi
1045 2555 1195 2618 mernor,

112 2657 284 2725 calamum
314 2655 444 2748 arripio
478 2658 673 2749 scripturus
707 2658 877 2751 quidquid
910 2673 1122 2729 occurreret.
1153 2659 1199 2728 At

111 2800 190 2848 cum
214 2777 321 2858 rebus
342 2778 512 2848 obsessus
534 2788 569 2850 et
588 2801 753 2850 curarum
778 2784 904 2874 plenus
930 2780 1087 2871 cogitare
1114 2782 1198 2850 novi

112 2902 243 2994 aliquid
275 2926 368 2975 ntrnc
400 2925 469 2974 non
494 2924 651 2998 possem,
679 2915 715 2975 et
739 2903 891 2996 idipsum
924 2903 1080 2975 vscribere
1112 2895 1197 2975 satis

113 3021 231 3108 hebui,
265 3036 300 3095 et
329 3028 461 3118 reliqua
488 3027 564 3097 haec
590 3050 660 3119 quo
685 3037 785 3118 gesta
806 3039 889 3097 sunt
909 3026 1043 3110 ordine,
1067 3026 1196 3119 quibus
1281 3121 1284 3128 Ι

3 3199 7 3206 .
112 3145 169 3216 hic
189 3146 254 3215 crit
275 3144 366 3216 linis.
385 3147 580 3219 Amicitiam
601 3160 784 3233 tumeam,
804 3159 843 3218 ut
859 3148 1028 3238 intelligo,
1049 3141 1195 3240 parvam

112 3265 216 3337 valde
238 3288 325 3350 rem,
348 3266 460 3358 cupis3
484 3269 547 3339 sed
567 3291 638 3360 quo
664 3270 859 3342 modestius
880 3283 1011 3353 votum,
1035 3293 1077 3344 co
1098 3270 1196 3343 inho-

112 3391 244 3462 nestior
269 3401 324 3461 est
352 3391 501 3485 repulsa.
534 3392 700 3464 Precibus
734 3415 821 3484 ergo
853 3397 922 3465 tuis
959 3394 1098 3466 obviam
1132 3416 1195 3475 eo;

112 3514 230 3606 accipe
251 3513 361 3606 plenis
385 3512 546 3584 manibus
567 3513 661 3606 quod
682 3517 811 3608 petisti,
836 3539 961 3608 meque
988 3515 1137 3588 fidenter
1162 3517 1196 3585 in

113 3635 234 3707 amicis
251 3658 412 3722 numera,
432 3647 466 3707 et
484 3637 512 3705 si
530 3638 612 3730 quis
629 3638 697 3708 mei
716 3660 802 3710 usus
819 3650 882 3722 est,
903 3650 1016 3709 utere:
1035 3639 1066 3708 si
1080 3641 1196 3709 nullus

112 3767 168 3827 est
187 3759 290 3843 aliuS,
313 3771 350 3830 at
369 3762 492 3829 saltem
514 3780 626 3831 novos
654 3761 745 3831 inter
773 3760 904 3832 amicos
938 3782 1009 3845 me,
1038 3760 1196 3853 interque

112 3881 182 3949 aevi
203 3879 378 3952 viridioris
396 3882 562 3974 epistolas
584 3882 674 3952 hunc
700 3905 791 3974 pene
815 3883 972 3953 ultimum
996 3879 1196 3974 possidebis
1230 3949 1247 3987 a

111 4001 237 4070 locum.
261 4003 299 4073 ln
321 4011 561 4075 senescentem
583 4026 743 4098 namque,
768 4004 796 4076 si
812 4005 937 4088 nescis
952 4015 986 4076 et
1000 4005 1148 4076 amicum
1163 4015 1198 4074 et

112 4122 283 4191 calamum
307 4123 467 4195 incidisti.
492 4124 525 4194 Si
547 4126 629 4216 quid
651 4127 870 4199 nuncetiam
893 4129 975 4198 vitae
998 4137 1120 4211 restat,
1142 4135 1195 4200 cst
