2730 4680
221 307 262 367 80
565 324 607 370 nu
627 323 728 371 nanus
749 321 971 371 conterminus

224 458 375 530 rioribus
396 462 570 532 exerceri:
584 460 760 562 cariorem
781 460 856 552 regi
875 481 939 533 suo
955 482 1060 552 quem
1077 461 1300 553 gravioribus

223 582 348 677 probat
366 585 629 678 experimentis:
652 584 856 674 languidum
877 582 986 655 otium
1006 583 1061 655 his
1087 586 1241 678 permitti
1266 586 1300 655 in

221 705 350 798 quibus
373 728 454 800 spes
475 705 618 799 gloriosi
634 706 768 799 negotii
784 708 879 778 nulla
894 708 954 779 sit:
969 731 1049 779 cum
1072 709 1301 803 prosperitate

223 851 343 922 pacem
377 828 477 900 nobis
509 828 724 922 ambiguam,
757 829 942 901 honestum
976 852 1054 902 cum
1088 831 1302 905 adversitate

221 950 412 1025 certamen:
436 976 545 1025 unum
570 953 607 1022 in
630 953 704 1024 vita
729 952 859 1024 bonum
885 973 981 1038 esse,
1008 976 1116 1025 unum
1150 959 1301 1041 malum,

217 1076 354 1169 'reliqua
391 1074 639 1160 indifferentia,
670 1085 706 1145 et
736 1096 819 1168 quae
853 1076 954 1168 sequi
987 1077 1121 1148 soleant
1146 1057 1300 1149 animum

221 1199 434 1292 possidentis
466 1197 681 1291 speciosam,
715 1198 777 1270 sed
807 1219 992 1272 onerosam
1021 1201 1193 1273 sarcinam
1221 1223 1305 1273 esse

220 1322 377 1406 divitias
400 1342 518 1392 errore
552 1321 667 1414 potius
696 1321 795 1414 vulgi
824 1344 929 1416 quam
961 1323 1143 1395 doctorum
1173 1323 1303 1396 iudicio

221 1445 416 1539 pretiosas:
440 1443 658 1536 splendidam
679 1465 776 1532 esse,
800 1446 863 1518 sed
884 1469 1029 1538 gravem
1046 1467 1189 1519 auream
1209 1458 1304 1520 cate·

222 1592 317 1641 nam:
339 1567 524 1639 eminentis
542 1569 691 1640 fortunae
708 1567 855 1660 gradum
874 1568 1066 1662 praecipitio
1083 1569 1300 1663 proximum:

221 1691 411 1762 humanam
427 1691 616 1784 potentiam
633 1691 681 1761 nil
699 1691 794 1766 aliud
809 1713 915 1784 quam
934 1694 1061 1763 claram
1079 1702 1304 1786 optatamque

222 1814 412 1899 miseriam3
431 1813 590 1886 sublimis
610 1798 694 1886 vitae
711 1836 854 1886 cursum
880 1815 928 1885 nil
953 1814 1047 1886 aliud
1066 1837 1172 1907 quam
1199 1836 1304 1887 sono-

222 1965 297 2013 ram
314 1951 350 2012 et
367 1940 516 2012 lucidam
544 1948 800 2033 tempestatem:
828 1940 875 2010 nil
903 1939 1037 2014 exitum
1070 1937 1165 2009 aliud
1196 1962 1303 2031 quam

222 2065 375 2137 ruinam:
410 2086 481 2136 non
512 2062 629 2134 minus
659 2085 813 2157 pungere
839 2063 993 2154 gladium
1018 2061 1118 2135 cuius
1139 2066 1301 2158 capulum

223 2187 331 2283 iaspis
358 2189 524 2272 illustrat,
558 2208 673 2279 neque
693 2188 821 2257 >minus
851 2187 1024 2276 stringere
1057 2186 1220 2277 laqueum
1246 2187 1303 2258 cui

221 2313 396 2405 pretiosus
429 2333 449 2382 e
482 2310 741 2382 serico‘nodus
775 2321 846 2382 est:
877 2312 1025 2404 patriam
1055 2311 1132 2382 viro
1163 2332 1313 2381 omnem.

141 2510 143 2512 ,
223 2434 345 2505 mundi
365 2435 545 2524 angulum,
566 2431 709 2504 exilium
731 2454 906 2526 nusquam
927 2455 1021 2518 esse,
1043 2435 1112 2505 nisi
1128 2433 1224 2526 quod
1240 2433 1305 2503 im-

224 2555 390 2648 patientia
406 2556 539 2640 fecerit;
572 2578 653 2627 cum
675 2555 810 2626 inhiare
829 2556 1033 2629 coelestibus
1054 2578 1153 2628 mens
1173 2557 1305 2652 ceperit

226 2678 355 2771 ubique
372 2679 418 2749 illi
432 2678 576 2749 exilium
594 2681 683 2762 fore,
702 2677 815 2749 donec
832 2670 1033 2771 pervenerit
1048 2688 1119 2772 quo
1133 2681 1302 2773 suspirat:

226 2801 417 2895 sapientem
453 2802 544 2875 bona
575 2823 639 2874 sua
679 2823 799 2874 secum
833 2805 924 2874 ferre
946 2815 1177 2897 ‘quocumque
1210 2803 1302 2886 ierit,

225 2924 311 2994 nihil
331 2925 379 2997 illi
399 2926 619 3018 naufragium
639 2924 776 3010 obesse,
795 2926 882 2996 nihil
901 2926 1099 3000 incendium
1124 2948 1190 3000 seu
1215 2929 1304 3023 rapi-

226 3068 413 3119 nam1eam
435 3073 517 3142 quae
538 3059 725 3146 paupertas
742 3049 882 3137 dicitur,
901 3053 1062 3122 levamen
1083 3072 1164 3122 esse
1185 3051 1307 3123 solitu-

225 3169 346 3241 dinum
369 3181 473 3266 atque
491 3172 744 3244 discriminum:
767 3173 802 3244 id
820 3172 913 3268 quod
934 3173 1079 3246 exilium
1099 3183 1236 3262 vocaut,
1253 3177 1307 3246 fu-

227 3316 308 3386 gam
322 3294 625 3368 innumerabilium
638 3319 815 3368 curarum:
824 3306 972 3370 mortem
986 3296 1086 3369 bonis
1098 3307 1134 3369 et
1146 3297 1305 3370 laborum

123 3442 125 3445 ·
228 3415 331 3490 finem
350 3427 387 3490 et
405 3418 616 3490 felicissimae
636 3419 761 3512 quietis
787 3420 932 3491 initium.
959 3421 1051 3493 Mille
1075 3431 1158 3493 *sunt
1183 3421 1306 3494 huius-

229 3541 324 3613 modi
341 3552 375 3613 et
395 3558 530 3633 magna,
547 3543 626 3614 licet
638 3564 685 3613 ex
701 3551 800 3635 parte
813 3546 920 3634 vulgo
932 3542 1147 3615 incredibilia
1160 3542 1306 3617 videan-

230 3673 303 3749 tur;
330 3666 418 3738 inter
444 3665 566 3738 doctos
592 3677 707 3739 tamen
740 3676 845 3760 atque
873 3678 1037 3761 expertos
1068 3665 1153 3736 nihil
1173 3667 1304 3751 verice,

229 3789 534 3862 nihilestcertius.
558 3791 645 3874 Quae
667 3791 831 3883 quoniam
853 3811 1084 3884 supervacue,
1107 3790 1174 3862 nisi
1194 3793 1303 3876 fallor,

230 3912 466 3985 auribustuis
494 3913 677 3998 inculcem,
707 3915 751 3986 ad
778 3914 1023 4008 aliaprotinus
1050 3913 1165 3986 stilum
1192 3915 1304 3988 flecto,

231 4034 348 4106 Sentio
381 4047 414 4108 te
447 4037 720 4130 persecutionem
756 4039 825 4132 pati
854 4049 996 4131 propter
1029 4060 1144 4109 meum
1165 4062 1332 4133 nomen..

233 4157 333 4242 Quod
355 4160 390 4230 in
410 4183 465 4232 me
483 4162 711 4246 non‘audent,
734 4160 766 4230 in
787 4173 820 4235 te
840 4161 984 4233 lividum
1001 4161 1099 4234 virus
1113 4163 1302 4235 effundunt.
