2738 4680
206 335 244 394 88
541 345 583 392 DE
605 344 705 394 REBUS
726 345 950 396 rnuutttttetts

204 485 299 557 aliud
317 483 474 576 cogitans
501 483 693 575 ingredior,
717 483 841 554 accidit
861 493 899 554 ut
919 491 1010 573 togae
1031 477 1167 550 fimbria
1187 477 1286 548 inad-

203 618 348 700 verteqs
371 606 497 677 librum
523 604 639 700 ipsum
660 606 901 700 impingerem.
923 606 983 676 llle
1003 603 1133 675 cadens
1154 604 1284 672 laevum

204 729 289 800 mihi
307 751 388 801 crus
408 751 478 800 nou
499 730 607 800 multo
628 749 735 822 supra
756 731 862 799 talum
880 729 951 800 ictu
967 727 1097 817 exiguo
1117 725 1287 816 perstrin-

204 854 269 924 xit.
291 855 366 944 Ego
386 852 483 923 illum
505 851 641 942 iocans:
658 861 694 920 et
711 851 815 944 quid,
834 850 991 942 iuquam,
1011 849 1062 919 rei
1079 856 1148 931 est,
1167 847 1214 916 mi
1232 846 1287 916 Ci-

204 998 300 1061 cere,
320 999 383 1046 cur
404 998 460 1046 me
480 975 585 1046 seris?
609 974 668 1046 llle
689 974 784 1058 nibil,
808 975 872 1047 sed
892 973 1016 1045 eodem
1037 969 1206 1064 postridie
1231 989 1288 1039 re·

204 1101 368 1172 deuutem
387 1120 529 1170 rursum
550 1098 630 1169 ferit
647 1120 860 1192 rursumque
875 1120 955 1169 cum
978 1096 1064 1167 iocis
1084 1093 1231 1184 erigitur
1252 1089 1287 1160 in

204 1242 304 1294 suam
328 1221 458 1293 sedem.
481 1218 572 1304 Quid
591 1229 623 1291 te
641 1224 778 1293 moror?
794 1221 920 1291 Laesus
941 1219 1067 1291 iterum
1093 1225 1198 1309 atque
1224 1214 1286 1284 ite·

204 1369 281 1416 rum
302 1345 545 1438 expergiscor,
567 1355 604 1416 et
623 1346 725 1437 quasi
751 1344 992 1436 indignantem
1012 1341 1109 1412 humi
1122 1362 1220 1426 esse,
1237 1343 1286 1410 al-

205 1469 274 1540 tius
291 1469 421 1550 attollo,
450 1468 514 1538 sed
546 1489 625 1538 cum
659 1467 728 1538 iam
757 1467 882 1539 crebra
901 1465 1128 1538 concussione
1149 1463 1286 1557 repetiti

204 1592 271 1660 loci
295 1592 403 1663 fracta
428 1590 518 1663 cutis
539 1613 605 1662 nec
626 1589 862 1685 spernendum
884 1591 984 1661 ulcus
997 1597 1145 1661 extaret.
1160 1588 1286 1682 Sprevi

206 1725 335 1800 tamen,
355 1717 473 1808 potius
495 1713 544 1783 rei
562 1735 703 1785 causam
717 1734 823 1807 quam
836 1734 910 1783 rem
927 1710 1040 1803 ipsam
1060 1712 1203 1783 librans.
1220 1711 1287 1783 lta-

205 1859 274 1930 que
295 1860 359 1909 nec
379 1839 481 1930 aquis
508 1835 673 1920 abstinui,
707 1859 771 1909 nec
799 1837 957 1928 equestri
985 1835 1194 1919 vectatione,
1223 1858 1287 1907 nec

204 1959 359 2054 pedestri
388 1960 513 2032 itinere
542 1961 734 2054 temperavi
763 1968 954 2054 expectans
980 1957 1095 2030 finem.
1116 1959 1285 2030 Paulatim

205 2084 308 2176 quasi
342 2105 381 2154 se
415 2086 531 2178 sperui
560 2084 683 2156 dolens
716 2085 844 2154 vulnus
875 2081 1052 2165 intumuit,
1075 2093 1110 2153 et
1136 2080 1287 2154 subinde

205 2210 324 2280 nescio
344 2230 505 2301 quaenam
524 2231 605 2280 caro
626 2210 777 2281 discolor
797 2217 832 2279 et
858 2209 1029 2278 virulenta
1050 2219 1285 2279 succreverat.

206 2330 360 2401 Tandem
386 2331 492 2422 igitur
517 2354 597 2401 cum
623 2333 690 2401 iam
717 2332 815 2402 dolor
847 2352 917 2402 uon
946 2331 1040 2401 iocos
1062 2342 1194 2402 tantum
1223 2330 1285 2402 sed

207 2473 348 2522 somnos
369 2454 596 2545 requiemque
618 2456 821 2537 lacesseret,
855 2465 892 2525 ut
923 2476 994 2525 nou
1027 2455 1145 2546 magni
1179 2455 1285 2526 animi

206 2583 423 2669 contemptus
457 2576 522 2648 sed
554 2577 714 2647 amentiae
742 2576 936 2662 videretur,
963 2578 1117 2650 medicos
1142 2587 1284 2650 coactus

205 2719 359 2783 accerso,
382 2698 443 2790 qui
465 2699 582 2770 multis
603 2699 672 2770 iam
691 2699 818 2771 diebus
839 2701 921 2772 huic
939 2724 1006 2773 uon
1024 2703 1173 2796 amplius
1195 2703 1286 2773 tudi-

204 2842 264 2891 cro
289 2821 425 2893 vulneri
451 2821 657 2893 incumbunt
681 2845 751 2894 nou
778 2823 853 2894 siue
879 2824 1034 2895 cruciatu
1067 2836 1103 2895 et
1132 2826 1285 2916 periculo

205 2943 281 3014 laesi
313 2954 423 3030 artus,
458 2955 496 3016 ut
517 2945 711 3039 perhibent.
733 2948 809 3018 Etsi
835 2947 970 3019 illorum
992 2948 1222 3039 prognosticis
1248 2949 1285 3019 in

205 3074 543 3162 utramquepartem
564 3079 732 3160 quantum
754 3069 799 3140 sit
825 3067 907 3140 fidei
922 3071 1016 3164 apud
1037 3093 1092 3142 me
1117 3093 1224 3143 nosse
1252 3081 1284 3142 te

205 3188 361 3273 credam,
391 3198 426 3260 et
451 3191 613 3261 fomentis
640 3201 755 3262 tamen
780 3190 913 3263 crebris
939 3214 1082 3284 urgeor,
1109 3202 1144 3264 et
1171 3195 1284 3265 solitis

203 3311 290 3383 cibis
316 3333 454 3397 arceor,
482 3321 518 3382 et
537 3312 675 3383 insueta
700 3315 856 3408 corporis
876 3316 994 3408 quiete
1013 3316 1201 3388 contineor.
1230 3319 1286 3390 ln-

204 3436 281 3505 visa
303 3433 435 3520 omnia,
457 3445 562 3528 atque
580 3434 664 3505 illud
685 3435 720 3504 in
741 3437 862 3531 primis
880 3440 974 3531 quod
993 3442 1283 3532 voluptuosorum

203 3557 316 3651 epulis
335 3558 385 3628 uti
403 3580 524 3649 cogor3
547 3559 611 3629 sed
631 3557 697 3628 iam
717 3581 775 3630 res
796 3561 1004 3635 adsalutem
1027 3572 1173 3656 spectat,
1196 3575 1285 3636 utet

205 3691 242 3751 tu
262 3702 401 3775 quoque
423 3679 518 3774 prius
540 3683 787 3752 convalescere
807 3707 912 3776 quam
934 3699 1127 3778 aegrotasse
1148 3710 1204 3759 me
1222 3712 1286 3761 no-

203 3805 309 3876 veris.
329 3807 404 3876 Una
421 3804 504 3874 mihi
524 3807 689 3897 frequens
710 3805 901 3898 indignatio
919 3810 1014 3902 quod
1034 3811 1148 3883 omnis
1174 3814 1284 3886 ferme

203 3928 336 3999 collisio
357 3951 396 4000 ac
416 3927 515 3999 dolor
548 3928 583 3998 in
612 3929 702 4000 hanc
729 3952 833 4001 unam
854 3935 1009 4029 corporis
1030 3945 1164 4030 partem
1192 3958 1284 4031 prae-

203 4048 333 4142 scripto
353 4049 397 4122 de
418 4074 514 4124 more
534 4051 664 4135 incidit,
686 4062 808 4126 utnon
829 4055 944 4150 inepte
966 4061 1116 4131 famulus
1143 4083 1281 4132 mecum

203 4171 322 4243 iocans
343 4172 433 4246 inter
448 4175 629 4249 familiaria
649 4176 792 4251 servitia
809 4199 904 4273 saepe
920 4182 1137 4255 fortunarum
1161 4183 1280 4256 tibiam
