2992 4664
347 315 438 362 ainau
461 314 1001 372 vicnsiuusounarus.—ua1sronn
1027 320 1053 364 v.
1187 306 1246 366 ala

158 464 217 535 tali
237 451 353 546 aetate,
378 471 470 533 tanta
498 484 613 533 rerum
639 463 856 554 experientia
884 486 925 535 ac
954 465 1123 535 doctrina.
1153 463 1246 546 Quid

157 587 251 680 enim
264 605 336 667 oro,
352 583 412 655 tibi
428 583 557 676 placuit
568 606 616 655 ex
626 585 726 656 illius
740 585 837 668 actis,
852 605 933 676 quae
947 582 992 656 ab
1006 583 1181 656 historicis
1196 585 1247 677 (nt

156 728 278 778 eorum
299 707 416 777 verbis
438 706 529 801 utar)
550 707 677 802 partim
699 708 792 777 nulla
814 706 1100 799 reprehensione,
1117 687 1244 799 ‘partim

157 849 227 898 non
256 826 420 898 mediocri
450 827 553 900 laude
577 837 830 912 memorantur,
858 827 958 922 prins
985 827 1117 899 scilicet
1140 851 1245 920 quam

111 1008 113 1015 ,
158 969 198 1020 se
210 959 321 1021 totum
338 950 372 1018 in
391 950 516 1044 probra
535 960 572 1022 et
588 952 720 1022 scelera
733 950 982 1041 demergeret?
994 948 1049 1021 An
1062 949 1247 1042 aurigandi

158 1072 283 1165 potins,
309 1094 354 1144 an
379 1072 609 1144 citharizandi
638 1072 817 1146 studium?
843 1073 979 1157 Quibus
1011 1082 1081 1144 tam
1106 1075 1245 1146 curiose

158 1194 313 1266 deditum
335 1197 547 1289 accepimus,
567 1206 605 1266 nt
623 1196 792 1267 secretius
813 1199 965 1289 primum
988 1218 1105 1269 coram
1130 1198 1246 1269 servis

158 1341 199 1390 ac
224 1317 327 1411 plebe
355 1316 514 1402 sordida,
541 1318 669 1391 deinde
701 1319 804 1392 etiarn
831 1319 1049 1412 inpublico,
1078 1320 1246 1391 universo

159 1444 287 1535 populo
307 1449 498 1544 spectante,
521 1442 683 1535 princeps
705 1444 828 1534 auriga
848 1442 1068 1527 decurreret,
1090 1444 1127 1514 et
1145 1446 1247 1536 quasi

160 1586 287 1653 numen
313 1564 452 1657 aliquod
479 1565 630 1638 oblatam
658 1564 727 1636 sibi
759 1565 927 1636 citharam
953 1566 1118 1638 adoraret
1146 1588 1246 1658 egre·

158 1688 238 1778 gius
259 1687 456 1770 citharista;
475 1687 604 1780 quibus
625 1689 765 1760 modern
793 1688 1018 1760 successibus
1044 1700 1191 1761 evectus
1211 1700 1247 1762 et

157 1810 254 1878 velut
274 1808 398 1880 italicis
419 1830 489 1879 non
509 1818 694 1880 contentus
716 1809 868 1901 ingeniis
887 1810 1055 1881 Achaiam
1075 1810 1188 1903 petiit,
1211 1822 1246 1883 et

156 1931 356 2002 Grecorum
375 1931 588 2002 Musicornm
605 1930 862 2003 adulationibus
878 1932 1020 2004 inflatus
1035 1933 1132 2004 solos
1149 1932 1246 2005 Grae-

156 2077 218 2126 cos
240 2055 365 2126 studiis
384 2056 457 2126 suis
476 2055 603 2147 dignos
623 2055 798 2127 asseruit?
815 2053 1012 2126 Ridiculum
1031 2066 1242 2139 monstrum,

157 2182 257 2248 ferox
277 2177 403 2249 bellna.
424 2176 479 2247 An
499 2177 585 2249 illud
602 2200 706 2250 omen
722 2188 858 2250 certum
877 2176 994 2268 magni
1016 2177 1120 2248 simul
1136 2188 1175 2249 et
1189 2201 1244 2251 re-

157 2301 272 2392 ligiosi
293 2300 458 2393 principis
483 2299 649 2386 habuisti,
672 2300 767 2394 quod
784 2300 906 2371 barbae
923 2299 1094 2392 primitias
1116 2313 1152 2372 et
1168 2302 1244 2374 illas

157 2424 334 2496 inhumani
353 2425 424 2494 oris
442 2424 593 2496 exuvias
610 2423 646 2492 in
662 2424 823 2518 capitolio
840 2423 1080 2496 consecravit?
1101 2424 1128 2494 li
1149 2433 1244 2495 certe
1291 2444 1297 2465 ‘

156 2555 238 2617 sunt
257 2557 355 2618 actus
376 2547 523 2618 Neronis
546 2548 605 2630 tni,
631 2547 774 2619 Seneca:
795 2569 838 2618 ea
864 2557 968 2620 aetate
995 2568 1066 2639 qua
1088 2547 1243 2618 historici

154 2667 270 2751 adhuc
288 2692 368 2740 enm
386 2670 475 2740 inter
493 2669 652 2741 homines
666 2683 866 2757 numerant,
883 2681 919 2743 tu
936 2694 1017 2743 eum
1038 2672 1126 2743 inter
1146 2671 1241 2754 deos,

155 2815 220 2864 nec
240 2791 403 2865 laudante
422 2817 487 2865 nec
505 2796 645 2866 laudato
662 2794 780 2886 dignis
798 2797 982 2887 praeconiis
996 2796 1133 2866 conaris
1151 2796 1244 2869 inse-

155 2938 242 2998 rere,
256 2925 302 2998 et,
316 2915 417 2985 cuins
431 2937 475 2985 an
490 2926 523 2987 te
541 2917 671 3011 pudeat
685 2917 814 3000 nescio,
832 2916 895 2987 sed
909 2939 962 2986 me
976 2917 1093 3009 pudet,
1113 2919 1243 3010 optimo

153 3034 348 3128 principum
378 3035 462 3106 divo
495 3037 655 3127 Augusto
681 3038 848 3129 praeferre
879 3059 947 3109 non
977 3038 1139 3111 dubitas:
1174 3042 1242 3113 nisi

154 3158 348 3230 lorte'illud
369 3159 490 3231 maiori
512 3160 622 3252 gloria
647 3157 792 3251 dignum
815 3173 932 3251 putas,
956 3162 1049 3255 quod
1076 3162 1243 3237 Christia-

155 3302 233 3362 nos,
266 3302 379 3372 genus
410 3280 591 3351 hominum
627 3302 751 3353 revera
786 3293 943 3354 sunctum
978 3294 1014 3356 et
1038 3286 1239 3369 innocuum,

156 3423 278 3474 verum
314 3413 352 3473 ut
385 3403 450 3473 sibi
483 3402 672 3475 videbatur
707 3416 743 3475 et
774 3405 939 3477 Suetonio
969 3408 1152 3489 referenti,
1183 3429 1242 3480 su-

157 3526 370 3620 perstitionis
387 3547 492 3598 novae
511 3549 552 3598 ac
571 3524 755 3612 maleficae,
775 3529 954 3623 suppliciis
975 3529 1104 3612 affecit,
1127 3528 1240 3600 omnis

155 3650 293 3745 pietatis
324 3644 529 3743 persecutor
561 3662 666 3743 atque
700 3652 811 3723 hostis
851 3651 1128 3727 crudelissimus.
1164 3651 1241 3743 Ego

154 3773 296 3866 quidem
312 3773 361 3844 de
383 3785 415 3844 te
434 3777 591 3845 ista‘non
612 3775 787 3869 suspicor,
811 3797 922 3867 eoque
943 3775 1059 3865 magis
1081 3775 1242 3867 proposi-

157 3910 236 3966 inm
249 3897 352 3967 animi
374 3896 492 3967 miror:
511 3918 591 3966 nam
612 3906 648 3967 et
668 3899 849 3995 superiora
869 3898 926 3967 illa
943 3896 1068 3969 frivola
1086 3897 1189 3968 nimis
1205 3910 1242 3968 et

155 4041 245 4095 vana
271 4031 364 4102 sunt,
393 4020 549 4090 ultimum
582 4021 648 4091 hoc
678 4022 848 4092 nefarium
877 4020 980 4090 etiam
1012 4030 1048 4090 et
1075 4022 1237 4092 immane.

152 4140 198 4211 Et
217 4142 262 4213 ita
285 4141 346 4214 tibi
366 4142 505 4225 visum:
529 4165 597 4214 una
619 4143 763 4233 quidem
785 4143 1013 4234 epistolarum
1035 4155 1172 4215 tuarum
1194 4144 1238 4214 ad

278 4272 314 4310 ΙΙΙ.
1052 4268 1080 4312 18
