2738 4680
167 318 226 380 lio
500 329 541 377 nn
562 326 664 377 nunus
684 325 908 376 riururrrunus

168 496 256 557 reor,
279 473 455 566 praecipue
478 482 594 544 autem
613 473 643 545 si
664 469 816 561 coniugii
834 470 894 541 tibi
913 469 1067 541 secunda
1085 489 1165 542 sors
1182 473 1254 542 fue·

169 597 223 668 rit.
246 596 281 666 Si
301 597 443 688 quidem
464 599 580 690 puella
601 595 725 667 nobilis
747 619 767 667 a
792 595 903 687 prima
922 601 1027 665 aetate
1048 593 1109 663 tibi
1135 593 1255 665 dedita

169 729 205 790 et
222 741 366 792 suorum
378 720 518 791 divulsa
530 718 707 791 blanditiis
722 740 763 790 ac
777 717 934 790 susurris
952 715 1112 802 anilibus
1126 716 1256 788 castior

168 843 403 937 humiliorque
422 853 457 914 et
473 842 720 935 obsequentior
741 840 809 926 liet,
828 850 864 912 et
884 840 1044 925 sanctior,
1063 840 1254 912 laevitatem

169 986 310 1057 quoque
331 964 503 1036 maturius
523 965 711 1059 puellarem
728 986 865 1035 exuens
886 963 1113 1037 matronalem
1134 961 1256 1034 induet

170 1087 398 1180 gravitatem3
416 1089 568 1180 denique
586 1109 649 1158 seu
670 1086 731 1157 tibi
748 1086 849 1178 virgo
866 1086 1033 1179 nupserit,
1053 1105 1118 1156 seu
1134 1085 1253 1168 vidua,

169 1234 216 1283 cx
233 1233 303 1305 quo
325 1233 389 1284 vos
408 1212 554 1302 genialis
573 1211 746 1283 thalamus
764 1211 987 1292 contraxerit,
1009 1231 1115 1279 unum
1136 1208 1196 1279 illa
1222 1217 1255 1278 te.

171 1336 318 1406 audieus
341 1356 447 1405 unum
468 1334 603 1417 videns,
625 1356 731 1404 unum
754 1334 922 1424 cogitans
941 1332 976 1402 in
999 1341 1032 1400 te
1053 1354 1160 1401 unum
1182 1354 1257 1403 mo-

170 1479 298 1549 resque
315 1467 394 1528 tuos
416 1455 725 1540 transformabitur,
748 1455 923 1548 oblitaque
943 1458 1106 1525 comitum
1127 1476 1169 1525 ac
1188 1478 1254 1525 nu-

170 1577 304 1660 tricum,
322 1577 357 1648 iu
378 1579 461 1649 solis
482 1580 640 1671 coniugis
658 1578 852 1671 requiescet
872 1578 1061 1650 affectibus.
1084 1580 1177 1663 Hac,
1199 1579 1254 1649 vir

168 1699 378 1797 clarissime,¹
394 1702 564 1773 sententia
583 1723 661 1772 mea
685 1710 752 1786 est,
775 1711 846 1772 tam
867 1704 981 1774 fausta
1000 1701 1130 1772 utinam
1149 1722 1255 1792 quam

169 1821 296 1895 fidelis.
311 1825 361 1894 Tu
378 1824 549 1917 quidquid
565 1825 717 1917 elegeris
733 1825 902 1896 secundet
918 1824 1151 1920 omnipotens.
1169 1824 1255 1895 Vale

170 1947 314 2024 icliciter
334 1948 401 2019 mei
424 1969 564 2021 memor.

312 2112 454 2181 venetiis,
471 2113 510 2168 lll
526 2113 592 2168 idus
606 2113 788 2184 Septembris.

600 2527 778 2589 EPlSl'OLA
800 2528 831 2589 ΙΙ.

241 2708 435 2758 FRANCISCUS
457 2709 627 2758 Parauaea
647 2709 782 2758 IOHANNI
803 2710 844 2757 DE
867 2708 1036 2759 casulino
1059 2709 1085 2759 S.
1107 2712 1135 2759 P.
1159 2713 1190 2760 Ι).

174 2860 208 2916 Se
227 2862 336 2935 scriptis
355 2863 452 2918 alienis
471 2863 739 2919 abstinentissimum
763 2863 833 2917 nihil
857 2881 891 2918 ex
913 2864 968 2918 illis
990 2866 1019 2919 in
1044 2865 1175 2936 operibus
1199 2867 1255 2920 suis

261 2953 394 3007 scientem
408 2955 577 3009 inseruisse:
596 2954 725 3024 quocirca
739 2958 817 3024 rogat
832 2953 951 3007 amicum
964 2959 996 3008 ut
1008 2955 1137 3026 quaedam
1149 2955 1256 3026 Virgilii

262 3048 289 3113 et
304 3043 392 3099 Ovidii
406 3045 561 3102 inconsulto
578 3044 630 3098 sibi
645 3047 780 3117 usurpata
794 3043 933 3115 emendet.

272 3287 394 3357 Statim
421 3298 460 3357 te
481 3288 656 3379 digresso,
683 3291 749 3360 etsi
776 3289 873 3360 abitu
899 3299 958 3360 tuo
983 3311 1147 3382 augerer,
1176 3293 1258 3383 quia

173 3420 289 3481 tamen
306 3407 388 3478 nihil
407 3431 511 3500 agere
524 3410 650 3494 neseio,
669 3410 841 3503 quamvis,
861 3421 900 3482 ut
917 3433 1038 3482 verum
1053 3412 1187 3502 loquar,
1208 3421 1258 3483 to-

175 3541 248 3604 tum
279 3534 388 3602 ferme
412 3532 507 3624 quod
533 3553 600 3624 ago
633 3532 717 3604 nihil
746 3545 806 3619 aut
831 3533 938 3605 nihilo
964 3534 1164 3627 proximum
1190 3533 1258 3606 dici

173 3654 302 3747 possit,
329 3655 494 3747 inopere
520 3664 634 3726 tecum
660 3665 774 3750 coepto
801 3656 950 3729 amicum
976 3656 1072 3727 illum
1098 3666 1256 3729 nostrum

172 3801 251 3852 meo
267 3781 419 3873 quodam
437 3780 512 3852 iure
529 3779 662 3854 detinui
679 3779 830 3851 Bucolici
848 3779 1012 3855 carminis
1030 3776 1124 3872 quod
1142 3789 1256 3850 tecum

173 3899 367 3983 abstuleras
387 3901 647 3997 exemplaribus
668 3902 881 3984 revidendis.
904 3902 992 3985 Quae
1011 3901 1096 3973 dum
1117 3904 1258 3973 confero

173 4044 252 4093 cum
284 4025 408 4096 eodem
440 4026 498 4095 illo
526 4026 644 4119 utique
674 4026 751 4098 viro
771 4024 862 4097 bono
882 4025 1059 4118 priscique
1077 4023 1201 4109 moris
1222 4034 1258 4095 et

174 4145 302 4216 lectore
318 4146 460 4238 quidem
480 4149 588 4234 tardo,
605 4148 668 4222 sed
685 4169 756 4222 nou
769 4148 870 4242 segni
887 4147 1012 4233 animo,
1027 4144 1257 4219 animadverti
