2992 4664
609 315 763 365 narsaeus
784 317 847 364 xix.
903 298 906 304 '
1202 305 1259 364 llll

183 463 248 534 boc
270 485 376 535 uuum
399 464 507 534 nullis
525 463 652 533 lenitur
671 462 821 547 artibus,
835 465 930 534 nullo
944 464 1093 534 mitescit
1110 464 1259 555 ingenio.

181 585 300 657 Letale
331 596 386 656 est
418 583 528 667 euim,
562 595 598 654 et
628 607 721 656 nuuc
751 587 816 653 alte
848 587 970 653 uulnus
1010 583 1183 670 edoctum,
1225 598 1262 658 ul

181 711 279 780 Maro
296 709 354 780 ait.
365 709 419 780 En
435 708 496 800 qui
514 709 601 779 alios
617 707 721 779 solari
741 709 836 778 soleo
850 706 998 798 qualiter
1016 729 1070 778 me
1090 710 1259 793 consolor,

180 854 249 904 nou
271 832 347 902 veri
367 830 510 915 inscius,
534 832 597 903 sed
622 830 731 902 dolori
758 830 870 921 impar
896 838 931 901 et
960 851 1092 921 angore
1115 830 1261 902 obrutus

180 977 222 1025 ao
235 975 394 1026 moerore.
409 955 497 1036 Scio,
513 965 550 1025 ut
563 954 646 1038 dixi,
666 953 760 1046 quod
775 952 927 1047 praemisi
946 953 1042 1024 illum
1055 946 1128 1024 non
1147 953 1260 1036 amisi,

181 1086 286 1147 vetus
312 1075 452 1167 quidem
483 1098 595 1167 neque
628 1076 742 1146 miuus
774 1099 896 1147 verum
927 1075 1096 1158 verbum,
1126 1084 1162 1146 et
1193 1096 1262 1167 quo

180 1199 278 1269 multi
299 1199 486 1269 illustrium
515 1199 569 1269 usi
596 1208 685 1268 sunt.
716 1199 884 1282 Praemisi,
905 1198 1054 1290 inquam,
1070 1219 1173 1290 quem
1198 1219 1261 1269 na·

180 1330 256 1391 tura
277 1321 470 1403 meliorem,
493 1321 631 1390 fortuna
652 1320 732 1392 lecit
757 1320 929 1404 altiorem,
961 1336 1059 1391 amur
1084 1319 1167 1390 mihi
1200 1339 1261 1411 pe·

177 1443 272 1513 nitus
292 1463 409 1534 parem
437 1442 531 1522 fecie
559 1441 654 1533 quod
678 1443 809 1513 utinam
841 1463 935 1513 mors
964 1444 1118 1524 lecisset,
1146 1461 1259 1531 neque

176 1563 297 1635 odiosa
317 1564 568 1635 intervenisset
592 1564 766 1656 exceptio,
785 1574 908 1635 cuncta
921 1563 1022 1635 nobis
1040 1564 1147 1635 luisse
1166 1584 1260 1635 oom-

148 1669 151 1674 ’
177 1685 307 1757 munia⁴
314 1695 441 1778 praeter
459 1699 613 1768 mortem,
636 1707 716 1778 quaa
736 1685 843 1758 dilato
866 1710 919 1758 me
936 1688 981 1759 ad
1000 1695 1146 1780 tempus,
1163 1687 1258 1757 illum

176 1806 336 1890 abstulit,
360 1809 393 1878 in
421 1830 490 1901 quo
515 1809 596 1880 vitae
626 1830 715 1880 meae
749 1811 905 1881 suavitas
936 1810 1059 1901 ingens
1096 1821 1186 1894 erat,
1222 1818 1291 1881 ut'

175 1932 323 2023 posthac
344 1953 457 2024 neque
479 1933 570 2002 hauc
592 1933 698 2003 vitam
715 1932 819 2002 valde
845 1932 982 2023 cupiam
1009 1941 1105 2003 tauto
1130 1931 1260 2002 lumine

173 2053 349 2137 orbatam,
365 2041 479 2146 neque
490 2063 641 2124 ⁴mortum
661 2061 813 2124 metuam
829 2063 881 2154 tot
892 2053 980 2125 meis
994 2053 1136 2125 ditatam
1154 2065 1259 2146 alque

174 2186 330 2246 ornatam
354 2177 491 2268 spoliis,
507 2196 601 2268 saepe
613 2175 690 2246 aliis
704 2175 845 2268 quidem
864 2177 1000 2267 magnis
1021 2198 1063 2247 aa
1084 2176 1256 2263 maximis,

173 2298 240 2369 hoo
258 2298 441 2368 immenso:
456 2298 620 2390 quodque
641 2321 748 2368 unum
768 2297 796 2368 si
815 2297 928 2368 metiri
942 2297 1124 2379 voluerim,
1140 2308 1259 2390 stupe·

175 2418 268 2490 bitur
288 2417 333 2489 ab
359 2420 487 2492 invidis
510 2429 612 2512 atque
634 2421 834 2502 malevolis3
857 2419 926 2490 uisi
951 2422 1067 2490 forsan
1089 2418 1258 2489 iuvidiam

175 2562 268 2611 mors
295 2542 462 2626 extinxit,
491 2561 571 2634 quae
603 2553 722 2613 eontra
760 2544 893 2613 nullum
931 2540 1105 2612 homiuem
1140 2550 1257 2610 nostra

174 2676 277 2736 aetate
298 2675 445 2747 tantum,
467 2664 560 2756 quod
581 2667 755 2749 noverim,
775 2686 862 2735 ausa
882 2673 956 2745 est;
985 2671 1024 2734 ut
1050 2662 1109 2754 qui
1142 2661 1256 2732 uirum

174 2787 340 2880 optimum
364 2786 493 2857 seirent
515 2787 619 2878 (Deus
636 2785 727 2856 bone
752 2807 833 2878 quae
854 2785 1122 2877 perversitasll,
1146 2785 1258 2876 pessi-

172 2931 268 2984 mum
289 2907 536 2997 praedicarent,
559 2917 718 3003 atquem
741 2905 867 2975 imitari
887 2905 1089 2986 debuerant,
1112 2906 1258 2975 infama-

176 3037 264 3100 rent.
286 3027 355 3097 Sed
380 3029 448 3097 iam
476 3049 536 3098 seu
574 3036 751 3098 saturatus
778 3030 890 3095 morte
929 3026 1018 3095 livor
1049 3027 1163 3109 sileat,
1192 3047 1256 3097 seu

175 3152 315 3232 saeviat,
332 3149 416 3218 mihi
430 3159 485 3219 sat
504 3163 559 3220 est
580 3171 696 3220 meum
719 3148 763 3219 de
785 3147 948 3217 immobili
971 3170 1086 3219 rerum
1106 3147 1255 3219 veritate

174 3272 351 3356 iudicium,
374 3293 487 3362 neque
508 3293 624 3342 meum
647 3271 761 3355 mode,
781 3270 844 3341 sed
864 3293 983 3341 eorum
1005 3272 1157 3342 omnium
1179 3270 1256 3363 qui-

173 3393 239 3465 hus
259 3393 391 3464 veritas
417 3392 638 3487 passionibus
665 3393 839 3486 antiquior
864 3394 1046 3486 potiorque
1069 3403 1141 3463 est:
1170 3391 1255 3461 salis

174 3528 242 3599 est,
264 3514 422 3607 inquam,
443 3516 581 3588 mihiel
601 3516 675 3586 vivi
689 3517 782 3586 illius
797 3516 944 3587 inuisam
967 3515 1083 3598 malis,
1108 3527 1143 3585 et
1163 3536 1255 3585 mor-

175 3637 223 3707 tui
250 3639 479 3708 immortalem
499 3659 605 3710 nosse
625 3638 807 3708 virtutem:
826 3661 930 3730 quam
952 3658 1021 3706 nou
1039 3636 1118 3707 ideo
1140 3636 1252 3706 miuus

175 3779 271 3842 amo,
295 3757 411 3829 minus
444 3764 603 3844 ueneror,
627 3762 742 3830 miuus
768 3761 875 3830 miror
895 3760 990 3852 quod
1015 3759 1044 3829 is
1077 3757 1176 3829 cuius
1197 3759 1253 3829 illa

127 3938 129 3950 ,
173 3890 249 3949 erat
268 3879 445 3950 extinctus
468 3881 526 3963 sit3
548 3879 708 3974 extingui
729 3881 821 3952 euim
848 3882 924 3973 ipsa
948 3902 1017 3951 non
1043 3887 1168 3972 potest.
1195 3880 1252 3951 llle

173 4001 274 4071 alias:
295 4002 385 4084 haec,
401 4001 501 4093 quasi
520 4003 578 4072 illo
597 4012 783 4094 praesente,
809 4023 966 4096 praesens
988 4013 1055 4073 est:
1074 4002 1140 4073 hae
1156 4003 1252 4072 fruor

172 4122 291 4211 igitur,
314 4126 410 4196 illum
429 4134 512 4216 opto
528 4122 597 4198 cito
614 4123 756 4216 quidem
779 4125 971 4208 revisurus
996 4136 1033 4197 ut
1055 4147 1178 4219 sper07,
1200 4136 1251 4196 ta·
