2940 4650
250 292 308 354 act
592 303 750 354 arrsnnrx
771 306 987 357 nrrrunnnuu.

247 468 356 540 quum
374 466 469 540 saepe
485 449 580 532 olim,
600 456 672 518 tum
691 470 801 541 nuper
817 450 978 543 apparuit
998 451 1060 522 illo
1083 424 1352 552 rempublicam

247 568 465 661 gubernante
485 570 530 641 de
550 593 622 663 quo
644 572 777 663 loquor.
797 570 939 666 Aperite
959 583 1101 646 tantum
1130 583 1353 656 unanimiter

245 713 308 764 ora
332 703 473 764 vestra:
502 694 630 764 sentiat
659 692 812 765 mundus
834 717 938 766 unam
960 716 1043 767 esse
1063 721 1206 772 vocem
1229 709 1351 799 populi

244 813 388 886 romani.
421 815 531 886 Nemo
564 837 714 908 usquam
747 816 840 887 illam
872 816 1030 889 irridebit
1064 834 1135 893 aut
1173 839 1347 917 spernet:

242 945 344 1008 nemo
380 956 450 1006 non
484 935 707 1007 venerabitur
738 944 814 1008 aut
832 937 976 1032 timebit.
1012 939 1216 1034 Reposcite
1245 951 1350 1021 modo

242 1059 418 1153 captivum
452 1056 556 1143 hunc,
593 1062 651 1131 vel
684 1060 849 1133 iustitiam
883 1062 1027 1155 poscite.
1063 1062 1246 1140 Alterum
1281 1095 1349 1144 non

241 1180 438 1273 negabitur.
473 1183 518 1251 Et
549 1181 610 1274 qui
643 1204 753 1275 parva
785 1183 960 1274 quondam
995 1186 1188 1277 legatione
1228 1214 1349 1284 regem

241 1304 444 1400 AEgyptium
464 1305 531 1375 sub
547 1304 727 1377 obsidione
741 1307 882 1402 Syriaca
899 1305 1086 1394 liberastis,
1104 1331 1213 1385 nunc
1232 1313 1349 1387 civem

239 1437 399 1498 vestrum
419 1425 466 1496 ab
485 1423 638 1517 indignis
658 1427 860 1500 carceribus
881 1427 1034 1500 liberate.

662 1955 841 2020 EPISTULA
863 1954 896 2018 ll.

409 2141 604 2192 Fnluctsctts
626 2141 795 2191 Psvnanct
817 2141 917 2191 luteo
937 2142 996 2192 SUO
1017 2143 1044 2191 S.
1066 2144 1096 2194 P.
1119 2146 1156 2195 D.

338 2306 543 2361 Commemorat
561 2317 720 2358 sermonem
739 2301 774 2356 de
792 2301 934 2372 republica
951 2319 1014 2356 cum
1033 2319 1066 2357 eo
1084 2303 1244 2377 habitum,

441 2404 469 2453 et
482 2397 569 2453 futuri
584 2401 699 2451 eventus
714 2412 762 2467 spe
778 2412 947 2468 magnopere
961 2396 1124 2453 delectatur.

335 2645 424 2713 Dum
442 2642 699 2713 sanctissimum
714 2643 1032 2735 gravissimumque
1048 2663 1264 2717 sermonem
1286 2669 1342 2718 re-

238 2774 325 2860 peto,
348 2785 610 2858 quemmecum
635 2772 715 2835 ante
735 2765 889 2857 religiosi
907 2767 998 2836 illius
1019 2786 1060 2836 ac
1080 2767 1218 2838 veleris
1249 2780 1340 2839 tem-

237 2888 286 2982 pli
305 2891 398 2961 sores
419 2887 688 2960 nudiustertius
707 2885 877 2972 habuisti,
899 2890 1102 2959 concalesco
1120 2889 1278 2974 acriter,
1303 2900 1339 2961 et

224 3002 285 3084 'ita
305 3032 382 3082 sum
407 3021 444 3082 ut
463 3014 642 3083 oraculum
660 3032 681 3081 a
701 3010 793 3081 divis
814 3008 1052 3103 penetralibus
1073 3008 1252 3080 emissum
1271 3034 1337 3104 pu·

239 3145 323 3216 tem,
343 3145 378 3203 et
395 3135 502 3202 Deum
522 3133 605 3202 mihi
622 3132 744 3204 videar
761 3132 904 3203 audisse
924 3152 994 3202 non
1014 3130 1205 3201 hominem.
1225 3131 1335 3204 Adeo

236 3254 322 3326 mihi
343 3254 462 3327 divine
479 3265 690 3348 praesentem
712 3264 857 3338 statum,
887 3255 957 3324 imo
977 3274 1098 3325 casum
1120 3273 1161 3322 ac
1183 3254 1334 3328 ruinam

236 3377 437 3470 reipublicae
457 3377 655 3472 deplorare,
678 3376 768 3447 adeo
788 3374 961 3472 profunde
981 3374 1109 3466 digitos
1123 3376 1262 3467 eloquii
1279 3379 1332 3450 tui

228 3502 271 3571 <in
290 3503 438 3571 vulnera
457 3509 577 3570 nostra
596 3497 770 3569 dimittere
784 3497 884 3569 visus
898 3517 994 3582 eraS,
1017 3506 1054 3568 ut
1074 3495 1219 3588 quoties
1241 3523 1333 3572 ver-

234 3621 357 3716 borum
380 3632 517 3694 tuorum
550 3640 657 3691 sonus
691 3618 735 3691 ad
765 3620 969 3691 memoriam
991 3618 1126 3690 aurium
1156 3640 1332 3694 mearum

234 3745 333 3830 redit,
349 3744 477 3815 saliens
495 3764 625 3814 moeror
643 3742 688 3813 ad
706 3746 838 3828 oculos
857 3743 954 3813 dolor
968 3740 1013 3812 ad
1026 3741 1179 3812 animum
1195 3766 1332 3817 rever-

233 3869 339 3948 tatur3
372 3876 407 3935 et
439 3886 499 3935 cor
531 3885 665 3945 meum,
693 3860 788 3954 quod
818 3862 901 3932 dum
924 3860 1121 3953 loquebaris
1151 3863 1327 3951 ardebat,

232 4004 325 4056 nunc
344 3985 427 4057 dum
450 3986 623 4066 meminit,
643 3984 726 4057 dum
746 3984 889 4075 cogitat,
909 3983 993 4053 dum
1015 3982 1187 4075 praevidet
1206 3992 1331 4060 resol-

231 4115 335 4178 vatur
354 4108 390 4180 in
411 4111 591 4190 lacrimas,
626 4128 695 4178 uon
716 4106 858 4198 quidem
884 4105 1079 4189 immineas
1096 4105 1159 4176 sed
1180 4107 1327 4201 virileS,
