2934 4650
539 318 692 368 mrsroun
714 318 818 367 xnvnr.
1158 303 1216 365 433

139 465 255 535 multis
292 465 447 560 tyrannis
473 468 686 557 vusurpatam
714 461 909 533 libertatern
944 462 1126 534 vindicas?
1152 460 1216 535 Ca-

140 587 254 658 millus
274 608 320 658 ex
342 586 442 658 novis
462 595 498 657 et
522 585 636 657 adbuc
662 583 886 667 fumantibus,
916 592 952 655 tu
978 606 1026 655 ex
1052 586 1119 656 iam
1147 585 1216 679 pri-

138 709 215 809 dem
238 709 433 800 desperatis
454 732 494 780 ac
514 707 695 780 veteribus
717 708 825 777 ruinis
850 722 1011 778 eversam
1039 708 1216 779 restituis?

138 832 257 914 Salve,
284 840 404 902 noster
433 830 587 914 Camille,
615 840 736 902 noster
764 830 888 914 Brute,
911 842 1030 903 noster
1051 833 1213 914 Romule,
1262 908 1266 915 ,

140 977 202 1025 seu
230 954 382 1046 quolibet
402 953 468 1026 alio
494 953 632 1024 uomine
659 953 726 1025 dici
755 954 884 1037 mavis,
911 958 1025 1039 salve,
1047 949 1233 1074 Romanae‘p

138 1074 320 1162 libertatis,
349 1077 513 1146 Romanae
539 1077 646 1167 pacis,
673 1076 839 1146 Romanae
866 1076 1124 1167 tranquillitatis
1155 1071 1231 1175 ati-3

139 1207 222 1267 ctor.
255 1197 327 1268 Tibi
362 1196 464 1269 debet
495 1217 653 1290 praesens
677 1207 763 1269 aetas
784 1197 879 1290 quod
902 1199 936 1267 iu
957 1187 1118 1269 libertate
1144 1208 1235 1318 mossq
1268 1175 1286 1195 Ὺ

138 1319 258 1403 rietur,
281 1320 342 1390 tibi
363 1322 548 1413 posteritas
568 1322 662 1412 quod
685 1330 857 1393 nascetur.
881 1323 955 1393 Duo
985 1322 1127 1414 quidem
1148 1325 1241 1428 aito*

137 1442 231 1513 dictu
253 1444 353 1514 laevia
374 1443 436 1513 sed
451 1443 573 1513 effectu
597 1441 836 1525 saluberrima,
861 1444 1065 1546 nominatim
1087 1454 1213 1537 petere,

136 1565 191 1635 vir
216 1565 370 1648 illustria,
392 1565 632 1646 institueram;
653 1574 690 1635 tn
712 1566 822 1636 mein
845 1568 954 1637 altero
980 1579 1105 1659 sponte
1126 1586 1218 1660 praa*

135 1691 282 1757 veniens
302 1687 409 1757 efficis
436 1697 472 1758 ut
494 1690 640 1758 alterum
674 1687 816 1780 petiisse
844 1688 930 1759 satis
959 1688 1013 1760 sit.
1042 1690 1097 1759 Sic
1121 1689 1213 1759 enim

135 1811 226 1879 fama
246 1809 290 1879 de
312 1818 345 1880 te
368 1810 533 1900 loquitur:
558 1809 695 1879 solitum
716 1832 778 1901 per
799 1796 957 1900 singulos
979 1809 1055 1880 dies
1077 1802 1214 1902 exque

134 1931 179 2001 ad
200 1931 410 2025 Reipublicae
434 1931 591 2024 regimen
617 1931 820 2016 ascendisti,
855 1934 931 2002 luce
961 1934 1087 2025 prima,
1116 1942 1213 2005 ante-

134 2076 237 2144 quam
259 2053 388 2147 publici
409 2054 603 2146 privatique
624 2054 753 2145 negotii
774 2053 967 2146 quidquam
989 2075 1087 2145 agas,
1107 2059 1213 2127 vene·

135 2175 279 2246 randum
311 2176 479 2246 Dominici
505 2175 670 2270 Corporis
697 2160 971 2262 sacramentum,
999 2199 1077 2248 oum
1104 2179 1212 2248 multa

132 2296 319 2368 devotione
340 2309 374 2368 et
397 2298 622 2368 exactissima
655 2308 725 2368 tuae
752 2299 877 2368 mentis
905 2279 1125 2369 discussione
1145 2302 1211 2369 -suss

133 2421 276 2513 scipere.
300 2421 371 2491 Hoc
392 2421 553 2492 nimirum
576 2422 741 2515 sapientis
762 2421 984 2512 fragilitatem
1008 2443 1206 2514 corporum,

131 2551 166 2613 et
185 2541 268 2611 vitae
290 2541 494 2613 brevitatem
513 2543 724 2636 reputantis,
744 2550 779 2613 et
796 2543 1037 2637 impendentes
1054 2543 1209 2636 undique

130 2686 233 2735 casus
256 2665 370 2736 varios
392 2668 713 2758 circumspectantis
733 2666 800 2736 viri
822 2689 909 2759 opus
926 2679 990 2738 est.
1014 2666 1206 2751 servasset,

131 2794 168 2853 ut
189 2807 351 2875 auguror,
374 2787 466 2857 hunc
487 2809 618 2858 morem
642 2790 671 2858 si
692 2789 735 2859 ad
759 2789 835 2858 baec
857 2800 1011 2881 tempora
1029 2790 1209 2881 pervenis-

132 2916 196 2986 set;
218 2906 374 2976 servavit
394 2908 571 2998 quoddam
594 2908 721 2989 simile,
744 2918 913 2998 quantum
934 2906 1085 2980 obducta
1111 2921 1208 2985 tene-

132 3024 202 3095 bris
223 3034 257 3096 et
277 3026 442 3098 aethereae
463 3027 550 3097 lucis
571 3049 679 3117 egeus
700 3027 859 3119 permisit
879 3037 985 3112 aetas,
1008 3029 1063 3101 ille
1084 3031 1208 3103 Roma-

131 3169 253 3220 norum
279 3147 405 3220 daucum
432 3150 534 3241 louge
560 3148 786 3219 clarissimus.
813 3150 996 3244 Reliquum
1023 3164 1078 3225 est
1101 3155 1208 3246 igitur

129 3279 168 3340 ut
186 3273 347 3363 quotiens
367 3270 430 3343 seu
448 3271 673 3342 discumbens
693 3274 787 3356 torte,
810 3292 871 3345 seu
891 3276 1059 3345 insomnis
1078 3277 1205 3360 iacens,

129 3416 191 3464 seu
210 3394 295 3486 quid
313 3395 407 3465 aliud
424 3396 559 3488 corpori
579 3394 748 3479 tribuens
768 3395 900 3486 aliquid
917 3396 1019 3467 otiosi
1041 3398 1206 3489 temporis

127 3531 251 3591 nactus
272 3521 360 3603 eris,
379 3519 493 3589 animo
514 3518 618 3589 etiam
640 3520 692 3589 sui
716 3520 853 3609 generis
875 3519 1037 3591 alimenta
1057 3541 1102 3590 ne
1123 3512 1206 3590 sub

127 3640 256 3713 trahas.
285 3643 377 3733 Lege
407 3643 489 3714 dum
510 3651 632 3713 vacat:
652 3641 791 3732 quaudo
814 3642 848 3713 id
869 3663 915 3711 ex
936 3642 1205 3737 commodo-non

125 3776 240 3858 potes,
263 3767 418 3856 legentes
440 3768 607 3837 ausculta.
636 3753 749 3837 Habes
776 3764 810 3834 in
838 3763 1038 3834 huiusmodi
1066 3763 1114 3837 rei
1141 3764 1206 3836 du-

125 3910 199 3959 cem
231 3889 422 3960 imitatione
455 3889 702 3980 dignissimum
735 3889 958 3979 Augustum,
981 3888 1024 3959 de
1056 3910 1126 3981 quo
1158 3887 1205 3962 ita

126 4012 289 4105 scriptum
313 4021 379 4097 est,
402 4013 497 4106 quod
522 4012 556 4082 in
584 4013 747 4082 lectulum
773 4021 1019 4102 transgressus
1040 4034 1109 4082 non
1130 4032 1204 4081 am-

125 4133 214 4223 plius
238 4157 343 4226 quam
372 4145 504 4228 septem
533 4133 636 4204 boras
663 4130 874 4218 dormiebat,
901 4154 941 4203 ac
966 4155 1010 4203 ue
1040 4155 1101 4205 eas
1127 4131 1202 4226 qui-

248 4268 283 4305 ιιι.
1017 4253 1048 4304 ⁶28
