2992 4664
184 306 242 365 l68
285 281 290 285 ’
517 316 556 363 nn
579 315 679 364 nunus
701 315 925 362 rnurnrnruaus

157 452 294 566 ''Credc
313 461 405 530 enirn
429 441 527 540 mihi,
555 459 689 541 Cicero,
713 461 743 527 si
763 479 836 550 quo.
861 460 894 527 in
921 467 1014 528 statu
1046 476 1103 526 res
1133 469 1270 529 nostrae

185 592 265 652 sunt
296 580 465 666 audieris,
493 580 747 652 excidenttibi
779 580 944 661 lacrimae,
980 577 1173 670 quamlibet
1209 585 1268 650 vel

184 705 264 776 omli
297 705 352 774 vel
379 701 475 773 erebi
501 710 635 796 partem
666 711 798 773 teneas.
827 702 1010 770 AEternum
1044 703 1135 770 vale.
1166 700 1270 794 Apud

186 845 355 918 superos,
378 821 423 896 ad
444 824 628 894 sinistram
656 822 815 894 Rhodani
852 821 960 913 ripam
984 822 1019 892 in
1041 823 1269 914 Transalpina

186 947 295 1017 Gallia
314 947 438 1018 eodem
460 966 563 1030 anne,
586 946 676 1017 XIV.
698 923 874 1015 Kalendas
896 942 1055 1014 Ianuarii.

602 1401 779 1465 aalaidis
802 1402 834 1464 V.

315 1569 513 1619 FRANCISCUS‘
530 1569 700 1618 Parauaea
721 1569 839 1619 ANNAEO
860 1567 992 1618 SENECAE
1013 1570 1040 1617 S.
1063 1570 1090 1617 Ρ.
1112 1569 1143 1618 1).

205 1719 311 1775 Laudat
330 1722 390 1776 eius
405 1723 440 1776 de
455 1722 580 1776 moribus
593 1721 761 1776 doctrinam:
779 1720 906 1790 obiurgat
921 1720 996 1791 quod
1012 1721 1041 1774 in
1056 1720 1120 1774 aula
1134 1719 1254 1776 Neronis

253 1811 372 1880 Augusti
386 1811 553 1881 constiterit,
571 1813 687 1882 eiusque
701 1808 916 1864 familiaritatem
930 1809 959 1862 in
974 1809 1065 1879 pretio
1078 1809 1217 1864 habuerit.

285 2048 431 2118 Petitam
450 2071 469 2119 a
488 2058 583 2119 tanto
595 2047 673 2118 viro
686 2047 973 2140 impetratamque
991 2047 1130 2116 veniam
1149 2049 1268 2129 velim,

188 2169 218 2239 si
237 2170 324 2263 quid
343 2172 505 2265 asperius
526 2169 650 2243 dixero
671 2191 775 2262 quam
797 2180 858 2240 aut
879 2169 1105 2262 professionis
1126 2180 1198 2240 tuae
1216 2192 1271 2240 re-

188 2293 380 2363 verentiam
399 2293 530 2377 deceat,
550 2302 610 2363 aut
629 2293 738 2384 quieti
757 2293 802 2362 sit
821 2290 975 2364 debitum
995 2292 1181 2384 sepulchri.
1204 2292 1269 2374 Qui

188 2415 281 2488 enim
303 2437 359 2484 me
385 2415 501 2485 Marco
524 2415 696 2498 Ciceroni,
718 2435 822 2505 quem
850 2416 967 2485 latinae
982 2415 1192 2507 eloquentiae
1218 2417 1271 2485 lu·

188 2559 280 2607 men·
295 2557 335 2607 ac
364 2538 503 2621 fontem,
527 2545 685 2617 testate,
707 2535 872 2621 dixerim,
901 2558 969 2607 nou
997 2538 1196 2628 pepercisse
1221 2539 1271 2609 le·

189 2656 290 2745 gerit,
315 2656 343 2725 si
373 2665 405 2726 te
424 2667 458 2728 et
479 2657 623 2749 reliquis
644 2657 764 2728 itidem
780 2679 866 2728 vera
886 2659 1033 2750 loquens
1055 2680 1125 2729 non
1143 2681 1270 2752 peper-

187 2797 280 2859 cero,
300 2776 545 2869 indignationis
572 2780 675 2850 iustae
696 2779 874 2850 materiam
903 2802 971 2850 non
998 2778 1148 2850 habebit.
1168 2780 1271 2851 Iuvat

187 2898 367 2970 vobiscum
392 2902 555 2994 colloqui,
578 2901 650 2974 Viri
673 2903 841 2988 illustreS,
868 2903 1022 2994 qualium
1044 2905 1156 2972 omnis
1181 2911 1268 2973 aetas

171 3023 367 3112 penuriam
394 3045 499 3115 passa
523 3033 589 3109 est,
617 3036 737 3097 nostra
762 3047 848 3095 vero
874 3024 1106 3116 ignorantiam
1132 3035 1167 3094 et
1193 3027 1270 3096 exi-

188 3144 294 3212 mium
313 3146 442 3235 patitur
461 3147 647 3218 defectum.
667 3148 768 3219 Certe
784 3171 851 3239 ego
868 3148 1023 3238 quotidie
1040 3168 1105 3218 vos
1122 3149 1268 3240 loquen-

188 3276 242 3339 tes
259 3267 424 3336 attentius
446 3287 550 3357 quam
571 3268 663 3340 credi
682 3271 794 3362 possit
815 3271 934 3354 audio,
956 3274 1043 3341 forte
1063 3292 1131 3341 nou
1153 3271 1267 3362 inepte

188 3401 225 3459 ut
250 3389 325 3481 ipse
351 3388 493 3459 avobis
520 3393 624 3460 semel
651 3392 773 3463 audiar
799 3393 1002 3485 optaverim.
1026 3393 1120 3462 luter
1144 3412 1267 3461 omnes

188 3512 342 3604 quidem,
361 3512 420 3604 qui
443 3514 535 3582 clara
556 3513 694 3582 nomina
710 3513 912 3601 habuerunt
938 3525 1032 3585 tuum
1055 3534 1181 3584 nomen
1207 3513 1268 3584 ad·

186 3631 438 3703 numerandum
460 3653 543 3703 csse
566 3654 636 3702 non
670 3654 747 3703 som
769 3633 923 3720 nescius,
946 3634 1049 3726 idque
1072 3635 1101 3703 si
1127 3633 1266 3705 aliunde

186 3755 375 3836 nescirem,
396 3776 522 3846 magno
536 3754 686 3846 quodam
702 3769 736 3826 et
748 3764 893 3829 externo
909 3766 997 3827 teste
1011 3755 1172 3846 cognovi.
1189 3756 1268 3826 Plu·

186 3877 328 3948 tarchus
343 3877 516 3970 siquidem
533 3878 675 3948 Graecus
690 3879 794 3950 homo
807 3889 842 3950 et
858 3879 994 3950 Traiani
1011 3879 1177 3972 principis
1195 3901 1268 3949 ma-

187 3998 304 4085 gister,
320 4019 401 4070 suos
415 4002 528 4072 claros
544 4001 637 4071 viros
652 4000 782 4072 nostris
796 4003 978 4073 conserens
995 4023 1072 4072 cum
1087 4002 1222 4072 Platoni
1235 4011 1269 4071 et

128 4144 136 4217 j
188 4113 361 4190 Aristoteli
385 4122 546 4213 (quorum
567 4122 715 4213 primurn
734 4122 901 4207 divinum,
924 4123 1114 4195 secuudum
1137 4123 1268 4194 daemo·
