2730 4680
314 335 404 381 mum
428 334 820 382 transimus-nmmum
846 335 906 382 uu.
1074 406 1075 409 Ἴ
1130 322 1168 384 ⁹29

88 469 175 540 modi
209 491 281 559 quo
315 469 440 559 potasti
480 470 630 556 animam
669 471 824 543 dulciora
858 471 928 542 tuis
962 494 982 542 e
1018 471 1170 543 lontibus

86 602 326 687 expectantem
347 603 535 686 utcumque
550 593 653 664 lando
667 594 836 685 digeram,
853 594 881 664 si
897 592 1040 687 possim.
1057 594 1171 664 Prima

85 716 238 807 epistolae
257 725 327 786 tuae
345 737 425 808 pars
444 716 479 785 in
498 715 700 787 memoriam
716 717 907 788 iuventutis
926 736 1014 787 meae
1029 727 1171 810 tnaeque

86 842 137 910 rel
158 839 319 932 pueritiae
339 840 398 908 vel
417 837 663 911 adolescentiae
687 860 743 908 me
769 838 930 921 reduxit3
955 838 1015 910 ubi
1039 851 1169 933 quauta

88 962 165 1032 milri
198 983 262 1054 per
295 961 329 1031 id
362 973 501 1053 tempus
527 963 681 1052 egregiae
708 972 778 1034 tuae
806 962 931 1033 indolis
957 961 1167 1044 excitandae,

86 1084 292 1156 adiuvandae
312 1093 416 1175 atque
441 1081 604 1154 omuibus
630 1083 742 1156 modis
768 1083 966 1166 attollendae
990 1105 1073 1153 cura
1095 1086 1170 1153 fue·

88 1211 140 1294 rit,
162 1231 233 1302 quo
255 1208 386 1293 studio,
410 1207 539 1300 quibus
560 1207 694 1279 artibus
716 1207 760 1278 ad
782 1208 929 1280 solidum
945 1190 1082 1278 ‘cibum
1098 1219 1129 1279 te
1149 1230 1170 1277 a

87 1332 213 1424 liquido
234 1334 322 1403 lacte
342 1331 582 1423 provexerim‚
609 1353 714 1423 quam
739 1331 890 1423 denique
913 1352 1052 1423 semper
1076 1341 1109 1402 te
1136 1333 1168 1400 in

87 1455 201 1548 primis
225 1455 422 1540 habuerim,
448 1457 502 1547 pia
527 1468 562 1526 et
586 1456 730 1526 memori
756 1450 935 1546 diligentia
963 1452 1169 1548 prosecutus

87 1601 132 1648 es.
145 1579 222 1669 Ego
235 1589 365 1662 antem,
380 1579 504 1661 fateor,
516 1579 551 1647 in
563 1599 680 1648 amore
694 1598 859 1648 cessurus
878 1578 1021 1663 nemini,
1038 1579 1072 1647 in
1090 1599 1170 1670 pro·
1261 1588 1265 1596 “

88 1705 171 1772 lectu
196 1701 280 1770 nihil
303 1700 442 1771 omuino
464 1700 546 1769 mihi
568 1721 706 1790 arrogo.
730 1699 852 1772 Totum
874 1701 908 1769 in
930 1709 963 1771 te
983 1702 1170 1792 quantum-

87 1845 219 1917 cunque
240 1834 309 1906 est,
333 1822 426 1914 quod
448 1845 510 1916 pro
525 1823 688 1917 'tempore
715 1824 862 1894 multum
889 1844 970 1893 esse
997 1826 1166 1914 gratulor,

88 1969 149 2016 uon
170 1969 239 2038 ego
261 1945 347 2040 (nisi
368 1949 456 2017 forte
476 1945 663 2037 gaudendo
683 1957 719 2018 at
738 1944 898 2017 mirando
919 1956 954 2016 et
978 1945 1166 2029 laudando,

88 2072 140 2161 qni
175 2091 277 2142 acres
304 2069 432 2141 stimuli
461 2066 639 2161 generosis
672 2069 798 2141 animis
825 2091 906 2142 esse
933 2070 1070 2164 solent),
1098 2091 1165 2175 non

88 2194 176 2285 quod
210 2194 320 2264 sciam
351 2195 438 2265 alter
467 2195 667 2285 quicunque
700 2194 913 2276 mortalium,
949 2191 1011 2265 sed
1047 2191 1166 2263 divina

89 2316 226 2407 largitas
248 2329 284 2387 et
304 2316 396 2407 iugis
418 2314 516 2388 labor
536 2317 762 2408 ardentisque
784 2318 839 2388 vis
857 2317 985 2409 ingenii
1005 2316 1052 2387 tui
1074 2315 1164 2387 lecit.

88 2440 181 2522 Quod
208 2464 288 2512 cuin
315 2442 361 2511 ita
388 2441 445 2522 sit,
474 2441 612 2531 gaudeo
635 2452 748 2512 tamen
776 2440 836 2512 tibi
857 2440 956 2512 aliter
977 2438 1104 2524 videri,
1131 2448 1167 2508 et

87 2565 230 2636 delatam
249 2565 344 2636 falsis
363 2563 443 2635 licet
458 2585 503 2634 ex
524 2564 649 2636 tabulis
668 2575 774 2635 tautae
792 2564 913 2655 gloriae
927 2562 1165 2634 haereditatam

88 2709 150 2758 non
177 2675 309 2760 invitus
334 2686 432 2756 adeo.
455 2687 573 2779 ltaque
595 2688 766 2779 quidquid
786 2687 820 2757 in
842 2711 879 2758 re
903 2686 959 2769 sit,
983 2688 1048 2758 hac
1069 2695 1164 2758 tuaa

88 2821 179 2901 tergo
213 2812 412 2882 relictarum
440 2832 557 2880 rerum
583 2812 912 2883 commemoratione
938 2824 1006 2881 tam
1029 2809 1164 2893 sedula,

87 2945 117 3003 et
137 2935 201 3005 lroc
225 2934 281 3005 tali
306 2942 365 3004 tuo
385 2932 584 3004 testimonio
605 2933 650 3006 de
673 2956 727 3005 me
749 2933 832 3004 nihil
854 2934 969 3004 animo
992 2954 1069 3003 meo
1088 2931 1167 3003 dul-

87 3055 171 3141 cius,
194 3055 281 3125 nihil
303 3065 438 3147 poterat
462 3077 544 3137 esse
566 3056 763 3128 iucundius.
787 3048 854 3127 Sed
870 3055 963 3127 'hauc
984 3056 1067 3127 mihi
1089 3048 1168 3128 dul-

87 3177 238 3248 cedinem
256 3190 386 3269 quanta
405 3169 564 3271 protinus
581 3178 776 3248 amaritudo
789 3177 997 3270 resperserit
1015 3178 1166 3249 dicerem

87 3301 302 3392 expressius⁷
330 3299 397 3370 nisi
430 3301 524 3392 apud
551 3313 583 3370 te
609 3300 721 3393 ipsum
748 3296 923 3393 loquerer,
951 3302 1011 3393 qui
1032 3300 1165 3372 eisdem

88 3423 116 3491 in
129 3426 254 3496 litteris
270 3424 453 3517 utriusque
470 3423 555 3493 mihi
573 3423 753 3494 materiam
774 3424 968 3518 praebuisti.
988 3425 1165 3516 Attingam

88 3555 205 3620 tamen.
229 3549 323 3618 Dicis
345 3569 430 3638 ergo
450 3543 687 3640 aliis‘qnidem
719 3547 855 3632 verbis,
884 3549 946 3620 sed
973 3550 1039 3619 hac
1065 3549 1167 3640 plane

89 3671 271 3755 sententia,
307 3681 342 3742 et
373 3670 422 3740 sic
455 3670 542 3740 dicis
569 3685 607 3741 ut
635 3671 757 3743 ludens
792 3674 913 3742 valeas
943 3671 1070 3755 videri,
1099 3670 1167 3740 nisi

88 3795 162 3884 qma
181 3793 314 3865 obnixo
336 3795 439 3863 nimis
460 3802 495 3864 at
517 3794 609 3865 serio
631 3795 747 3864 stilum
771 3793 864 3885 figis,
890 3817 952 3877 me,
975 3795 1168 3864 alternante

88 3930 117 3987 ct
150 3926 318 3991 versante
356 3939 413 3987 res
452 3916 623 3989 humanas
662 3920 731 3988 lato
766 3918 810 3988 ad
843 3936 990 4008 magnas
1027 3914 1168 3987 divitias

88 4054 240 4115 evectum
259 4042 419 4114 celsioris
439 4052 551 4113 status
568 4053 602 4114 ct
619 4039 847 4113 aedificiorum
868 4040 996 4132 insigni
1017 4039 1168 4134 quadam

90 4164 251 4254 elegantia
288 4163 511 4249 gloriantem,
549 4174 580 4235 le
613 4164 688 4234 omli
725 4163 835 4256 ipsius
870 4164 1089 4236 inclementia
1121 4185 1166 4233 ex
