2992 4664
362 310 453 356 Lllllill
475 308 841 365 leESlllllsuunltlus.—
860 308 1013 356 EPISTULA
1031 310 1071 356 lx.
1159 275 1161 281 V
1193 299 1253 361 ⁰383

483 601 486 606 .
556 612 558 617 ⁴
588 545 766 609 uvlslutn
788 547 832 608 lli.

297 693 490 763 uanuclsous
512 693 681 743 ruratacn
704 694 808 748 asinio
831 694 977 743 populoru
999 696 1024 744 s.
1047 697 1074 743 P.
1097 698 1126 746 n.

91 918 92 921 Ἴ
197 858 377 931 Amplissima
392 844 451 911 eius
466 856 597 933 doctrinae
613 863 640 911 el
655 873 750 911 rerum
766 856 833 911 belli
848 855 979 926 domique
996 859 1135 925 gestarum
1149 854 1219 908 laus,

348 946 508 1016 Obiurgatio
522 932 631 999 invidiae
647 962 702 1016 qua
712 943 846 1000 laboravit
860 943 889 997 in
904 928 1075 998 Ciceronem.

263 1187 352 1254 Dum
373 1184 530 1255 venisset
550 1182 584 1250 in
607 1184 760 1252 animum
780 1195 817 1252 ut
837 1181 1065 1253 familiaribus
1093 1182 1250 1276 epistolis

166 1307 436 1399 aliquotprocul
456 1303 622 1374 absentes
639 1303 767 1395 eloquii
788 1302 910 1385 duces,
930 1313 962 1373 el
985 1325 1065 1373 rara
1090 1305 1248 1396 quaedam

165 1431 295 1520 linguae
328 1429 425 1499 Italae
457 1437 664 1499 ornamenta
696 1429 962 1519 complecterer,
991 1427 1127 1499 silentio
1154 1437 1248 1498 tunm

164 1573 291 1621 nomen
312 1549 462 1621 obruere
484 1550 604 1635 nolim,
623 1549 719 1641 quod
740 1549 1169 1641 magnorumtestimonio
1192 1569 1251 1622 su-

163 1674 294 1767 premis
315 1693 455 1764 quoque
476 1671 675 1742 nominibus
693 1695 757 1764 par
778 1672 966 1742 videbam:
996 1671 1060 1742 sed
1086 1674 1250 1764 'quoniam

163 1819 255 1890 pene
276 1796 370 1866 nuda
391 1815 509 1865 rerum
531 1794 575 1864 ad
594 1814 658 1864 nos
681 1806 818 1865 tuarum
837 1798 928 1864 fama
943 1804 1162 1885 pervenerat,
1178 1819 1251 1866 ma-

164 1919 289 2010 gisque
310 1921 456 1989 aliorum
481 1918 620 2011 scriptis
640 1916 759 1987 adiuta
779 1938 884 2007 quam
908 1917 988 1999 tuis,
1013 1915 1106 2007 quod
1135 1919 1249 2009 ipsum

165 2042 287 2112 merito
308 2042 397 2131 inter
417 2041 487 2111 aevi
505 2040 614 2110 nostri
637 2037 789 2131 pudores
810 2062 850 2110 ac
871 2039 997 2112 damna
1021 2041 1101 2130 quis
1128 2064 1250 2111 uume-

163 2173 230 2248 ret‚
250 2162 358 2232 breve
379 2157 483 2233 fuerit
502 2159 597 2253 quod
618 2169 734 2231 tecum
756 2160 847 2253 loqui
871 2160 990 2231 habui.
1005 2160 1079 2230 Tibi
1108 2160 1250 2253 quidem

164 2280 338 2357 consulari
366 2286 495 2377 pariter
520 2301 560 2354 ac
588 2282 785 2375 triumphali
811 2284 898 2366 viro,
928 2305 1006 2354 cum
1033 2305 1097 2378 pro
1123 2285 1250 2354 summi

164 2407 293 2498 ingenii
308 2407 511 2500 floridaeque
527 2406 698 2478 facundiae
713 2406 875 2478 laudibus
889 2429 1021 2500 proque
1039 2407 1117 2479 aliis
1131 2407 1249 2478 mullis

163 2531 318 2621 corporis
340 2539 444 2621 atque
464 2526 570 2600 animi
592 2532 810 2623 fortunaeque
826 2529 992 2615 dotibus,
1016 2542 1092 2602 tum
1118 2552 1181 2625 pro
1207 2553 1250 2603 eo

162 2652 360 2744 expressim
383 2654 550 2740 gratulor,
574 2651 668 2744 quod
690 2652 756 2724 sub
777 2655 908 2746 optimo
926 2663 963 2723 et
985 2654 1181 2726 studiorum
1208 2677 1250 2726 ac

163 2773 331 2844 virtutum
357 2773 598 2846 amantissimo
630 2777 782 2870 principe
818 2775 964 2859 vixisti,
998 2779 1247 2851 aestimatorem

164 2918 281 2967 rerum
295 2906 420 2964 nactus
433 2895 609 2967 idoneum.
625 2896 789 2966 Obtfelix
804 2898 865 2988 qui
879 2895 993 2967 adbuc
1008 2898 1166 2968 incolumi
1177 2899 1247 2970 Au·

58 3103 63 3111 .
163 3025 269 3109 gusto
283 3016 409 3084 iustam
425 3016 568 3087 vivendi
583 3038 780 3087 mensuram
796 3028 989 3102 assecutus
1009 3022 1247 3111 octuagesimo

79 3196 82 3200 .
164 3139 278 3210 aetatis
300 3159 391 3208 anno
409 3138 444 3207 in
465 3137 664 3208 Tusculano
686 3161 766 3210 rure
792 3142 994 3232 praeclaram
1025 3141 1131 3213 vitam
1152 3154 1246 3214 trau-

162 3262 271 3355 quillo
288 3260 456 3333 claudens
478 3259 589 3345 exitu,
608 3262 754 3332 evasisti
775 3254 1082 3337 cruentasTiberii
1108 3287 1243 3350 manus,

164 3386 198 3454 in
218 3405 307 3478 quas
328 3383 471 3455 Asinius
485 3383 603 3454 Gallus
617 3395 734 3456 orator
747 3386 880 3470 incidit,
895 3389 1045 3459 infausta
1058 3386 1243 3478 progenies

164 3518 235 3590 tua,
256 3527 362 3597 quem
383 3505 469 3576 diris
491 3505 535 3587 ab
565 3506 623 3577 illo
656 3509 834 3602 suppliciis
867 3518 1048 3579 enecatum
1081 3507 1242 3596 legimus.

161 3629 257 3698 >Bene
278 3628 372 3720 quud
393 3628 426 3697 in
450 3637 564 3698 lautas
587 3628 746 3700 miserias
769 3629 930 3722 vergenti
950 3630 1018 3699 iam
1034 3628 1104 3697 fato
1120 3649 1245 3719 perop-

165 3761 312 3841 portuna
330 3771 424 3820 mors
446 3750 567 3834 adfuit,
590 3773 671 3842 quae
692 3753 812 3822 oculos
835 3763 913 3823 tuos
933 3754 1055 3822 saltem
1071 3761 1139 3821 lam
1156 3749 1242 3821 tristi

165 3877 361 3966 spectaculo
382 3873 557 3944 liberaret.
578 3875 703 3945 Paucis
735 3873 993 3968 expectandum
1027 3874 1129 3942 aunis
1158 3882 1241 3952 erat,

166 4006 202 4065 ut
223 3997 469 4067 maestissimus
492 3997 563 4066 nali
585 4017 702 4067 comes
729 4008 789 4067 aut
811 4007 981 4089 spectator
1004 3993 1117 4065 freres.
1137 3995 1242 4064 Cuius

164 4126 290 4186 ‹rrreutu
315 4117 370 4208 lsi,
387 4128 425 4189 ut
438 4120 649 4210 quibusdam
666 4117 880 4211 sapientibus
896 4118 1011 4188 visum
1039 4128 1107 4202 est,
1130 4117 1242 4187 extin-
