2940 4650
595 732 771 798 EPISTOLA
793 736 816 795 1.

291 970 483 1021 ranuclscus
504 969 672 1022 Parauaea
692 973 814 1022 POPULO
835 971 966 1022 ΗΟΜΑΝΟ
988 973 1014 1021 S.
1036 972 1063 1020 P.
1086 973 1116 1021 D.

171 1184 302 1242 Hortatur
324 1192 356 1242 ul
377 1187 488 1242 Nicolao
521 1187 661 1243 Laurentii
687 1188 717 1243 in
746 1188 854 1244 vincula
883 1189 1005 1244 coniecto
1039 1205 1121 1260 opem
1151 1187 1240 1256 serat,

274 1274 388 1346 eiusque
415 1291 525 1331 causam
548 1276 645 1330 Romae
667 1275 886 1347 cognoscendam
909 1281 1003 1331 avocet
1026 1292 1043 1331 a
1067 1276 1143 1332 curia
1168 1276 1241 1330 Ave·

273 1379 407 1418 monensr.

266 1763 369 1855 Apud
393 1761 608 1855 tequidem,
640 1761 867 1833 invictissime
891 1758 1108 1856 domitorque
1136 1772 1242 1835 terra-

168 1908 245 1957 rum
277 1887 406 1981 Populo
443 1906 557 1968 meus,
592 1884 683 1977 apud
708 1894 741 1955 te
770 1888 858 1956 elam
884 1886 1003 1977 paucis
1038 1907 1095 1956 res
1115 1906 1242 1976 magna

168 2007 346 2080 tractanda
375 2022 439 2080 est.
468 2006 648 2078 Advortite
673 2008 822 2089 animos,
855 2029 980 2099 quaeso
1016 2006 1242 2101 obtestorque

167 2153 244 2216 νος,
264 2131 329 2202 viri
347 2131 541 2202 clarissimi.
558 2131 682 2203 Vestra
696 2152 753 2201 res
774 2130 902 2222 agitur,
926 2152 1063 2222 magua,
1085 2131 1238 2223 iuquam,

166 2276 230 2324 neo
251 2257 362 2325 solum
385 2275 524 2345 magna,
557 2253 621 2324 sed
645 2253 813 2335 maxima,
846 2263 880 2323 et
901 2252 955 2323 oui
974 2252 1008 2322 in
1027 2252 1128 2323 terris
1150 2254 1242 2325 nulla

165 2396 229 2468 par
245 2397 326 2447 esse
352 2387 475 2470 potest.
497 2376 593 2448 Neve
613 2374 757 2449 forsitan
780 2375 910 2447 sciendi
936 2376 1059 2449 avidos
1079 2386 1242 2468 expecta-

166 2498 259 2570 tione
279 2482 473 2585 eonficiam‚
505 2510 565 2583 aut
591 2522 666 2571 rem
693 2512 816 2592 suapte
845 2510 969 2572 natura
991 2499 1241 2593 permaximam

166 2624 256 2695 nitar
285 2621 402 2694 verbis
436 2645 581 2717 augere:
614 2621 872 2718 praefationibus
899 2620 1039 2693 omissis
1068 2621 1240 2714 adipsum

166 2769 239 2817 rem
260 2747 372 2817 venio.
392 2746 564 2819 Tribunus
591 2747 671 2818 olim
697 2756 832 2827 vester,
860 2768 953 2815 nune
982 2745 1140 2837 captivus
1159 2745 1241 2816 alie-

166 2888 233 2936 nus
252 2867 308 2960 (oh
323 2870 329 2935 l
351 2869 448 2939 triste
466 2867 723 2961 spectaculum),
743 2890 806 2938 ceu
824 2868 880 2937 fur
896 2874 1085 2936 nocturnus
1103 2876 1163 2936 aut
1179 2888 1241 2960 pa-

169 2991 244 3059 triae
265 2988 431 3081 proditor,
453 3012 499 3060 ex
531 2991 679 3060 vinculis
712 3010 853 3059 causam
876 2989 973 3072 dicit,
1002 2998 1037 3059 et
1057 2974 1136 3082 quae
1157 2990 1241 3060 nulli

168 3133 320 3204 unquam
344 3112 512 3203 sacrilego
530 3121 703 3206 praerepta
715 3122 783 3197 est,
804 3110 893 3204 apud
913 3100 1045 3186 iudices
1063 3113 1157 3185 orbis
1172 3125 1241 3185 ter-

168 3257 297 3316 rarum,
320 3246 354 3306 et
376 3233 515 3305 iustitiae
536 3234 720 3326 magistros
741 3235 842 3307 iustae
869 3235 933 3307 sibi
961 3236 1170 3308 defensionis
1192 3238 1241 3306 la-

167 3360 279 3429 cultas
297 3357 450 3453 eripitur.
473 3360 537 3430 Est
557 3359 613 3430 ille
635 3362 722 3430 sorte
742 3381 810 3431 non
831 3360 996 3451 indignus
1022 3361 1098 3430 haec
1117 3380 1241 3451 perpe-

170 3483 209 3567 ti,
226 3479 284 3573 qui
304 3480 337 3549 iu
360 3501 423 3551 suo
436 3480 575 3572 ingenio
596 3483 749 3575 suisque,
769 3492 807 3552 ut
828 3482 873 3556 ita
894 3482 1054 3567 dixerim,
1078 3482 1238 3554 manibus

168 3607 352 3698 plantatam
375 3613 410 3676 et
434 3605 502 3675 iam
525 3605 712 3677 radicatam
725 3605 973 3699 florentemque
994 3605 1239 3701 rempublicam

167 3728 201 3798 in
222 3727 298 3820 ipso
319 3727 560 3819 gloriosissimi
583 3751 768 3802 successus
800 3731 884 3801 flore
910 3728 1076 3801 destituit.
1111 3728 1156 3801 At
1178 3730 1241 3798 mi·

166 3852 259 3921 nime
280 3849 384 3942 digna
406 3861 460 3921 est
482 3852 604 3935 Roma,
625 3853 723 3924 ouius
745 3854 824 3924 olim
847 3853 943 3924 cives
962 3855 1038 3946 lege
1060 3853 1241 3925 iuviolabi-

167 3972 216 4042 les
238 3982 273 4043 et
293 3971 461 4065 supplicio
478 3974 643 4067 exempti,
666 3997 759 4045 nunc
779 3995 848 4047 non
879 3975 984 4046 modo
1003 3975 1077 4048 sine
1098 3975 1239 4047 sceleris

167 4090 318 4180 infamia,
343 4096 405 4167 sed
427 4098 532 4170 multa
554 4119 690 4191 quoque
715 4120 793 4169 curn
821 4098 922 4171 laude
945 4099 1082 4173 virtutis
1109 4100 1238 4193 passim
