2992 4664
158 317 159 320 ¹
201 302 260 361 :llll
521 315 560 360 ou
583 315 683 362 rtuous
705 315 927 364 attitulemus

201 456 333 546 gradus
352 456 458 538 affert,
483 457 568 526 tales
587 454 737 526 honores
751 456 882 528 ambiat
896 454 1024 547 ingenii
1040 459 1197 530 altitudo.
1215 461 1286 532 Sed

202 601 268 648 non
291 578 337 647 ita
358 589 427 649 est:
462 576 519 650 illa
550 588 667 649 turres
693 588 728 648 et
749 580 848 649 aulas
879 578 1013 670 spernit
1046 579 1222 667 indoctaS,
1250 598 1286 654 et

201 700 342 772 deserto
364 701 504 791 tugurio
536 701 738 772 delectatur.
762 699 862 784 Quod
883 701 927 772 ad
954 724 1010 772 me
1045 702 1183 787 attinet,
1218 706 1285 776 etsi

202 836 296 896 tanto
313 823 452 916 hospite.
473 846 541 894 non
559 846 615 894 me
636 824 776 915 digner,
800 835 915 895 tamen
929 834 962 894 te
975 826 1032 894 vel
1047 845 1211 915 graecum,
1226 830 1283 897 vel

200 968 271 1037 qua
291 947 394 1029 licuit,
418 947 560 1017 latinum
583 945 677 1016 dorni
700 944 825 1030 habeo,
849 945 957 1030 brevi,
982 956 1019 1016 ut
1040 968 1151 1041 spero,
1172 955 1283 1018 totum

201 1066 396 1150 habiturus,
421 1067 449 1137 si
473 1068 664 1138 Thessalus
700 1079 782 1138 tuus
811 1078 924 1159 coepta
956 1069 1141 1160 peregerit.
1175 1071 1221 1138 Et
1246 1083 1285 1141 ut

204 1192 389 1261 secretiore
410 1189 507 1261 aditu
534 1201 566 1261 te
586 1192 769 1262 locandum
789 1192 896 1273 seius,
932 1191 1060 1279 aqimae
1092 1192 1209 1264 medio
1231 1215 1285 1262 re-

202 1313 417 1406 ceptaculum
441 1310 502 1381 tihi
522 1288 725 1382 avidissime
752 1332 897 1402 prorsus
928 1333 969 1380 ac
1000 1314 1286 1384 reverentissime

202 1433 417 1527 praeparavi:
439 1433 483 1504 ad
505 1455 676 1503 summam
698 1454 798 1503 umor
817 1433 862 1504 ad
884 1445 918 1505 te
938 1454 1039 1503 meus
1061 1435 1134 1503 sole
1160 1435 1286 1506 clarior

202 1555 461 1645 ferventiorque
490 1565 557 1636 est,
580 1555 766 1624 aestimatio
800 1556 923 1645 ingens
944 1566 982 1625 ut
1007 1555 1135 1625 nullius
1162 1559 1283 1628 maior.

205 1679 289 1746 Haec
306 1676 376 1759 tibi,
400 1676 471 1746 dux
495 1684 674 1770 paterque,
696 1677 777 1766 quia
800 1677 1119 1770 potuietpraestiti:
1135 1678 1285 1750 liberare

205 1811 237 1872 te
256 1799 395 1891 vulgari
418 1796 580 1880 ludibrio,
602 1797 973 1889 praeterquamquod
998 1809 1070 1868 tuae
1097 1797 1286 1889 singularis

202 1935 307 2016 atque
327 1922 441 1993 unicae
462 1919 575 1991 laudis
602 1920 795 1991 imminutio
827 1924 945 1992 futura
978 1922 1037 2004 sit,
1073 1942 1142 1991 non
1169 1945 1285 1993 meum

203 2056 296 2116 certe
313 2065 379 2114 neo
398 2043 543 2115 alterius
562 2052 633 2113 est:
660 2043 728 2114 nisi
754 2045 814 2136 qui
839 2045 950 2136 possit
983 2045 1079 2135 vulgi
1110 2046 1287 2118 furoribus

203 2162 306 2236 finem
327 2163 427 2235 dare:
448 2162 543 2254 quod
559 2184 772 2255 quamquam
787 2164 954 2257 possibile
965 2168 1038 2236 Deo
1060 2167 1114 2251 sit,
1129 2189 1195 2237 nec
1208 2169 1289 2239 fecit
1418 2239 1422 2250 ,

204 2296 320 2357 tamen
341 2286 524 2370 hactenus,
545 2295 629 2378 puto
655 2308 720 2357 nec
746 2287 854 2357 faciet.
882 2287 986 2357 Multa
1014 2287 1089 2358 dixi
1115 2291 1215 2380 quasi
1243 2289 1287 2361 ad

203 2418 432 2502 praesentem;
458 2408 521 2478 sed
542 2407 608 2478 iarn
632 2409 676 2480 ab
694 2409 759 2480 illa
783 2410 1092 2482 vehementissima
1116 2410 1287 2504 imagina-

205 2531 295 2599 tione
318 2526 473 2612 redienS,
496 2552 600 2623 quam
624 2532 726 2622 longe
761 2531 857 2603 absis
890 2532 1056 2623 intelligo,
1090 2554 1287 2625 vereorque

205 2673 247 2721 ne
275 2659 344 2720 tam
366 2652 474 2723 multa
495 2651 529 2722 iu
550 2652 706 2723 tenebris
726 2675 823 2745 aegre
843 2657 956 2744 legas,
981 2655 1050 2726 nisi
1069 2655 1152 2747 quia
1179 2660 1289 2728 multa
1378 2752 1381 2756 ι

205 2774 288 2843 mihi
309 2772 413 2844 etiam
435 2774 620 2866 scripsisse
641 2787 675 2846 te
696 2775 809 2847 video.
825 2778 1004 2848 AEternum
1025 2778 1115 2860 vale,
1130 2777 1289 2870 Orphea-

203 2919 273 2989 que
293 2897 476 2969 etlinun
504 2907 539 2968 et
564 2897 764 2990 Euripidem
786 2921 827 2969 ae
849 2900 1002 2992 reliquos
1022 2899 1179 2999 comiter,
1208 2922 1288 2971 cum

205 3020 239 3088 in
260 3031 355 3090 tuam
381 3021 501 3090 sedem
524 3021 676 3104 veneris
705 3023 844 3092 salvere
870 3021 962 3091 iube.
985 3019 1088 3113 Apud
1114 3042 1286 3114 superos:

205 3141 320 3210 medio
340 3141 493 3211 amnium
516 3143 787 3215 clarissimorum
803 3144 897 3229 Padi,
914 3143 1030 3228 Ticini,
1052 3141 1188 3213 Ahduae
1203 3145 1290 3214 alio-

206 3281 354 3352 rumque
373 3260 466 3331 unde
486 3262 629 3353 quidam
650 3263 886 3336 Mediolanum
907 3264 975 3337 diei
988 3264 1192 3333 voluntllll
1207 3263 1290 3335 ldus

205 3381 363 3454 Octobris
397 3404 489 3454 anno
517 3384 630 3455 aetatis
662 3386 794 3458 ultimae
827 3385 1010 3457 millesimo
1043 3385 1290 3456 trecentesimo

207 3503 442 3597 sexagesimo.
1090 3519 1092 3525 ·
