2940 4650
552 529 729 594 EPISTULA
750 529 830 591 LXV.

287 702 291 707 ’
382 699 575 749 Futnutscus
595 699 764 751 Paresaca
784 699 826 749 AD
847 699 996 751 IGNOTUM.

384 865 465 920 Mittit
479 883 589 920 versum
605 865 713 936 Eglogae
727 866 752 919 X
767 867 980 938 adiungendum.

252 1082 294 1163 Ut
314 1084 403 1154 inter
423 1094 472 1154 tot
500 1085 669 1154 maiorum
692 1104 806 1154 rerum
828 1049 931 1156 ouras
964 1089 1171 1181 profundam
1195 1103 1230 1163 et

154 1204 387 1289 inexaustam
410 1230 453 1278 ne
473 1206 586 1277 dicam
604 1228 856 1300 supervacuam
870 1220 906 1279 et
931 1209 1087 1282 inutilem
1108 1235 1227 1284 curam

154 1349 269 1400 rerum
291 1330 394 1400 etiam
424 1330 642 1401 minimarum
669 1329 803 1414 videas,
832 1333 917 1402 scito
949 1333 1043 1424 quod
1070 1355 1160 1406 anno
1181 1337 1230 1406 al·

155 1462 235 1535 tere,
250 1451 332 1524 dum
348 1452 576 1526 additationes
590 1453 665 1525 illas
680 1476 825 1545 magnas
839 1455 1005 1526 dictarem
1022 1457 1057 1526 in
1072 1456 1229 1531 bucolico

153 1577 305 1647 carmine
325 1596 429 1668 super
449 1577 530 1648 litus
551 1576 650 1647 sinus
670 1577 842 1661 Hadriaci,
858 1579 905 1649 ita
932 1590 969 1650 ut
994 1603 1086 1652 nunc
1107 1582 1229 1654 dexte·

102 1777 106 1787 ,
151 1721 227 1771 rum
249 1723 340 1771 nuuc
371 1700 549 1771 sinistrum
582 1696 704 1791 pedem
725 1701 879 1771 alternus
900 1701 1026 1772 fluctus
1057 1703 1225 1788 ablueret,

151 1823 207 1894 die
218 1822 471 1916 quodamdum
482 1825 570 1893 sorte
583 1820 677 1892 aliud
690 1842 840 1911 agerem,
855 1824 1005 1892 occurrit
1018 1824 1133 1894 animo
1147 1847 1227 1897 ver·
1328 1814 1331 1823 ’

152 1948 281 2018 siculus
312 1967 402 2018 unus
423 1945 621 2038 iungendus
643 1942 731 2027 aliie,
753 1964 793 2014 ac
814 1965 857 2013 ne
876 1942 1081 2029 elaberetur,
1104 1969 1225 2039 parum

151 2068 238 2142 fisus
257 2070 358 2142 etiam
381 2068 575 2139 senescenti
591 2065 785 2148 memoriae,
801 2064 835 2134 in
850 2065 1006 2159 margine
1026 2065 1152 2139 Africae
1166 2091 1227 2140 no-

150 2205 244 2278 strae,
280 2213 360 2286 quae
386 2213 470 2262 casu
496 2202 577 2262 tunc
603 2190 675 2261 sula
699 2187 830 2271 aderat,
850 2188 944 2258 illum
969 2190 1106 2282 scripsi,
1130 2201 1226 2263 ratus

150 2312 219 2386 fido
241 2317 315 2384 loco
334 2311 523 2404 repositum
546 2334 684 2407 semper
696 2313 740 2384 ad
760 2334 899 2383 manum
921 2315 1085 2385 futurum.
1107 2312 1226 2406 Longe

50 2458 54 2468 ·
148 2456 234 2507 vero
252 2435 350 2506 aliter
370 2433 509 2505 accidit:
527 2433 622 2527 quod
642 2435 742 2505 matri
762 2433 910 2510 familias
930 2454 1011 2526 quae
1026 2455 1118 2528 saepe
1131 2436 1226 2528 quod

148 2557 346 2650 diligentius
364 2556 531 2650 reposuit,
565 2558 666 2650 peius
700 2555 843 2625 invenit.
875 2555 1065 2628 Interiectis
1099 2557 1224 2630 diebus

147 2679 230 2752 dum
251 2682 345 2752 hunc
365 2701 461 2773 saepe
482 2691 517 2751 et
530 2679 657 2772 ubique
670 2678 737 2750 nisi
759 2677 818 2749 ubi
832 2687 907 2749 erat
920 2701 1126 2771 quaererem,
1140 2702 1223 2752 nus·

148 2824 252 2894 quam
285 2802 613 2895 hactenus‘reperi
649 2801 715 2870 nisi
749 2801 843 2892 quod
876 2800 986 2892 pridie
1007 2802 1090 2872 dum
1117 2802 1162 2872 de
1181 2824 1224 2874 eo

148 2925 232 2993 nihil
254 2925 402 3016 amplius
431 2925 633 3015 cogitarem,
661 2922 769 2994 oculis
793 2941 871 2992 sese
893 2921 978 2991 meis
1011 2921 1135 2994 obtulit
1156 2947 1223 2996 non

148 3048 222 3118 sinc
239 3047 313 3118 risu
326 3055 361 3117 et
377 3048 438 3118 ira.
454 3045 532 3117 Misi
548 3068 628 3117 eum
646 3055 717 3116 tum
733 3042 853 3114 amicis
871 3043 914 3113 de
926 3042 1120 3116 Mediolano
1137 3068 1222 3140 opu-

147 3174 279 3244 sculum
302 3170 385 3243 illud
417 3167 625 3242 habentibus
658 3178 693 3240 et-
725 3168 857 3237 Donato
879 3178 1006 3239 nostro.
1042 3169 1139 3240 Hunc
1160 3167 1220 3240 tibi

147 3293 345 3380 subscribo,
367 3315 472 3387 quem
493 3293 570 3365 sive
590 3288 858 3363 adscribendum
893 3290 1053 3372 duxeris,
1078 3292 1153 3360 sive
1184 3300 1221 3361 ut

145 3416 424 3509 intempestivum
444 3413 681 3499 reiioiendum,
705 3414 755 3485 tui
772 3413 839 3484 erit
856 3411 1000 3483 arbitrii.
1019 3412 1084 3482 Alii
1103 3421 1219 3483 autem

144 3561 274 3625 omnes
287 3523 455 3632 ¹quamvis
474 3559 552 3610 sero
571 3538 777 3621 venientem,
801 3544 1017 3631 receperunt.
1037 3536 1086 3604 De
1100 3534 1155 3605 his
1169 3536 1219 3604 lo-

143 3665 310 3755 quorqui
331 3662 516 3735 Mediolani
538 3671 630 3734 sunt.
665 3661 751 3731 Nam
787 3659 909 3729 Donati
944 3680 1048 3751 super
1073 3658 1138 3728 hoc
1164 3678 1218 3729 re-

144 3805 310 3877 sponsum
328 3805 396 3855 non
418 3783 540 3869 habeo,
562 3805 626 3854 neo
653 3793 799 3876 expecto
817 3779 907 3873 quia·
925 3780 1040 3851 statim
1062 3779 1143 3851 illuc
1161 3801 1213 3852 eo.

143 3910 206 3979 Est
224 3929 309 4000 ergo
325 3929 453 3979 versus
473 3905 616 3978 decimae
634 3907 778 3998 Eglogae
795 3904 979 3975 CCLXVll.
1004 3904 1037 3975 ni
1060 3925 1114 3973 me
1128 3904 1214 3976 fallit

91 4118 92 4123 Ἰ
143 4056 253 4121 mens,
276 4045 311 4107 et
332 4035 489 4128 sequitur
510 4035 556 4105 ita
573 4044 653 4126 post
673 4035 785 4104 illum:

298 4174 368 4238 llion
387 4189 532 4239 eversum
548 4174 730 4254 Troiamque
748 4192 764 4238 a
781 4173 874 4254 stirpe
891 4170 1062 4249 revulsam,
