2804 4656
221 289 278 350 186
559 302 600 349 nn
623 301 724 350 nunus
745 301 969 350 uluiuranutus

217 443 327 536 quaeri
346 444 475 536 possis,
495 455 526 514 te
546 453 702 515 notatum
721 445 872 537 posteris
892 445 1029 517 tradere
1043 468 1120 517 sum
1136 465 1302 524 ausurus

219 566 311 649 Quid
335 567 429 637 enim
458 566 550 657 agis,
581 587 644 637 oro
674 575 720 651 te,
750 567 891 639 Caesar?
916 567 1006 652 Quid
1032 568 1187 640 moliris?
1212 568 1304 651 Quid

217 690 412 762 cunctaris?
432 690 530 761 Unde
552 699 670 762 autem
690 691 757 760 nisi
780 701 839 761 tuo
859 688 904 759 de
924 689 1042 761 labore
1059 691 1204 782 gloriam
1224 713 1304 783 spe-

217 817 300 884 ras?
320 813 463 883 llliruml
486 815 571 884 tanti
589 813 693 884 animi
710 815 797 896 vim,
816 814 900 884 tanti
922 798 1068 884 acumen
1085 815 1215 906 ingenii
1233 837 1301 887 non

216 934 328 1007 dicam
347 934 513 1006 obtusum
530 937 564 1006 in
584 948 618 1008 te
637 936 742 1031 (absit
758 946 796 1007 ut
813 935 848 1005 id
866 934 1014 1029 verear),
1030 937 1091 1008 sed
1111 938 1181 1010 situ
1199 928 1304 1011 nimiu

216 1057 413 1149 rubiginem
443 1060 675 1131 contraxisse.
701 1060 929 1146 Undecimus,
954 1061 1020 1133 nisi
1048 1062 1165 1147 fallor,
1188 1083 1302 1133 annus

217 1182 332 1272 agitur
346 1203 401 1252 ex*
418 1203 488 1274 quo
502 1184 651 1275 primum
672 1205 792 1255 moras
814 1194 892 1255 tuas
911 1185 1079 1278 increpui,
1101 1185 1205 1258 homo
1221 1198 1302 1257 tuno

216 1306 415 1397 incognitus
439 1305 514 1391 tibi,
536 1306 598 1377 sed
619 1307 717 1378 nosci
738 1309 880 1401 cupiens
899 1315 935 1379 et
951 1317 1086 1380 amator
1102 1309 1250 1401 imperii:
1269 1321 1304 1381 et

217 1427 247 1497 si
268 1428 462 1505 libertatem
484 1449 597 1498 meam
619 1438 702 1500 tunc
721 1449 790 1499 non
811 1437 944 1500 tanturn
969 1429 1077 1499 tulisti
1099 1430 1162 1502 sed
1183 1428 1303 1502 lauda-

216 1550 273 1633 sti,
296 1558 391 1619 certe
412 1548 479 1619 iam
502 1549 700 1621 senioribus
720 1551 859 1622 etmihi
881 1553 960 1644 plus
980 1548 1164 1635 libertatis,
1187 1563 1223 1623 et
1242 1551 1303 1623 tibi

215 1668 452 1741 excusationis
485 1671 663 1764 aliquanto
694 1684 749 1744 est
781 1675 910 1743 minus.
945 1675 1075 1764 Relege
1107 1694 1188 1766 quae
1222 1683 1303 1744 tunc

219 1795 355 1887 scripsi.
378 1792 524 1866 Videbis
545 1806 675 1888 quanto
693 1794 754 1867 tibi
772 1778 864 1867 n‘unc
881 1796 1020 1888 singula
1039 1796 1303 1867 convenientius

215 1917 282 1988 dici
303 1918 451 2013 possint,
475 1941 518 1990 eo
539 1918 633 2012 quod
653 1932 688 1990 et
709 1919 848 1992 occasio
866 1921 990 2012 ingens
1011 1919 1300 2012 praetermittitur,

214 2052 250 2112 et
269 2042 348 2134 plus
369 2041 452 2113 vitae
479 2041 574 2126 abiit,
602 2044 718 2113 minus
744 2051 865 2114 restat.
891 2042 1013 2113 Nonne
1038 2041 1140 2113 vides
1166 2043 1302 2113 fluxum

216 2165 382 2259 temporis
396 2175 431 2236 et
442 2166 675 2260 praerapidum
689 2167 803 2238 aetatis
815 2164 1036 2256 lugam‘lNon
1051 2167 1160 2237 sentis
1173 2175 1303 2258 quanto

217 2287 335 2360 studio
360 2288 481 2359 virtuti
512 2288 663 2381 primum
688 2289 996 2380 conscientiaeque,
1023 2287 1149 2359 debinc
1181 2288 1303 2378 gloriae

218 2419 290 2479 tuae
309 2407 355 2480 de
376 2408 589 2502 posteritatis
610 2408 747 2481 iudiciis
768 2408 966 2479 vacandum
987 2409 1053 2479 sit?
1074 2407 1149 2478 Non
1170 2408 1303 2498 cogitas

218 2531 276 2603 ubi
291 2529 422 2601 abieris
437 2532 595 2622 solioque
607 2530 847 2614 descenderis,
863 2530 957 2624 quod
976 2530 1094 2624 utique
1106 2530 1303 2602 laciendum

217 2668 293 2739 est,
316 2676 429 2748 neque
446 2654 506 2725 tibi
521 2656 662 2726 reditus
683 2657 785 2727 ullam
813 2675 925 2748 spem,
948 2675 1063 2748 neque
1088 2654 1303 2726 successoris

217 2783 267 2852 tui
287 2780 467 2863 virtutem,
490 2780 591 2872 quod·
606 2779 753 2851 Traiano
774 2777 910 2850 dixisse
930 2780 1040 2848 fertur
1060 2797 1149 2849 anus
1170 2777 1227 2848 illa
1242 2777 1304 2846 mi-

217 2903 389 2988 serabilis,
409 2903 535 2996 pudori
555 2912 615 2974 tuo
637 2923 744 2995 posse
763 2905 969 2975 consulere‘.l

354 3043 432 3107 Cum
449 3041 544 3104 semel
560 3041 724 3116 occideris,
743 3042 827 3104 etde
844 3047 874 3102 te
892 3038 1047 3118 splendida
1062 3036 1159 3100 Minos

385 3181 389 3184 ‡
414 3139 533 3204 Fecerit
548 3140 691 3217 arbitria,

353 3237 435 3316 Non,
452 3238 620 3317 Torquate,
637 3255 748 3317 genus,
765 3252 826 3300 non
842 3243 872 3300 te
888 3235 1047 3313 facundia,
1064 3251 1125 3299 non
1142 3243 1172 3300 te

415 3335 564 3399 Restituet
581 3335 678 3416 pietas

215 3465 327 3559 inquit
347 3465 503 3535 Flaccus.
525 3463 602 3534 Non
622 3461 723 3533 audis
744 3461 950 3552 Virgilium:

355 3603 476 3684 Optima
493 3619 623 3681 quaeque
640 3602 706 3665 dies
722 3600 847 3664 miseris
864 3601 1044 3666 mortalibus
1061 3602 1121 3665 aevi

354 3702 457 3764 Prima
474 3700 575 3779 lugit‘l

215 3820 445 3914 eumdemque
460 3848 467 3889 :

356 3961 420 4024 Stat
436 3978 492 4024 sua
510 3961 625 4042 cuique
642 3962 725 4025 dies:
740 3963 836 4026 breve
854 3970 884 4025 et
901 3959 1100 4042 irreparabile
1116 3965 1240 4038 tempus

355 4061 505 4125 Omnibus
523 4069 568 4125 est
585 4063 674 4138 vitae,
693 4063 746 4126 sed
762 4063 877 4125 lamam
894 4058 1059 4124 extendere
1075 4056 1162 4121 lactis

233 4237 234 4240 Ἴ
356 4158 418 4222 Hoc
435 4159 561 4225 virtutis
579 4161 679 4242 opus‘l
