2940 4650
222 320 282 380 468
686 338 849 386 vnnrnnuu

224 475 352 546 siderio
365 478 538 559 lenienda
553 468 773 570 levandoque
787 476 930 568 gemitui
949 468 1070 548 visum
1092 485 1202 546 esset
1218 496 1323 566 expe-

223 590 335 681 dieus;¹
356 608 391 669 et
411 601 529 683 valuit,
553 611 593 672 ut
613 610 692 695 post
713 607 821 692 saepe'
842 600 1024 690 suspirans
1048 592 1242 690 uunquam
1264 597 1319 666 fle-

222 718 349 802 verim,
373 744 620 815 nunquamque
640 723 820 812 deinocps,
851 733 888 791 ut
913 741 1067 810 auguror
1088 732 1130 790 et
1152 721 1234 812 ipse
1256 721 1315 789 tale

216 841 365 932 ‚aliquod
391 837 539 915 fleturus
556 845 766 916 exhausisse
780 847 908 913 fontem
922 844 1005 912 mihi
1020 843 1131 914 video
1155 844 1313 914 lacrima·

223 958 312 1033 rum.
343 966 546 1057 Hanoergo
567 966 645 1037 licet
668 967 785 1037 utilem
808 964 909 1049 mibi,
944 978 1014 1035 tum
1042 960 1129 1055 quia
1155 975 1311 1035 nontam
1400 1024 1401 1027 ,

222 1083 382 1156 virilibus
402 1109 508 1180 quam
529 1087 703 1158 flebilibus
722 1087 903 1159 sententiis
931 1088 1030 1179 plena
1056 1098 1137 1158 erat
1158 1086 1307 1167 occului,

223 1204 337 1298 neque
357 1208 422 1279 bac
439 1219 542 1281 aetate
560 1210 644 1280 mihi
657 1213 811 1304 elapsam
835 1210 927 1293 sciri,
950 1231 1065 1301 neque
1080 1206 1150 1280 hac
1163 1210 1199 1279 iu
1214 1219 1308 1304 parte
1396 1264 1398 1271 ,

141 1350 143 1353 ’
223 1329 339 1420 operis
356 1332 424 1423 legi
447 1324 541 1402 illam
562 1331 793 1426 nue02nomine
810 1334 955 1424 dignum
977 1343 1084 1403 ratus.
1104 1333 1159 1402 Tu
1177 1333 1241 1424 qui
1256 1342 1308 1402 tuo
1414 1379 1420 1387 »

223 1444 299 1521 iure
332 1465 451 1523 nostra
481 1456 597 1526 omnia
630 1454 844 1528 familiariter
866 1456 995 1538 noscis,
1016 1454 1150 1546 quique
1174 1457 1307 1526 hisatii

221 1573 333 1644 nostri
353 1575 446 1645 curis
462 1578 749 1665 transcribendis,
769 1581 900 1671 primus
922 1579 1084 1648 animum
1097 1600 1139 1648 ac
1160 1577 1307 1669 digitum

223 1697 417 1787 applicasti,
436 1690 553 1788 nulla,
577 1715 614 1773 ut
637 1703 734 1796 puto',
757 1703 823 1799 alia
844 1723 882 1771 re
899 1702 1047 1782 illectae,
1067 1722 1179 1791 quam
1196 1701 1309 1773 narie

223 1830 292 1890 tate
313 1836 353 1891 ao
371 1824 542 1908 novitate,
579 1836 615 1896 tu
649 1848 669 1897 e
693 1824 836 1896 latebris
858 1825 893 1893 in
915 1823 1090 1915 publicum
1117 1823 1215 1895 illam
1246 1837 1308 1895 tra-

221 1941 287 2025 nis,
313 1934 416 2036 quam
439 1936 547 2038 quum
579 1960 648 2019 tuae
671 1925 852 2017 instantiae
872 1966 940 2016 nou
961 1944 1160 2034 negandam
1189 1947 1309 2017 deere-

222 2063 370 2150 vissem,
390 2090 431 2139 ao
446 2077 480 2138 te
502 2072 598 2160 prius
620 2092 725 2162 quam
746 2070 838 2140 illam
858 2070 1051 2161 scripturus
1068 2086 1122 2149 es,
1160 2059 1197 2138 et
1224 2068 1307 2139 alios

196 2189 283 2280 ‘qui
308 2191 428 2260 lecturi
463 2182 735 2263 commonendos
768 2189 983 2270 existimavi,
1024 2196 1062 2258 ut
1099 2191 1243 2261 sciretis
1277 2189 1308 2260 id

221 2312 335 2403 ipsum
354 2314 602 2385 consolationis
624 2317 657 2383 in
676 2336 718 2384 ea
735 2335 816 2385 esse
829 2314 924 2407 quud
936 2313 1211 2383 consolatorium
1227 2313 1306 2382 mihi

221 2445 328 2518 esset3
353 2436 402 2505 sic
423 2458 517 2506 eram
539 2426 630 2506 enim
644 2446 692 2507 ut
710 2437 903 2508 delectarer
915 2457 958 2508 eo
970 2425 1070 2505 cuins
1088 2456 1213 2506 omues
1227 2457 1308 2507 cou-

221 2559 327 2628 trario
347 2545 582 2627 delectantur:
606 2549 704 2628 malis
733 2559 819 2628 meis
845 2549 1100 2650 quodammodo
1127 2557 1307 2629 demulce-

167 2761 168 2765 ,
220 2677 295 2748 bar.
317 2677 388 2748 Nec
409 2677 493 2747 mibi
515 2701 667 2773 unquam
691 2681 814 2750 melius
833 2691 922 2765 erat,
940 2680 1146 2774 quemdum
1166 2682 1305 2768 flebam,

220 2811 325 2892 atque
354 2783 504 2871 animam
538 2812 743 2874 aestuantem
774 2807 952 2875 oculorum
984 2803 1092 2872 imber
1120 2803 1306 2894 largifluus

221 2922 382 2994 leniebat.
405 2914 476 2994 Hoc
497 2925 531 2993 in
551 2918 753 2997 statueram
772 2925 855 2996 dum
870 2929 962 2996 illam
982 2924 1112 3016 scripsi,
1128 2935 1172 2995 'et
1190 2925 1308 2995 adhuc

221 3048 308 3116 sorte
325 3066 441 3116 essem
463 3049 498 3116 ni
517 3047 752 3139 scripsissem:
768 3048 952 3118 scribendo
972 3039 1137 3118 etflendo
1159 3046 1309 3139 perveni

220 3189 290 3260 quo
306 3168 543 3240 ratiocinando
556 3182 804 3262 nonpoteram.
815 3171 896 3240 Haec
910 3168 972 3240 tibi
984 3169 1105 3252 amice,
1117 3177 1308 3261 tecumque

220 3293 296 3364 aliis
319 3292 347 3363 si
369 3315 458 3385 quos
479 3316 520 3364 ea
540 3276 596 3365 res
618 3305 776 3384 tangeret
797 3315 859 3387 pro
885 3293 1027 3363 lamenti
1040 3287 1131 3361 illius
1153 3312 1308 3363 excusa·

221 3417 312 3486 tione
333 3391 499 3501 dixerim,
523 3418 694 3508 simulque
727 3427 763 3487 ut
791 3425 826 3486 tu
848 3415 907 3507 qui
929 3423 978 3486 tot
1011 3426 1084 3498 tam
1107 3415 1209 3485 varia
1244 3438 1309 3486 no-

220 3537 313 3608 mina
336 3534 447 3631 usque
468 3526 560 3608 nunc
581 3537 776 3628 scripseris
805 3537 993 3609 amicorum
1020 3535 1222 3608 nominibus
1245 3539 1309 3609 ali-

219 3660 359 3751 qnando
381 3672 477 3731 tuum
498 3661 574 3753 ipse
595 3680 721 3730 nomeu
742 3650 976 3743 adscriberes,
996 3681 1099 3742 neve,
1123 3658 1206 3737 licet
1224 3682 1308 3732 sero

220 3782 307 3850 mihi
327 3782 500 3872 cognitus,
525 3783 558 3852 iu
578 3783 643 3853 bac
664 3783 892 3856 amicitiarum
920 3783 993 3854 acie
1022 3773 1227 3874 praeteritus
1253 3784 1310 3856 vi-

208 3902 354 3974 derere.
377 3905 472 3975 Vale.
