2992 4664
332 309 422 356 uranu
446 308 974 365 vicasruuscunnrus.-—uersuum
997 310 1048 356 nu.
1172 296 1229 356 303

151 460 282 552 pariter
302 478 343 528 ac
365 457 552 548 longinqua
572 459 827 550 circumspicis,
859 461 978 529 multae
1008 471 1101 540 sunt;
1128 467 1230 528 extra

152 600 240 674 quas
259 576 347 672 quid
370 589 402 649 te
423 579 456 647 in
473 580 602 671 populo
622 588 840 672 reperturum
856 601 977 674 speras
992 578 1059 649 nisi
1072 582 1228 663 fullones,

153 714 380 793 textoresque
405 709 440 770 et
465 696 596 784 fabros,
620 710 658 770 ut
679 703 798 773 sileam
824 700 1051 794 impostores
1078 701 1231 794 publica-

154 845 231 907 nos,
253 824 349 893 iures
371 820 591 892 diversorum
613 844 793 912 generum,
816 834 851 894 et
872 824 964 893 mille
977 824 1139 895 fraudum
1154 845 1232 915 spe-

152 947 238 1030 cies,
257 953 296 1014 et
316 962 395 1036 quae
416 942 596 1013 fraudibus
617 967 794 1037 nunquam
812 956 933 1017 carent
959 946 1138 1039 popularia
1159 954 1231 1016 stu-

153 1067 222 1152 dia,
241 1079 275 1138 et
296 1065 456 1137 avaritiae
471 1066 616 1137 anxium
629 1075 735 1160 atque
748 1066 850 1138 inane
864 1067 1054 1158 negotium,
1072 1077 1231 1160 totasque

153 1189 264 1260 olidas
286 1187 566 1275 mechanicarum
587 1189 855 1273 ioeceaartium,
880 1189 939 1260 nbi
961 1200 995 1260 te
1015 1191 1118 1282 quasi
1136 1192 1232 1282 aqui-

153 1313 221 1383 lam
242 1310 378 1382 noctuis
396 1320 456 1380 aut
477 1312 611 1382 leonem
627 1312 743 1382 simiis
757 1314 896 1383 irrisum
921 1314 991 1382 alto
1011 1313 1127 1383 animo
1143 1315 1233 1383 ferre

152 1433 276 1516 dech,
298 1443 333 1505 et
349 1432 465 1504 dicere
481 1435 576 1526 quod
595 1443 690 1507 tauto
707 1437 848 1506 inferior
867 1437 1001 1507 Ennius
1015 1436 1120 1508 dixit:
1144 1435 1233 1505 Nam

153 1559 253 1627 colite
272 1558 370 1626 vivus
392 1554 488 1626 docta
498 1579 558 1648 pcc
573 1580 631 1626 ora
649 1560 770 1626 cirum.
785 1559 853 1629 Ora
867 1558 1006 1629 indocta
1020 1579 1120 1628 suam
1135 1561 1234 1649 igno-

153 1678 298 1750 rantiam
320 1677 544 1771 insulsosque
558 1680 799 1750 sermunculos
816 1681 1006 1763 ruminent;
1024 1681 1118 1772 quod
1136 1681 1180 1752 ad
1198 1691 1232 1752 te

152 1809 302 1893 tuasque
334 1821 405 1883 res,
438 1802 497 1893 uel
526 1802 683 1871 nesciant
715 1802 772 1872 vel
804 1802 961 1885 illudant,
983 1824 1134 1895 quorum
1156 1806 1233 1874 laus

154 1922 358 1992 honoratum
386 1921 538 1993 infamiae
572 1944 684 2013 genus
704 1934 769 1994 est.
802 1923 932 1993 Verum
964 1934 1001 1993 ut
1030 1924 1172 2015 ingenio
1199 1936 1235 1995 et

152 2054 256 2116 aetate
277 2028 490 2115 novissimus
517 2044 553 2116 in
577 2052 737 2117 extremo
764 2043 923 2129 sedeam,
953 2045 1088 2116 adme
1114 2046 1234 2117 redeat

152 2165 272 2239 oratio.
296 2165 334 2235 ln
351 2165 417 2237 bac
437 2165 579 2257 quidem
591 2176 657 2237 tua
683 2168 823 2237 fortuna
849 2168 965 2238 merim
990 2168 1108 2259 poscis
1133 2170 1234 2237 auxi-

152 2288 247 2359 lium.
262 2287 314 2358 Oh
329 2310 407 2358 scrs
420 2288 509 2359 dura
522 2299 557 2360 et
570 2288 724 2359 immitis!
741 2299 777 2359 et
789 2289 847 2361 cb!
867 2290 998 2360 utinam
1013 2289 1090 2383 opis
1103 2289 1233 2382 aliquid

153 2410 188 2480 in
208 2432 265 2481 me
289 2420 402 2494 esset,
424 2432 494 2503 quo
527 2421 624 2484 tanto
643 2433 857 2483 succursum
888 2414 964 2482 viro
999 2422 1079 2481 aute
1111 2432 1234 2481 omnes

153 2541 271 2624 partos
283 2543 342 2603 aut
355 2543 512 2624 speratos
527 2532 645 2604 titulos
659 2545 826 2626 perpetuo
840 2532 1112 2624 gloriarenNam
1124 2532 1235 2627 (Chri-

153 2664 245 2725 stum
268 2654 329 2725 tibi
350 2656 562 2748 incognitum
583 2659 693 2729 Deum
717 2656 838 2751 testor)
871 2666 1000 2750 praeter
1024 2657 1116 2750 piam
1139 2676 1235 2727 come

153 2776 411 2848 miserationem
432 2800 472 2849 ac
493 2777 596 2850 fidele
612 2780 807 2863 consilinm,
827 2777 911 2849 nibil
931 2778 1068 2870 penitus
1089 2769 1144 2849 est
1163 2800 1235 2870 quo

154 2898 217 2971 tibi
235 2898 454 2969 subveniam.
481 2897 573 2981 Quid
599 2900 692 2970 enim
713 2909 883 2992 praestare
910 2908 1026 2989 potest
1052 2900 1150 2968 alteri
1175 2900 1234 2990 qui

154 3020 222 3093 sibi
243 3018 329 3088 nibil
350 3023 486 3109 potest?
506 3018 558 3088 An
581 3022 668 3090 forte
685 3042 753 3090 non
775 3019 902 3088 erudisti
918 3030 952 3090 et
970 3040 1140 3111 sequaces
1156 3029 1234 3090 tuos

154 3154 273 3213 tecum
292 3141 366 3210 sola
385 3139 434 3210 tui
455 3139 605 3209 nominis
623 3139 755 3211 invidia
780 3140 940 3223 lacerari,
962 3139 1153 3234 haberique
1170 3162 1235 3234 pro

154 3264 289 3357 insanis
310 3264 345 3336 in
361 3263 516 3334 consiliis
538 3262 763 3334 insanorum?
782 3261 884 3344 Quod
905 3262 935 3331 si
957 3275 1015 3334 tua
1035 3272 1139 3334 aetate
1161 3274 1234 3334 stu·
1312 3291 1313 3294 ¹

154 3384 354 3462 dicsissima
374 3386 592 3457 Athenarum
615 3387 649 3456 in
671 3386 756 3457 urbe
777 3386 839 3456 tibi
862 3386 1005 3468 accidit,
1028 3385 1113 3476 quid
1137 3387 1234 3456 volu-
1323 3412 1327 3415 ·

154 3509 289 3601 ptuosis
307 3508 342 3578 in
366 3508 509 3580 urbibus
526 3532 619 3580 nunc
636 3511 714 3581 aliis
728 3518 936 3581 eventurum
949 3507 1153 3579 arbitraris?
1167 3507 1234 3576 Ho-

156 3653 233 3700 rum
251 3652 317 3722 ego
331 3653 431 3713 unus
452 3633 558 3702 miror
570 3642 605 3702 et
619 3631 737 3703 nescio
752 3630 987 3724 quamobrem,
997 3629 1234 3727 vulgavidecr

157 3753 279 3838 inscie,
295 3775 399 3824 ¹verae
420 3756 566 3841 utinam,
589 3756 653 3827 sed
670 3758 755 3828 nibil
777 3756 914 3829 adrem
937 3777 1041 3849 quam
1065 3777 1151 3826 vcra
1178 3756 1232 3839 sit,

155 3877 297 3948 invidiae
318 3899 435 3975 causa,
460 3879 489 3949 si
511 3879 643 3950 invidia
663 3901 748 3951 vera
769 3892 834 3952 est.
850 3881 1034 3970 Refugium
1050 3900 1126 3950 mco
1142 3877 1232 3969 petis

156 4001 190 4068 in
212 4001 365 4090 gremio?
386 4001 454 4070 Ob!
475 4003 535 4071 fati
556 4003 695 4094 vertigo
715 4002 872 4073 insolens
897 4002 951 4073 cui
971 4003 1064 4072 nulla
1084 4022 1231 4094 usquam

156 4123 251 4211 regia
270 4123 354 4193 satis
376 4127 490 4216 ampla
512 4126 646 4198 satisne
669 4124 714 4195 sit
735 4127 882 4216 fulgida,
902 4127 931 4196 si
950 4127 1072 4217 quales
1098 4128 1232 4197 fortuna
