2730 4680
194 302 231 358 36
531 312 571 359 llll
593 311 693 358 REBUS
715 310 936 358 Fnlllnlnltlltus

193 452 326 533 dorem,
350 460 384 520 et
398 453 540 552 ‘fragore
562 449 701 519 nautico
724 447 876 541 undique
893 449 1067 541 pulsarer,
1096 449 1129 516 in
1153 449 1276 542 pelago

193 593 274 642 esse
293 593 350 641 me
376 571 542 641 nesciam.
566 571 711 640 Clavum
734 572 888 662 regentis
908 571 953 643 ad
975 570 1085 663 pedes
1105 569 1223 654 sedeo,
1241 581 1277 641 et

193 693 384 766 fluitantem
411 693 552 787 puppim
579 714 646 763 non
672 685 837 765 immotus
868 705 962 764 certe
990 693 1051 764 sed
1080 691 1275 784 intrepidus

193 827 301 899 teneo,
322 827 358 887 et
375 815 506 889 exitum
526 818 686 909 opperior
698 838 740 887 eo
756 818 882 901 auimo,
898 826 935 888 ut
952 818 1065 891 omnis
1082 838 1190 909 prope
1207 818 1273 888 iam

192 953 320 1013 ventus
346 962 447 1011 meus
468 942 521 1024 sit,
549 950 583 1011 et
604 941 639 1010 in
656 936 927 1032 litore'quolibet
952 950 1074 1034 portus
1102 940 1197 1010 mibi.
1225 942 1275 1013 lta

192 1063 297 1135 laedio
319 1064 365 1134 illi
385 1086 463 1135 meo
485 1086 600 1134 rerum
618 1063 851 1135 humanarum
872 1064 1092 1135 incuriosilas
1110 1067 1273 1156 primum,

191 1189 270 1259 inde
304 1187 487 1280 segnities,
516 1200 594 1279 pust
624 1187 808 1270 securitas,
837 1188 882 1258 ad
915 1198 1128 1280 postremum
1155 1196 1275 1281 torpor

190 1312 354 1407 obrepsit,
373 1321 408 1381 el
429 1311 494 1380 nisi
517 1309 707 1403 superbum
729 1323 823 1382 esset
842 1310 926 1380 mibi
944 1310 1098 1382 tribuere
1118 1311 1212 1403 quod
1231 1311 1275 1382 de

190 1437 305 1507 Marco
332 1436 460 1507 Catone
488 1435 749 1526 scriptumest,
777 1437 852 1526 ipse
878 1435 960 1505 mibi
986 1457 1127 1527 quoque
1151 1434 1274 1505 videor
1306 1486 1311 1498 ,

191 1559 380 1639 interdum,
402 1569 437 1628 et
464 1557 656 1650 praesertim
680 1559 744 1629 bac
765 1558 825 1628 tibi
852 1560 938 1630 bora
959 1559 1071 1629 noctis
1098 1559 1163 1630 boc
1190 1558 1275 1629 scri-

191 1682 288 1764 bone,
310 1682 433 1752 eodem
451 1682 509 1751 illo
530 1679 649 1751 babitu
666 1703 736 1774 quo
750 1683 960 1752 avunculum
978 1680 1153 1774 quondam
1170 1703 1272 1753 suum

190 1807 319 1876 Rrutus
350 1804 502 1875 invenit:
528 1804 699 1887 insomnis,
727 1803 866 1887 scilicet,
890 1817 920 1873 el
941 1806 1066 1875 crunctis
1085 1805 1203 1874 timens
1223 1825 1273 1876 se-

191 1951 351 2019 curusque
387 1931 462 1998 anei.
501 1927 569 1999 Sed
601 1930 646 1999 de
683 1927 749 1998 boc
782 1927 997 2020 experientia
1025 1929 1172 2010 viderit;
1206 1931 1275 2000 imo

190 2073 313 2145 quaeso
346 2074 416 2122 non
443 2051 579 2122 viderit.
611 2050 711 2121 Stulti
737 2063 792 2121 est
816 2051 907 2120 enirn
936 2051 1127 2143 pericnlum
1153 2059 1275 2143 optare

120 2210 151 2254 s
190 2175 395 2269 experiendi
418 2175 568 2246 libidine.
589 2174 769 2266 Reliquum
792 2186 847 2243 est
868 2184 905 2243 ut
925 2172 1070 2266 plebeiae
1091 2183 1182 2263 togae
1204 2182 1275 2242 tuae

189 2300 376 2393 plusquam
398 2299 515 2368 Crassi
532 2295 871 2385 divitiisinvideam,
894 2307 930 2366 et
951 2297 1171 2366 rusticulam
1204 2306 1273 2379 tuo,

191 2443 262 2512 quo
280 2423 327 2490 uti
350 2419 546 2512 prohibeor,
567 2419 752 2510 suspirem.
774 2419 869 2491 Vale.

333 2567 495 2633 Mediolani,
511 2566 544 2619 V.
562 2565 702 2621 Kalendas
717 2566 882 2620 Februarias
896 2572 960 2620 ante
974 2567 1080 2635 lucem,
1096 2582 1225 2638 propera.

692 2817 770 2825 --

612 3033 789 3097 EPISTULA
811 3034 854 3094 Xl.

226 3202 420 3251 l³ntllclsuus
443 3201 611 3249 Parauaea
633 3202 799 3250 STEPHANO
822 3204 862 3250 DE
885 3201 1034 3250 COLUMNA
1057 3201 1242 3249 PRAEPOSITO

563 3306 588 3353 S.
613 3306 756 3355 annuam
777 3307 802 3354 S.
825 3309 852 3354 P.
875 3309 904 3354 b.

324 3441 468 3494 Germanae
483 3438 607 3492 amicitiae
623 3456 722 3493 sensus
740 3441 848 3510 pandit,
866 3446 892 3492 et
907 3439 994 3493 malos
1009 3439 1144 3508 quosdam

487 3588 494 3598 „
601 3529 728 3582 homines
743 3530 900 3583 insectatur.

294 3754 444 3851 Litteras
465 3789 543 3849 tuas
562 3800 698 3849 summa
716 3785 750 3848 el
769 3787 887 3847 saneta
905 3798 986 3847 oum
1004 3778 1179 3869 uoluptate
1195 3799 1274 3868 per-

193 3903 274 3992 legi.
296 3905 346 3972 De
368 3905 542 3975 voluntale
560 3901 701 3993 quidem
726 3923 800 3971 mea
821 3912 854 3971 te
873 3882 1006 3974 eertum
1027 3921 1107 3971 esse
1124 3898 1271 3990 gaudeo,

194 4043 275 4114 quae
295 4025 361 4094 etsi
382 4048 497 4097 rerum
520 4026 735 4117 argumentis
756 4034 882 4108 careat,
907 4025 980 4096 suis
1003 4046 1040 4094 se
1056 4023 1172 4116 prodit
1186 4022 1274 4092 iudi-

195 4146 271 4228 riis⁷
300 4146 440 4232 eminet,
469 4151 593 4233 elucet,
623 4160 787 4242 apparet:
815 4158 933 4221 contra
959 4170 1025 4239 ogo
1050 4148 1093 4219 de
1121 4159 1176 4217 lua
1206 4168 1273 4215 non
