2940 4650
583 331 737 382 umsrocu
760 332 822 382 uxr.
1178 320 1238 381 tib

153 501 240 563 mcc,
263 479 408 570 psallam
430 476 497 546 Deo
521 497 591 546 meo
618 473 774 564 quamdiu
788 477 901 564 sacrm·
923 484 959 545 et
980 495 1119 547 rursus:
1143 475 1238 544 bene-

156 601 266 671 dicam
287 599 481 669 Dominum
503 602 595 669 omni
614 609 772 690 tempore,
794 618 921 690 semper
947 599 1018 666 locs
1039 598 1108 667 eius
1128 601 1165 667 io
1183 619 1238 666 ore

153 744 234 793 meo.
253 700 358 793 Poma
377 731 459 792 sunt
480 720 649 791 virtutum
671 721 819 805 tructus,
848 718 976 813 quibus
998 719 1140 790 omnino
1154 718 1240 790 nihil

154 843 290 915 dulcius
311 863 393 932 esse
406 841 569 914 fatebitur
587 840 748 935 quisquis
769 841 848 913 inde
862 839 1069 933 gustaverit.
1091 840 1238 925 Quinam

155 987 239 1036 vero
259 968 394 1036 fructus
425 965 460 1035 bi
492 976 590 1050 suunt,
617 964 685 1035 uisi
703 975 737 1036 et
759 965 815 1034 bic
841 966 1006 1057 gaudium
1028 963 1073 1035 de
1091 964 1237 1050 virtute,

155 1100 190 1158 et
207 1089 274 1158 illic
292 1087 327 1157 in
348 1087 461 1181 patria
482 1086 585 1158 finem
609 1107 677 1157 non
700 1086 862 1159 habitura
888 1087 1056 1159 felicitas?
1080 1087 1162 1158 Mite
1183 1108 1240 1158 so-

155 1209 226 1278 lum
261 1218 316 1281 est
348 1210 421 1281 vita
450 1217 729 1292 mansuetorum,
753 1209 811 1300 qui
839 1209 918 1280 licet
943 1208 1045 1280 altius
1072 1208 1238 1301 aspirent,
1284 1262 1288 1274 .

157 1330 271 1403 adbuc
289 1342 404 1407 tamen
418 1342 546 1430 terram
562 1330 768 1402 inhabitant:
785 1333 874 1404 banc
886 1339 1103 1402 exornantes
1118 1329 1239 1401 berbae

155 1455 265 1526 variae
282 1455 366 1548 quid
385 1455 449 1527 nisi
471 1456 624 1526 varietas
648 1453 712 1523 sibi
733 1454 1014 1526 convenientium
1035 1454 1239 1525 actionum‘l

155 1579 275 1650 Flores
297 1578 463 1672 purpurei
484 1577 569 1670 quid
593 1576 660 1647 nisi
686 1598 820 1647 morum
854 1576 983 1646 fuerint
1012 1577 1240 1648 ornamenta?

155 1701 260 1771 Lenis
282 1700 463 1772 accubitus
488 1700 574 1793 quid
601 1699 667 1769 nisi
689 1697 776 1769 bene
796 1698 980 1791 compositi
1001 1698 1106 1769 animi
1127 1706 1238 1768 status

155 1834 190 1893 et
209 1823 319 1894 felicis
333 1823 555 1894 conscientiae
572 1822 673 1915 quies
692 1826 770 1892 est‘?
783 1821 909 1892 Odoris
931 1823 1089 1892 suavitas
1110 1823 1238 1890 famam

155 1944 299 2016 bonam:
321 1947 442 2016 oculos
471 1947 627 2015 mulcens
654 1946 747 2016 color
779 1942 864 2036 quid
891 1944 985 2014 aliud
1011 1965 1116 2036 quam
1136 1943 1240 2014 deco·

156 2091 235 2138 rum
254 2068 338 2141 illud
356 2070 533 2161 importat,'
557 2069 650 2159 quod
665 2071 776 2139 elucet
789 2068 823 2136 in
843 2069 983 2153 virtute,
1003 2068 1046 2138 de
1062 2090 1133 2163 quo
1149 2087 1240 2161 prae-

155 2191 248 2261 clare
270 2191 304 2260 in
325 2192 446 2262 officiis
470 2193 544 2262 suis
565 2192 639 2282 agit
659 2192 804 2263 Cicero?
829 2192 919 2263 Fons
943 2191 1009 2262 sub
1030 2194 1095 2262 bac
1117 2191 1240 2263 arbore

158 2315 352 2385 scaturiens
373 2312 458 2404 quid
475 2314 541 2383 nisi
564 2324 701 2383 actuum
717 2313 887 2384 bonorum
906 2337 951 2384 ex
968 2315 1106 2385 virtutis
1125 2314 1240 2385 radice

158 2434 375 2505 nascentium
398 2435 609 2506 inbexausta
632 2434 742 2506 series
768 2445 836 2521 est,
858 2457 938 2527 quae
962 2437 1042 2507 bino
1064 2438 1156 2507 illinc
1176 2438 1241 2508 dil·

157 2555 369 2629 ficultatibus
388 2557 530 2629 obiectis
556 2559 683 2645 excita,
705 2558 831 2630 clarior
853 2556 891 2629 fit
907 2571 1013 2651 atque
1041 2560 1241 2631 sonantior?

158 2679 335 2773 Siquidem
355 2703 401 2752 ex
422 2681 665 2752 colluctatione
689 2681 853 2752 laudabili
874 2693 910 2754 et
929 2684 1131 2755 meritorum
1152 2705 1242 2777 prae-

157 2804 336 2872 coniorum
359 2826 518 2873 murmur
538 2804 687 2886 elicitur,
710 2814 746 2873 et
768 2803 895 2874 lautius
917 2806 1116 2877 exauditur.
1151 2805 1242 2878 Gau-

159 2920 219 2991 det
235 2921 328 2990 euim
346 2921 459 2990 virtus
474 2921 689 3004 dillicilibuS,
711 2931 745 2990 et
764 2923 828 2991 vix
851 2924 948 2993 facile
967 2927 1098 3019 aliquid
1117 2949 1241 3018 magna

159 3040 301 3132 dignum
318 3040 420 3111 laude
435 3039 601 3132 reperies:
624 3041 879 3135 propterquod
901 3044 1058 3119 arborem
1081 3049 1172 3121 hanc
1193 3051 1242 3122 lo-

160 3164 210 3234 cis
232 3163 352 3235 arduis
386 3162 577 3234 radicatam
612 3142 701 3234 dixi:
736 3165 900 3258 repositis
927 3177 1040 3238 autem
1060 3171 1139 3243 ideo
1160 3173 1242 3265 quia

107 3362 109 3366 ,
160 3308 238 3358 cum
253 3285 409 3370 difficilis,
427 3286 499 3357 tum
519 3300 653 3358 secreta
667 3299 721 3359 est
734 3283 779 3359 ad
797 3288 960 3360 virtutem
982 3292 1050 3362 via,
1071 3294 1141 3364 Nec
1158 3295 1242 3365 illud

160 3421 243 3502 puto
265 3409 428 3479 mentitus
451 3409 513 3479 sim
533 3409 705 3480 difficilem
729 3412 878 3496 aditum,
914 3420 1040 3484 caetera
1068 3413 1239 3506 planiora:

119 3606 120 3609 ,
159 3523 254 3623 quod
271 3541 308 3602 et
328 3532 467 3626 experti
486 3552 608 3603 omnes
631 3543 774 3619 norunt,
796 3545 876 3606 etto
894 3533 1053 3627 expertis
1072 3557 1240 3605 annume-

159 3674 238 3723 rare
259 3674 327 3723 non
348 3651 515 3723 dubitem.
534 3633 714 3725 Postremo
735 3655 868 3726 Cancer
890 3655 1147 3747 retrogradum,
1171 3655 1241 3726 Leo

159 3785 274 3845 autem
293 3775 576 3846 ardentissimum
600 3777 698 3848 sidus
717 3791 781 3851 est.
801 3779 954 3863 Quorum
983 3782 1039 3850 ille
1064 3781 1240 3872 relapsum

159 3897 406 3969 adscendentis
426 3898 533 3969 animi
554 3911 589 3972 et
615 3899 658 3971 ad
685 3901 802 3972 infima
817 3901 966 3973 reditum
983 3901 1168 3994 significat:
1185 3896 1242 3972 hic

160 4022 304 4094 ardores
324 4021 552 4115 cupiditatum
574 4035 679 4116 atque
705 4024 885 4096 libidinum
903 4035 938 4097 et
956 4027 1083 4097 irarum
1106 4026 1241 4119 passio-

159 4164 313 4236 numque
334 4144 487 4216 omuium
508 4145 635 4237 quibus
657 4146 808 4219 humana
827 4171 926 4221 mens
945 4160 1081 4220 aestuat.
1097 4150 1240 4219 Hamu-
