2738 4680
280 343 373 391 einen
395 340 560 391 vicesimus
583 340 972 391 sedunens-erumna
993 345 1056 394 mv.
1123 318 1208 394 ’163

126 498 232 570 stum,
256 487 289 556 in
308 508 386 557 earn
408 483 570 556 fiduciam
594 494 675 556 sunt
695 486 818 570 evecti,
837 498 875 559 nt
891 490 1064 561 Teutones
1087 502 1207 562 contra

126 623 221 682 stare
242 609 406 691 audeant,
422 618 457 679 et
472 610 593 680 terrori
607 631 688 680 esse
706 611 773 679 illis
791 611 970 704 incipiaut;
989 614 1209 706 experimen-

84 715 90 725 ’
125 748 232 827 toque
258 732 531 825 deprehenditur
557 754 626 803 non
655 745 723 804 tam
749 757 874 807 verum
906 740 1110 831 essequod
1141 740 1209 811 Lu·
1318 806 1320 809 .

127 875 237 927 canus
258 856 329 926 ait:

267 1047 355 1110 Ensis
372 1047 460 1110 hahet
478 1050 577 1125 vires,
595 1059 625 1114 ct
641 1070 714 1130 gens
732 1069 935 1132 quecumque
953 1055 1096 1117 virorum

267 1145 346 1208 Bella
364 1147 443 1224 gerit
458 1148 580 1226 gladiis,

128 1380 234 1450 qnam
256 1355 351 1448 quod
377 1357 425 1428 ait
450 1358 558 1428 Iulius
586 1358 815 1451 Capitolinus,
843 1360 936 1453 qnod
962 1362 1094 1433 scilicet
1118 1364 1211 1434 nulia

129 1503 187 1552 res
210 1481 320 1571 magis
337 1489 464 1551 'contra
480 1480 672 1553 Germanos
694 1485 790 1554 vaiet
809 1504 914 1576 quarn
932 1484 1086 1577 expediti
1104 1486 1213 1575 sagit-

131 1603 231 1699 tarii?
251 1603 422 1673 Caeternm
442 1602 528 1676 haec,
542 1603 706 1675 Fortunae
733 1606 928 1676 constantia
953 1618 1023 1691 est,
1052 1608 1104 1677 sic
1128 1619 1213 1678 eunt

130 1741 188 1791 res
209 1720 429 1790 mortalium:
453 1720 500 1789 nil
518 1720 727 1813 cuiusquam
755 1721 931 1813 proprium
958 1733 1063 1814 atque
1089 1747 1213 1817 perpe-

130 1854 241 1915 tuum.
262 1842 369 1913 Cuius
389 1842 439 1912 rei
462 1842 493 1912 si
513 1840 672 1914 doctrina
693 1842 835 1913 brevior
853 1856 913 1915 aut
931 1845 1106 1937 antiquior
1122 1846 1215 1918 desi·
1273 1830 1276 1835 ’

130 1968 274 2038 deratur
294 1965 500 2048 auctoritas
518 1964 678 2059 Crispum
695 1967 794 2037 andi:
816 1965 973 2036 Fortuna
989 1968 1100 2059 inquit
1114 1969 1215 2038 simut

130 2112 204 2160 cum
228 2091 373 2160 moribus
393 2100 556 2173 mutatur,
579 2101 609 2159 et
630 2090 807 2180 imperium
835 2109 961 2179 semper
986 2088 1031 2159 nd
1055 2091 1214 2181 optimum

129 2236 287 2306 quemque
306 2235 326 2282 a
347 2217 456 2284 minus
476 2213 557 2282 bono
584 2215 791 2301 transfertur.
818 2213 866 2283 lta
893 2223 949 2284 est
973 2212 1067 2285 haud
1092 2212 1212 2295 dubie,

130 2346 166 2407 et
188 2336 361 2430 quidquid
387 2335 441 2406 hic
469 2336 571 2405 latins
597 2334 664 2408 dici
691 2344 820 2428 potest,
849 2334 1005 2408 brevitas
1030 2335 1097 2407 ista
1121 2357 1215 2406 com·

129 2447 301 2554 plectitur.
324 2461 594 2530 Transieruntur
614 2467 653 2531 ut
672 2481 758 2552 opes
785 2460 961 2531 hominum
984 2461 1035 2531 sio
1059 2469 1095 2531 et
1118 2459 1214 2531 vires

66 2635 71 2644 .
131 2586 166 2646 et
187 2573 326 2666 ingenia
346 2584 382 2645 et
403 2573 552 2645 virtutes
573 2586 608 2646 et
623 2575 777 2660 nomina,
791 2597 921 2668 quaeve
940 2576 1043 2646 unius
1064 2577 1212 2658 fuerant,
1296 2626 1298 2630 ν

131 2698 276 2770 atterius
296 2696 394 2768 fiunt.
417 2697 549 2790 Nempe
575 2720 654 2768 cum
680 2699 981 2792 ponderosissima
1006 2721 1063 2772 res
1089 2721 1215 2771 aarum

133 2820 179 2892 sit
198 2821 371 2904 instabile,
395 2843 499 2914 qnam
524 2832 624 2914 putas
646 2824 738 2892 sama
760 2821 836 2913 ipsa
859 2823 1011 2892 volatilis
1039 2845 1080 2894 ac
1104 2825 1216 2914 vaga?

132 2946 198 3015 Est
217 2966 303 3014 aura
324 2945 381 3015 illa
402 2942 543 3036 quidem
566 2943 679 3014 inanis
700 2965 741 3014 ac
764 2945 899 3015 tenuis:
919 2944 986 3015 hoc
1006 2968 1115 3015 unum
1142 2966 1217 3016 rno-

134 3068 214 3139 bilis
234 3077 270 3137 et
289 3069 421 3138 incerta
443 3067 553 3138 fixum
574 3079 777 3160 certumque
797 3066 862 3137 sihi
885 3067 1029 3139 retinet:
1049 3068 1214 3140 virtutem

135 3192 308 3285 sequitur,
331 3190 506 3282 ignaviam
528 3191 627 3281 sugit.
649 3189 736 3260 Hinc
756 3190 928 3276 effectum,
947 3191 1044 3284 quod
1062 3192 1215 3264 Iustinus

133 3316 197 3403 ait,
218 3326 256 3388 ut
280 3317 372 3388 inter
396 3315 482 3387 vitia
514 3315 713 3388 Graecorum
748 3315 929 3405 sordidum
960 3325 996 3387 et
1027 3313 1215 3387 obscurum

134 3450 239 3511 antea
257 3436 483 3511 Macedonum
506 3460 630 3510 nomen
644 3448 853 3530 emergeret3
872 3438 952 3510 hinc
970 3439 1155 3529 Carthago
1172 3434 1217 3508 ab
1243 3428 1247 3431 ’

134 3564 241 3635 exitio
258 3574 294 3635 ct
312 3563 473 3655 angustis
492 3561 635 3636 sedibus
655 3552 766 3657 pretio
786 3562 957 3656 quaesitis,
973 3565 1039 3633 late
1053 3559 1215 3633 omnibus
1299 3595 1305 3608 ι

135 3689 316 3760 tremenda
342 3687 537 3770 littoribus;
566 3686 645 3759 hinc
668 3686 753 3758 urbs
775 3689 883 3759 Roma
909 3708 929 3756 e
956 3684 1120 3779 pastoraii
1144 3686 1217 3755 cul-

135 3833 193 3882 mo
226 3811 348 3882 mundi
381 3813 520 3883 culmen
556 3820 591 3880 et
624 3795 803 3901 regnatrix
836 3810 993 3902 gentium
1027 3810 1117 3880 facta
1149 3816 1214 3878 est.

136 3931 267 4001 Harum
300 3950 387 4001 vero
419 3928 627 3998 varietatum
663 3947 825 4018 quaenam
858 3946 967 3997 causa
1005 3923 1071 3995 nisi
1112 3925 1215 3995 unius

136 4052 250 4144 gentis
271 4052 395 4124 inertia
417 4052 461 4124 de
483 4052 712 4144 prosperitate
733 4051 865 4135 oriens,
889 4058 987 4121 etex
1004 4049 1217 4121 couscientia

136 4175 226 4268 parti
248 4175 397 4248 nominis
419 4174 545 4269 priscae
570 4173 675 4245 indoti
709 4173 815 4246 luxus
848 4173 1037 4266 obrepens,
1072 4171 1216 4243 alterins
