2934 4650
595 324 746 374 nrrsrour
767 325 839 375 xxv.
1191 304 1249 368 369

177 474 294 559 annis,
317 475 368 546 sic
386 467 522 548 maturo
540 476 737 560 virtutibus,
760 473 1003 548 decimanona
1027 493 1118 545 nunc
1143 483 1248 542 aestas

177 596 303 688 agitur.
325 598 374 669 Dc
388 609 464 670 tam
485 599 673 691 longinquo
692 599 799 689 igitur
817 597 861 669 ad
881 618 938 667 me
958 614 1124 673 reversus
1149 592 1250 663 iutel-

177 718 287 811 ligere
319 723 423 814 ooepi,
454 721 613 814 quisnam
635 718 717 807 ‘hic,
747 720 807 815 qui
839 728 918 815 post
946 726 1079 790 tantum
1113 726 1249 808 tempus
1345 778 1347 784 .

179 850 246 913 tam
269 840 357 914 bene
378 845 445 916 mci
464 866 597 916 memor
616 855 722 928 osset,
743 845 802 937 qui
822 842 908 928 eius,
930 850 969 913 ut
987 862 1108 912 verum
1126 840 1247 924 fatear,

177 985 265 1057 pene
286 964 354 1036 iam
374 987 519 1058 prorsus
539 967 666 1039 oblitus
687 989 793 1039 eram.
817 964 958 1058 Sibique
978 986 1041 1059 per
1060 962 1188 1046 literas
1210 973 1249 1033 ut

176 1087 308 1173 vidisti,
335 1088 424 1160 hene
450 1090 571 1161 merito
597 1091 727 1182 gratias
751 1088 822 1182 egi,
846 1097 883 1159 ut
902 1087 961 1181 qui
980 1087 1075 1158 nullo
1095 1105 1246 1177 unquam

176 1208 314 1301 ingenio
345 1223 476 1283 tantum
499 1230 556 1284 me
580 1212 803 1305 quantumin
825 1220 996 1284 tantorum
1023 1210 1117 1280 cul-tu
1142 1215 1247 1300 atque

176 1331 306 1403 honore
340 1334 515 1405 hominum
546 1337 735 1428 promereri
763 1343 911 1430 poterat,
944 1339 982 1405 et
1007 1334 1083 1425 ipse
1108 1350 1247 1423 quoquc

175 1475 242 1525 non
276 1456 391 1527 minus
421 1460 476 1528 sui
509 1480 698 1530 memorem
731 1480 788 1529 mo
816 1456 932 1528 mirari
958 1466 1088 1550 posset,
1115 1453 1182 1525 nisi
1207 1472 1245 1525 εε

174 1575 257 1647 milri
277 1580 479 1652 memoriam
499 1582 675 1652 excitasse
695 1581 826 1653 recenti
847 1579 967 1651 merito
984 1577 1211 1650 meminisset.

273 1702 373 1785 Quod
388 1705 476 1796 petis
496 1714 692 1776 extremum
710 1717 764 1776 εει
780 1703 943 1777 videlicet
959 1700 1098 1773 Homeri
1119 1699 1244 1771 librum

173 1821 234 1913 qui
256 1825 387 1896 venalis
400 1839 473 1898 erat
484 1827 631 1907 Patavii,
651 1826 697 1911 si,
716 1837 754 1897 nt
771 1827 872 1909 reris,
891 1824 1044 1905 emerim,
1065 1822 1126 1893 tibi
1144 1844 1244 1894 acco-

175 1943 321 2029 modem,
344 1948 497 2039 quando,
520 1958 560 2019 ut
579 1949 642 2030 ais,
665 1949 751 2018 alter
771 1946 817 2018 ab
836 1947 917 2021 olim
943 1945 1028 2015 mihi
1046 1956 1116 2028 est,
1138 1964 1243 2036 quem

172 2064 241 2139 Leo
270 2079 388 2141 noster
413 2070 474 2143 tibi
499 2082 602 2164 atque
626 2071 703 2142 aliis
728 2070 893 2141 studiosis
918 2067 1152 2150 conterraneis
1182 2086 1244 2136 no-

173 2192 253 2261 stris
275 2213 295 2262 ε
314 2213 431 2284 graeco
451 2194 485 2263 in
506 2195 648 2266 tatinum
668 2203 791 2266 vertat.
814 2194 910 2272 lllum
928 2212 994 2284 ego
1011 2189 1136 2261 librum
1154 2187 1240 2271 vidi,

173 2314 236 2385 sed
272 2316 426 2407 neglexi,
459 2318 553 2410 quod
586 2339 662 2390 mco
693 2318 804 2411 impar
836 2317 935 2386 visus
972 2324 1076 2386 esset.
1117 2310 1243 2383 Haberi

171 2448 286 2509 autem
307 2438 404 2509 facile
426 2439 563 2534 poterit,
582 2440 639 2511 illo
656 2448 782 2532 agente
801 2438 862 2532 qui
882 2438 967 2510 mihi
989 2436 1112 2508 Leonis
1131 2433 1242 2528 ipsius

130 2645 132 2651 Α
170 2559 355 2631 amicitiam
376 2562 585 2655 procuravit,
608 2563 706 2635 cuius
726 2562 820 2655 apud
843 2562 938 2633 illum
961 2560 1118 2633 efficaces
1141 2566 1244 2630 erunt

171 2684 308 2767 littcrae,
328 2692 364 2755 et
380 2707 446 2777 ego
467 2707 564 2758 meas
585 2686 752 2758 adiiciam.
772 2685 808 2756 Si
824 2687 855 2757 is
870 2688 958 2756 torte
976 2706 1040 2756 nos
1057 2684 1243 2756 frustratur

171 2804 270 2886 liher,
293 2805 385 2898 quod
408 2828 476 2878 non
497 2808 667 2901 suspicor,
690 2819 772 2879 tunc
788 2806 888 2878 meus
910 2815 1039 2900 praesto
1059 2807 1134 2876 erit.
1155 2806 1242 2877 Nam

152 2979 155 2985 ,
172 2935 206 2995 ει
222 2945 290 3013 ego
305 2926 381 2997 eius
396 2930 629 3000 translationis
642 2931 675 2999 in
688 2930 820 3024 primis,
834 2940 869 3000 ot
882 2949 1074 3018 graeoarum
1088 2929 1243 2999 omnium

172 3045 417 3141 cupidissimus
442 3051 618 3121 literarum
644 3071 782 3145 semper
801 3050 863 3133 fui,
886 3058 921 3121 et
940 3049 1007 3124 nisi
1033 3050 1133 3122 meis’
1150 3048 1243 3144 prin·

172 3167 269 3261 cipiis
291 3169 472 3251 invidisset
489 3173 650 3257 Fortuna,
672 3181 707 3243 et
726 3171 949 3267 praeceptoris
977 3172 1105 3246 eximii
1131 3171 1242 3245 haud-

170 3315 345 3387 quaquam
358 3305 550 3390 opportuna
565 3317 666 3379 mora,
683 3295 786 3368 hodie
802 3297 888 3367 forte
902 3298 980 3390 plus
994 3295 1124 3389 aliquid
1135 3316 1241 3389 quam

170 3417 413 3490 elementarius
433 3419 557 3492 Graius
577 3439 703 3490 essem.
722 3419 766 3490 Et
782 3441 873 3490 nunc
890 3417 1013 3513 creptis
1034 3417 1162 3489 vestris
1180 3437 1241 3510 pro

169 3538 260 3609 virili
291 3552 389 3634 parte
421 3543 534 3615 libens
565 3539 677 3628 laveo,
704 3543 828 3636 utqui
861 3542 1121 3614 translationem
1147 3541 1240 3646 illam

91 3645 93 3650 ’
170 3671 322 3734 veterem
341 3665 516 3738 Ciceronis
532 3689 642 3761 opus,
655 3675 823 3759 quantum
845 3665 1036 3758 intelligere
1053 3675 1122 3750 εει,
1141 3665 1241 3736 ειιίιιε

169 3785 373 3881 principium
394 3787 467 3860 Arti
488 3790 636 3862 Poeticae
652 3791 795 3861 Flaccus
811 3789 968 3874 inseruit,
989 3771 1145 3860 latinitati
1161 3808 1240 3881 per·

168 3908 297 3996 ditam,
326 3924 362 3983 ut
387 3915 494 3986 multa
520 3912 607 3998 alia,
630 3924 664 3984 et
684 3898 785 3987 doleo
802 3923 836 3985 et
856 3912 1033 4005 indignor,
1062 3922 1097 3985 ει
1121 3913 1156 3985 in
1176 3912 1240 3987 hac

170 4043 263 4106 tanta
297 4035 513 4108 solicitudine
552 4060 668 4109 rerum
707 4038 949 4133 pessimarum,
988 4037 1077 4109 hanc
1110 4047 1239 4110 tantam

169 4156 374 4249 optimarum
396 4159 641 4252 negligentiam
667 4182 761 4253 aegre
788 4163 870 4233 fero.
899 4161 966 4233 Sed
999 4160 1082 4254 quid
1115 4162 1241 4253 agam?

296 4288 332 4326 ιιι,
1055 4281 1086 4331 al
