2730 4680
355 339 446 386 ursus
468 339 858 388 vicesimus-urrsrotn
886 341 946 388 rur.
1148 330 1187 389 33

109 481 153 551 tui
175 479 286 572 ipsius
308 477 481 549 oblivione
500 483 686 572 prolapsus
706 481 767 563 sis,
788 500 951 572 prorsum
969 480 1085 551 mirari
1102 483 1186 553 satis

108 615 139 674 et
160 615 301 696 stupere
321 625 391 673 non
412 623 567 694 possum.
590 603 652 673 Ais
670 604 780 687 euim,
798 601 894 694 quod
912 602 1041 674 utinam
1056 605 1187 678 ratione

110 747 172 796 uon
194 746 367 816 expressa
387 725 535 809 diceres,
560 736 597 795 ut
624 725 707 795 milri
732 724 880 796 liberum
909 727 1110 818 reliquisses
1135 727 1189 799 di-

110 859 198 918 ctum
221 857 320 918 tuum
344 847 448 941 (quod
470 847 694 941 cupidissime
715 847 891 941 lacerem),
917 872 1105 936 excusare3
1126 854 1187 925 sed

110 970 192 1042 dicis
219 983 252 1042 te
278 984 419 1064 propter
444 981 538 1042 tuam
560 979 800 1065 paupertatem
835 972 928 1065 (quae
947 983 983 1042 ul
1000 983 1056 1043 est
1076 998 1188 1066 genus

110 1109 141 1167 et
159 1098 286 1179 virtus,
321 1096 497 1188 quomodo
530 1104 643 1166 tecum
672 1116 752 1166 esse
783 1098 894 1186 possit
914 1118 982 1167 uon
1004 1096 1186 1191 intelligo),

110 1220 186 1288 milri
210 1218 506 1311 contemptibilem
527 1220 705 1303 ellectum,
739 1221 766 1289 si
795 1218 862 1291 diis
896 1221 1018 1314 placet,
1051 1235 1190 1315 propter

111 1363 204 1414 meas
218 1343 381 1425 divitias,
397 1341 534 1432 quibus
552 1351 589 1410 ut
602 1340 739 1424 audisti,
763 1365 827 1413 uec
847 1364 935 1434 egeo
953 1366 1016 1415 uec
1038 1345 1187 1430 abundo,

111 1465 307 1557 quibusque
326 1464 472 1558 posthac
493 1465 607 1534 minus
628 1486 668 1534 ac
686 1465 800 1535 minus
819 1467 876 1536 vel
893 1467 1071 1538 abundare
1085 1490 1190 1563 posse

111 1589 230 1660 videor
242 1590 298 1660 vel
312 1610 431 1680 egere,
447 1586 543 1680 quod
558 1586 639 1657 mihi
656 1599 691 1658 el
704 1590 925 1661 incuriosilas
940 1613 1055 1661 rerum
1071 1592 1188 1676 maior,

112 1715 217 1784 etvin
239 1711 351 1783 minor
377 1712 410 1781 in
438 1711 528 1795 dies,
556 1710 722 1793 cuiillud
756 1713 920 1783 viaticum
954 1715 1188 1806 quaerebatur.

111 1838 179 1910 Heu
202 1859 309 1929 quam
330 1857 414 1907 rere
433 1828 515 1907 sunt
536 1833 732 1926 proverbia!
754 1835 838 1907 illud
852 1836 1046 1927 insiguiter,
1063 1842 1190 1910 multos

112 1960 243 2031 modios
280 1961 363 2031 salis
391 1960 493 2029 simul
520 1958 676 2028 edendos
698 1980 794 2041 esse,
819 1969 856 2028 ut
877 1960 1038 2030 amicitiae
1065 1984 1192 2033 munus

113 2086 288 2178 expletum
323 2082 377 2151 sit.
411 2083 507 2172 Ergo
532 2102 599 2175 ego
625 2080 714 2151 hanc
741 2090 811 2151 tuae
837 2081 1008 2173 opinionis
1031 2084 1189 2155 iniuriam

112 2207 235 2288 merui,
258 2214 297 2275 ut
317 2214 377 2274 aut
396 2215 538 2296 propter
555 2224 651 2298 opes,
674 2203 900 2295 quantumvis
921 2204 1112 2287 allluerent,
1134 2227 1193 2277 su-

112 2328 299 2420 perbirem,
318 2329 399 2419 quia
419 2326 549 2398 scilicet
566 2327 715 2421 plurium
734 2326 870 2398 debitor
891 2327 1104 2420 invidiaeque
1130 2353 1192 2424 pa-

113 2452 249 2524 tientior
270 2455 380 2523 lactus
402 2473 622 2543 essemque
643 2451 746 2520 altius
773 2450 1026 2536 ascendissem,
1050 2474 1092 2522 eo
1112 2475 1192 2544 gra-

112 2579 189 2647 vius
209 2598 373 2658 casurus;
396 2586 456 2646 aut
476 2587 615 2670 propter
632 2584 884 2669 paupertatem,
911 2596 978 2644 nou
1006 2575 1117 2645 dicam
1146 2587 1190 2658 te,

112 2722 211 2791 quem
233 2699 322 2770 inter
334 2720 456 2770 omues
475 2707 672 2770 coaetaneos
688 2707 765 2767 tuos
778 2698 946 2789 singulari
963 2698 1114 2790 quadam
1129 2722 1193 2772 ve-

112 2824 288 2894 neratione
301 2824 504 2916 complexus
519 2844 608 2904 sum,
625 2821 685 2893 sed
700 2843 943 2914 quemcunque
954 2822 1193 2915 despicerem?

112 2967 187 3017 cum
207 2957 329 3017 contra
348 2967 590 3038 saepenumero
609 2955 687 3038 post
703 2942 844 3014 divitias
859 2945 1083 3038 despexerim
1103 2968 1192 3040 quos

113 3081 187 3141 aute
210 3091 442 3164 suspexeram
464 3081 568 3161 alque
587 3070 776 3152 colueram,
799 3088 866 3138 uon
889 3071 970 3162 quia
991 3091 1056 3163 per
1076 3091 1118 3141 se
1135 3073 1191 3142 vel

112 3192 373 3266 contemnendae
390 3193 524 3263 divitiae
545 3194 601 3263 vel
622 3192 781 3263 amabllis
809 3193 852 3262 sit
878 3202 1083 3286 paupertaS,
1112 3217 1191 3265 cum

113 3315 369 3409 aphilosophis
391 3316 467 3386 llaec
487 3318 577 3387 inter
609 3316 838 3389 indifferentia
863 3320 1037 3389 numerari
1060 3318 1193 3389 didice-

114 3437 189 3520 rim,
212 3437 277 3509 sed
297 3439 393 3530 quia,
413 3437 508 3530 quod
525 3437 727 3509 observatio
744 3441 848 3532 longa
862 3463 917 3510 mc
931 3441 1058 3524 docuit,
1072 3442 1191 3511 multis

112 3559 307 3631 adversitas
328 3559 393 3630 luit
415 3560 531 3633 schola
552 3561 735 3649 virtutum,
763 3566 976 3657 prosperitas
1003 3564 1193 3635 vitiorum?

112 3681 239 3754 Verum
259 3704 326 3774 ego
345 3683 530 3756 scribendo
556 3685 624 3756 iam
646 3688 761 3756 lessus
785 3706 876 3772 sum,
906 3708 969 3759 nec
994 3686 1109 3756 minus
1139 3688 1191 3756 in-

113 3805 279 3894 quirendo
301 3801 476 3897 quomodo
497 3807 556 3878 tibi
574 3809 670 3879 veuit
690 3807 723 3877 in
749 3819 900 3882 mentem
916 3818 954 3879 ut
967 3808 1043 3879 haec
1056 3809 1190 3881 diceres

113 3935 144 3995 et
162 3935 223 4000 tuo
240 3929 319 4002 stilo
336 3939 372 4000 et
391 3931 478 4001 meis
498 3929 655 4002 moribus
674 3931 801 4003 aliena:
825 3933 891 4002 nisi
906 3933 993 4004 forte
1016 3932 1190 4005 silentium

115 4068 223 4122 meum
238 4073 341 4146 aequo
354 4052 505 4144 longius,
524 4055 643 4137 fateor,
665 4055 838 4147 castigare
856 4057 922 4127 hnc
944 4058 1112 4153 supplicio
1130 4078 1192 4128 vo·

115 4172 210 4246 luisti.
246 4175 357 4258 Quam
380 4178 470 4247 iuste
492 4198 559 4248 non
582 4176 738 4271 disputo:
767 4177 879 4249 omnis
907 4181 999 4273 apud
1025 4206 1080 4253 mc
1108 4181 1190 4251 tanti

235 4309 269 4348 tlt.
1019 4307 1038 4351 'd
