2738 4680
218 309 276 370 lat
558 322 598 370 nn
620 321 720 369 annus
742 318 963 368 ruunnuunus

217 469 319 550 serui,
339 469 398 536 vel
415 467 450 536 in
468 466 545 537 aliis
562 483 660 536 error
677 472 737 536 aut
754 463 891 547 oblivio,
912 463 956 534 de
974 484 1044 554 quo
1061 487 1153 536 nunc
1173 464 1298 557 agitur.

187 560 193 632 ἶ
214 591 327 660 Vitam
354 589 439 659 mihi
460 588 580 659 alienis
605 588 708 660 dictis
729 612 771 660 ac
796 588 935 661 monitis
961 609 1087 658 ornare
1110 592 1222 661 fateor
1247 602 1301 662 est

190 635 192 644 ι

191 682 194 692 r

192 695 195 779 i
215 713 361 795 animus,
383 733 453 782 non
471 712 610 795 stilum3
632 712 699 782 nisi
720 714 776 782 vel
793 713 926 804 prolato
948 721 1103 797 auctore,
1118 713 1176 783 vel
1190 723 1301 785 muta-

183 799 195 918 ,ἒ
216 835 308 907 tione
334 835 475 927 insigni,
503 846 541 906 ut
566 834 756 905 mutatione
790 835 907 927 apium
940 858 960 906 e
989 835 1106 906 multis
1131 844 1167 907 et
1193 838 1301 908 variis

181 943 186 1004 ¹¹
214 957 360 1029 floribus
376 960 445 1029 mel
463 962 570 1030 unum
589 957 647 1028 fit:
666 959 816 1051 alioquin
835 962 945 1030 multo
963 959 1080 1030 malim
1098 980 1200 1032 meus
1218 962 1302 1031 mihi

180 1068 185 1107 ³
215 1080 316 1152 stilus
352 1081 409 1163 sit,
437 1081 588 1152 incultus
614 1082 693 1152 licet
713 1091 818 1174 atque
843 1081 1018 1165 horridus
1043 1082 1148 1153 sicin
1169 1105 1301 1155 morem

172 1176 177 1223 '³
217 1213 307 1295 togae
329 1203 458 1274 habilis
489 1203 535 1273 ad
561 1224 762 1274 mensuram
792 1201 922 1293 ingenii
948 1204 1016 1273 mei
1042 1206 1168 1288 factus,
1196 1228 1300 1297 quam

215 1328 360 1408 alienus,
382 1327 506 1397 cultior
527 1325 712 1396 ambitioso
732 1341 867 1408 ornatu,
891 1324 954 1396 sed
974 1349 994 1397 a
1011 1328 1142 1397 maiore
1163 1327 1302 1418 ingenio

214 1450 403 1542 profectus
432 1458 536 1541 atque
563 1448 717 1540 undique
744 1446 903 1519 defluens
931 1448 1037 1518 animi
1062 1449 1204 1520 humilis
1234 1473 1301 1521 non

215 1572 428 1642 conveniens
447 1582 601 1642 staturae.
620 1570 741 1642 Omnis
760 1571 870 1642 vestis
887 1571 1090 1642 histrionem
1109 1573 1219 1657 decet,
1239 1574 1303 1645 sed

215 1717 284 1766 non
305 1693 418 1763 omnis
445 1693 654 1764 scribentem
677 1695 800 1766 stilus:
829 1714 914 1765 suus
935 1695 1061 1785 cuique
1099 1696 1301 1767 formandus

216 1818 484 1910 servandosque
505 1825 571 1902 est,
595 1840 638 1888 ne
660 1819 717 1889 vel
737 1817 943 1889 difformiter
970 1817 1092 1889 alienis
1113 1818 1225 1888 induti
1245 1822 1302 1890 vel

216 1962 389 2011 concursu
417 1943 554 2033 plumas
586 1963 669 2012 suas
699 1940 929 2033 repetentium
957 1943 1139 2013 volucrum
1165 1943 1301 2035 spoliati

215 2087 293 2136 cum
320 2065 496 2136 cornicula
516 2064 709 2135 videamur.
737 2065 781 2133 Et
801 2076 856 2135 est
881 2086 964 2135 sane
990 2066 1116 2158 cuique
1136 2068 1302 2137 naturali-

217 2197 269 2257 ter
289 2195 327 2257 ut
347 2187 382 2256 in
405 2189 502 2258 vultu
523 2198 558 2257 et
578 2197 696 2278 gestu,
725 2187 774 2257 sic
796 2187 832 2257 in
852 2208 939 2260 voce
959 2198 994 2260 et
1015 2210 1175 2260 sermone
1201 2190 1302 2282 quid-

215 2311 297 2383 dam
319 2330 422 2381 suum
442 2333 482 2381 ac
499 2311 688 2404 proprium,
707 2310 802 2403 quod
822 2313 934 2381 colere
951 2321 987 2382 et
1002 2311 1175 2404 castigare
1196 2335 1300 2407 quam

216 2445 351 2503 mutare
377 2455 456 2503 cum
478 2433 610 2503 facilius
638 2443 709 2502 tum
736 2435 861 2504 melius
887 2443 991 2526 atque
1017 2437 1150 2506 felicius
1177 2437 1232 2506 sit.
1259 2436 1302 2505 Et

216 2578 320 2648 quem
340 2565 373 2625 te
391 2556 495 2626 sacis?
511 2556 608 2626 Dicet
624 2556 763 2648 aliquis:
783 2577 851 2626 non
869 2567 915 2639 tu,
931 2560 1050 2641 amice,
1067 2559 1125 2650 qui
1141 2581 1196 2629 me
1211 2560 1300 2630 nosti

214 2679 384 2762 fundituS,
413 2680 592 2749 sedunus
622 2679 748 2771 aliquis
773 2702 820 2750 ex
850 2680 892 2751 iis
919 2680 1044 2765 tacitis,
1071 2680 1134 2773 qui
1164 2681 1300 2754 silentio

216 2800 279 2870 tuti
309 2800 492 2894 securique
524 2801 829 2894 repraehensorum
865 2801 1055 2881 observant
1085 2803 1189 2888 alios,
1221 2813 1256 2875 et
1281 2827 1300 2875 e

216 2925 363 3016 singulis
383 2923 502 2996 verbis
524 2927 652 2996 nostris
674 2924 815 2997 totidem
836 2927 975 2997 aculeos
997 2927 1146 2997 conflare
1168 2927 1300 2998 didice-

217 3058 307 3118 runt.
337 3046 489 3120 Audiant
506 3051 608 3141 plane
630 3048 689 3141 qui
719 3051 793 3119 solo
818 3049 968 3119 saeviunt
990 3049 1126 3132 auditu;
1149 3072 1220 3121 non
1247 3074 1300 3122 me

216 3170 302 3241 facio
322 3192 426 3262 quem
448 3170 635 3262 descripsit
656 3172 831 3243 luvenalis
848 3172 1030 3262 egregium
1051 3184 1192 3244 vatem:

656 3310 706 3373 oui
723 3327 782 3372 non
800 3310 838 3372 sit
853 3310 972 3389 publica
995 3327 1073 3373 vena

374 3405 434 3479 Qui
451 3405 526 3466 nihil
542 3407 716 3486 expositum
734 3407 827 3468 soleat
843 3408 1010 3482 deducere,
1029 3423 1085 3468 nec
1103 3405 1157 3484 qui

373 3504 496 3583 Vulgari
512 3505 601 3567 feriat
616 3521 737 3568 carmen
755 3503 876 3566 triviale
893 3511 1035 3567 moneta:

217 3660 341 3731 nempe
362 3660 465 3730 quem
488 3639 563 3730 ipse
583 3639 644 3730 qui
665 3635 833 3708 scriberet
852 3659 921 3708 non
942 3645 1138 3709 monstrare
1160 3638 1224 3710 sed
1242 3660 1298 3710 co·

216 3762 328 3852 gitare
349 3784 387 3833 se
407 3769 538 3832 tantum
563 3781 667 3854 posse
687 3762 863 3831 fateretur.
883 3761 957 3830 Non
979 3782 1058 3831 cum
1079 3762 1243 3833 Horatio:

374 3899 481 3964 Libera
497 3916 552 3979 per
570 3915 703 3962 vacuum
719 3898 807 3977 posui
826 3900 955 3978 vestigia
972 3900 1113 3980 princeps

219 3991 280 4052 aut

376 4127 595 4142 ........
618 4077 732 4159 patrios
750 4093 805 4156 ego
823 4080 960 4158 primum
976 4076 1095 4142 iambos

377 4176 500 4242 Ostendi
517 4178 615 4254 Latio,
