2804 4656
189 288 249 350 188
408 347 410 350 ,
526 299 567 346 aa
589 297 690 346 annus
712 294 935 344 aaururaamns

188 466 264 516 rum
296 444 416 536 praelio
449 461 618 534 oppressa
648 450 684 510 et
709 438 866 511 externis
897 435 1031 507 insidiis
1058 435 1273 505 circumven-

189 579 232 639 ta.
255 568 376 659 ltaque
396 587 476 636 cum
496 564 531 633 in
553 561 687 633 cunctis
707 561 827 652 segnis
848 559 1021 631 cunctatio
1038 559 1131 630 ioeda
1150 558 1202 638 sit,
1222 564 1273 626 ta-

186 710 266 760 men
287 688 321 759 in
343 688 552 781 imperatore
573 685 765 757 loedissima
782 693 850 765 est,
870 683 926 754 cui
946 693 982 753 et
1002 705 1118 753 rerum
1141 683 1221 773 plus
1238 687 1273 749 et

188 813 303 882 minus
325 823 380 881 est
401 811 579 901 temporis
601 817 716 900 atque,
741 818 777 878 ut
798 805 864 876 dici
887 808 986 890 solet,
1006 805 1063 874 via
1084 804 1221 894 longior
1239 812 1272 874 et

185 933 327 1005 brevior
347 932 437 1004 dies.
456 934 546 1003 Ecce
568 954 670 1015 nunc,
694 929 812 1000 Caesar
833 929 957 1023 (sentio
975 928 1066 1000 enim
1088 927 1169 997 hinc
1188 925 1271 1018 quid

186 1057 234 1127 ibi
251 1057 380 1150 agitur:
400 1077 549 1147 magnus
566 1054 705 1147 quidem
724 1056 926 1148 explorator
942 1073 1040 1123 amor
1057 1061 1121 1134 est,
1143 1060 1180 1120 et
1200 1069 1273 1119 ma-

187 1200 278 1269 gnus
299 1175 512 1270 excubitor),
535 1181 570 1246 in
591 1175 746 1248 consiliis
767 1176 875 1246 vitam
897 1174 993 1245 teris.
1015 1173 1166 1244 Consilia
1187 1192 1271 1242 vero

185 1301 252 1372 nisi
272 1304 307 1373 in
330 1310 444 1373 actum
466 1301 648 1393 prodeant,
671 1300 756 1372 nudi
779 1309 861 1369 sunt
885 1298 1074 1389 cogitatus,
1094 1307 1128 1366 et
1150 1295 1270 1365 inanes

189 1444 295 1493 curae.
313 1423 397 1493 Cras
416 1422 593 1514 incipiam,
608 1422 775 1515 postridie
789 1420 971 1493 movebor.
987 1421 1055 1489 Cur
1068 1441 1137 1488 non
1150 1438 1271 1510 quaeso

186 1542 313 1614 hodie‘?
334 1543 383 1613 lta
405 1565 448 1613 ne
467 1564 604 1636 semper
621 1544 685 1613 lux
702 1552 852 1614 ventura
870 1540 1027 1612 serenior
1048 1559 1271 1631 praesensque

184 1664 401 1735 nubilosior?
415 1666 547 1759 Nempe
565 1677 684 1738 vatum
703 1666 888 1749 maximus
908 1676 946 1736 ut
963 1662 1101 1748 audisti,
1116 1665 1271 1756 optimam

179 1789 326 1880 primam
343 1787 443 1860 dicit:
463 1790 573 1884 prima
587 1800 705 1860 autem
724 1810 882 1881 praesens
896 1800 959 1875 est,
974 1787 1115 1882 quando
1132 1788 1166 1857 in
1183 1808 1269 1879 prae·

186 1909 296 1982 teritis
308 1920 434 2004 praeter
448 1914 648 1984 memoriam
665 1912 710 1982 nil
721 1911 899 1996 habemus
913 1933 1026 2005 neque
1041 1911 1270 2002 impossilinm

184 2036 391 2106 consultatio
417 2037 484 2106 ulla
510 2047 580 2108 est:
610 2037 643 2105 in
668 2035 793 2107 futuris
820 2035 902 2105 nihil
928 2044 1056 2129 praeter
1081 2033 1268 2125 angurium

184 2167 220 2228 et
240 2158 316 2253 spei
332 2160 463 2231 fallacis
483 2158 687 2242 illecebrae,¹
699 2168 738 2229 ut
756 2159 826 2229 sint
843 2180 945 2252 pares
960 2159 998 2226 in
1024 2157 1168 2250 reliquis
1195 2157 1270 2227 baec

185 2293 220 2353 et
238 2305 388 2375 sequens
402 2284 491 2366 dies,
514 2284 608 2376 quod
629 2286 750 2354 saltem
770 2283 815 2356 sit
838 2284 904 2354 ista
928 2281 1139 2377 praesentior
1158 2303 1269 2374 eoque

186 2407 313 2479 certior
334 2407 454 2497 negari
476 2407 608 2500 nequit;
630 2420 665 2478 et
682 2409 739 2479 illa
756 2429 967 2500 quamquam
985 2417 1133 2478 ventura
1152 2407 1268 2496 utique

185 2551 249 2601 nos
276 2552 319 2599 an
346 2530 529 2601 inventura
557 2530 603 2600 sit
626 2528 785 2614 dubium,
807 2530 883 2601 haec
904 2540 998 2600 certe
1024 2551 1103 2599 cum
1129 2526 1265 2598 abierit:

184 2674 253 2723 nou
275 2650 413 2722 redibit.
435 2652 525 2735 Quid
544 2675 683 2746 semper
700 2653 858 2724 absentia
876 2653 1090 2745 quaerimus?
1108 2653 1268 2730 Praesen-

186 2775 233 2845 tia
254 2777 538 2866 complectamur,
554 2798 621 2847 neu
634 2775 735 2847 nobis
749 2776 915 2848 inutiliter
927 2777 1070 2847 effluant
1085 2774 1266 2844 enitamur.

185 2897 223 2967 ld
238 2919 317 2966 cum
331 2897 493 2968 omnibus
511 2899 602 2979 utile,
618 2897 677 2969 tibi
692 2903 928 2971 necessarium
944 2898 1043 2984 adeo,
1060 2898 1186 2980 Caesar,
1200 2903 1265 2976 est,

185 3032 223 3091 ut
237 3022 313 3092 sine
327 3022 392 3094 hoc
408 3021 623 3115 quantalibet
639 3023 810 3096 industria
823 3044 884 3093 seu
903 3022 1031 3091 virtute
1047 3017 1267 3090 rationarium

185 3143 319 3235 imperii
340 3165 409 3214 non
431 3144 605 3216 absolves.
631 3147 674 3215 Et
691 3146 757 3232 cui,
780 3145 926 3239 inquies
948 3143 1114 3216 rationem
1136 3140 1266 3234 imperii

185 3265 386 3337 redditurus
411 3270 512 3337 sum‘?
530 3266 615 3351 Tibi,
641 3269 773 3353 Caesar,
792 3270 869 3363 ipsi,
892 3289 997 3361 quam
1024 3287 1093 3336 non
1111 3263 1266 3335 dubitem

184 3389 268 3480 quin
288 3398 355 3460 ate
373 3409 467 3483 saepe
483 3391 619 3481 exigas.
633 3392 757 3461 Parum
776 3392 865 3463 dura
882 3389 940 3462 tibi
955 3387 1096 3460 videtur
1108 3387 1268 3458 exactio?

184 3511 285 3581 Nulla
304 3535 411 3603 quam
428 3513 481 3583 sui
501 3513 611 3605 ipsius
625 3513 814 3607 increpatio
828 3514 956 3597 acrior,
973 3513 1065 3582 nulla
1084 3509 1266 3580 salubrior.

184 3633 274 3716 Quin
296 3645 331 3704 et
351 3633 432 3706 huic
452 3637 547 3706 aetati
568 3657 649 3729 quae
672 3649 704 3707 te
725 3636 886 3731 suspicit,
906 3638 992 3709 etin
1010 3647 1043 3706 te
1062 3657 1168 3707 unum
1187 3654 1268 3705 ocu·
1347 3686 1351 3693 .

184 3756 236 3826 los
258 3755 454 3840 defixit,‘et
475 3759 702 3851 sequentibus
729 3761 881 3843 saeculis,
905 3781 1055 3852 qnorum
1075 3769 1110 3828 et
1134 3757 1268 3828 diutur-

184 3878 282 3950 niora
308 3891 411 3952 erunt
431 3890 467 3951 et
487 3879 649 3952 liberiora
675 3881 819 3967 iudicia,
846 3881 986 3955 demum
1013 3892 1048 3952 et
1069 3875 1267 3974 imperatori

184 4000 232 4071 illi
252 4012 384 4074 aeterno
405 4005 465 4099 qni
488 4005 567 4076 huic
590 4006 767 4098 temporali
787 4006 935 4099 imperio
954 4016 986 4076 te
1004 4003 1172 4099 praefecit,
1198 4021 1266 4071 non

184 4133 222 4195 ut
243 4126 383 4214 solium,
405 4151 475 4200 non
497 4138 535 4202 ut
556 4140 746 4223 sceptrum,
766 4152 834 4202 non
853 4138 890 4204 ut
911 4128 1047 4223 imperii
1064 4126 1267 4201 nudumno-
