<?xml version="1.0" encoding="UTF-8"?>
<!DOCTYPE html PUBLIC "-//W3C//DTD XHTML 1.0 Transitional//EN"
    "http://www.w3.org/TR/xhtml1/DTD/xhtml1-transitional.dtd">
<html xmlns="http://www.w3.org/1999/xhtml" xml:lang="en" lang="en">
 <head>
  <title>
</title>
<meta http-equiv="Content-Type" content="text/html;charset=utf-8" />
  <meta name='ocr-system' content='tesseract 3.04.00' />
  <meta name='ocr-capabilities' content='ocr_page ocr_carea ocr_par ocr_line ocrx_word'/>
</head>
<body>
  <div class='ocr_page' id='page_1' title='image "./franciscipetrar00fracgoog_0168.png"; bbox 0 0 2738 4680; ppageno 0'>
   <div class='ocr_carea' id='block_1_1' title="bbox 298 328 1293 405">
    <p class='ocr_par' dir='ltr' id='par_1_1' title="bbox 298 328 1293 405">
     <span class='ocr_line' id='line_1_1' title="bbox 298 328 1293 405; baseline 0.017 -30"><span class='ocrx_word' id='word_1_1' title='bbox 298 328 392 378; x_wconf 77' lang='lat' dir='ltr'><strong>trusa</strong></span> <span class='ocrx_word' id='word_1_2' title='bbox 414 329 579 383; x_wconf 79' lang='lat' dir='ltr'><strong>rruasruus</strong></span> <span class='ocrx_word' id='word_1_3' title='bbox 601 333 991 387; x_wconf 75' lang='lat' dir='ltr'><strong>susumus-sumnum</strong></span> <span class='ocrx_word' id='word_1_4' title='bbox 1011 339 1054 388; x_wconf 81' lang='lat' dir='ltr'><strong>xr.</strong></span> <span class='ocrx_word' id='word_1_5' title='bbox 1142 329 1196 390; x_wconf 75' lang='lat' dir='ltr'><strong>tot</strong></span> <span class='ocrx_word' id='word_1_6' title='bbox 1290 399 1293 405; x_wconf 57' lang='grc'><strong>,</strong></span> 
     </span>
    </p>
   </div>
   <div class='ocr_carea' id='block_1_2' title="bbox 112 469 1200 1056">
    <p class='ocr_par' dir='ltr' id='par_1_2' title="bbox 112 469 1200 908">
     <span class='ocr_line' id='line_1_2' title="bbox 112 469 1199 576; baseline 0.014 -36"><span class='ocrx_word' id='word_1_7' title='bbox 112 472 228 564; x_wconf 89' lang='lat' dir='ltr'><strong>ipsum</strong></span> <span class='ocrx_word' id='word_1_8' title='bbox 260 469 415 544; x_wconf 87' lang='lat' dir='ltr'><strong>scribere</strong></span> <span class='ocrx_word' id='word_1_9' title='bbox 451 494 517 547; x_wconf 84' lang='lat' dir='ltr'><strong>nee</strong></span> <span class='ocrx_word' id='word_1_10' title='bbox 549 475 644 547; x_wconf 87' lang='lat' dir='ltr'><strong>volui</strong></span> <span class='ocrx_word' id='word_1_11' title='bbox 677 499 740 550; x_wconf 88' lang='lat' dir='ltr'><strong>neu</strong></span> <span class='ocrx_word' id='word_1_12' title='bbox 775 479 881 572; x_wconf 90' lang='lat' dir='ltr'><strong>potui.</strong></span> <span class='ocrx_word' id='word_1_13' title='bbox 915 481 1075 576; x_wconf 81' lang='lat' dir='ltr'><strong>Expecto</strong></span> <span class='ocrx_word' id='word_1_14' title='bbox 1106 483 1199 555; x_wconf 87' lang='lat' dir='ltr'><strong>euim</strong></span> 
     </span>
     <span class='ocr_line' id='line_1_3' title="bbox 113 590 1200 698; baseline 0.017 -37"><span class='ocrx_word' id='word_1_15' title='bbox 113 590 290 684; x_wconf 81' lang='lat' dir='ltr'>Calpurnii</span> <span class='ocrx_word' id='word_1_16' title='bbox 320 592 519 668; x_wconf 78' lang='lat' dir='ltr'>Bucolicum</span> <span class='ocrx_word' id='word_1_17' title='bbox 546 618 687 669; x_wconf 90' lang='lat' dir='ltr'><strong>carmon</strong></span> <span class='ocrx_word' id='word_1_18' title='bbox 725 610 762 673; x_wconf 90' lang='lat' dir='ltr'><strong>et</strong></span> <span class='ocrx_word' id='word_1_19' title='bbox 789 610 885 674; x_wconf 90' lang='lat' dir='ltr'><strong>tuam</strong></span> <span class='ocrx_word' id='word_1_20' title='bbox 911 602 1077 675; x_wconf 76' lang='lat' dir='ltr'><strong>Varronis</strong></span> <span class='ocrx_word' id='word_1_21' title='bbox 1107 608 1200 698; x_wconf 79' lang='lat' dir='ltr'><strong>agri-</strong></span> 
     </span>
     <span class='ocr_line' id='line_1_4' title="bbox 112 715 1200 822; baseline 0.017 -40"><span class='ocrx_word' id='word_1_22' title='bbox 112 715 303 796; x_wconf 87' lang='lat' dir='ltr'><strong>culturam;</strong></span> <span class='ocrx_word' id='word_1_23' title='bbox 332 715 436 788; x_wconf 88' lang='lat' dir='ltr'><strong>valde</strong></span> <span class='ocrx_word' id='word_1_24' title='bbox 465 716 558 789; x_wconf 90' lang='lat' dir='ltr'><strong>euim</strong></span> <span class='ocrx_word' id='word_1_25' title='bbox 587 719 731 792; x_wconf 87' lang='lat' dir='ltr'><strong>memini</strong></span> <span class='ocrx_word' id='word_1_26' title='bbox 765 723 795 795; x_wconf 89' lang='lat' dir='ltr'><strong>si</strong></span> <span class='ocrx_word' id='word_1_27' title='bbox 828 722 912 816; x_wconf 90' lang='lat' dir='ltr'><strong>quid</strong></span> <span class='ocrx_word' id='word_1_28' title='bbox 941 724 1026 797; x_wconf 90' lang='lat' dir='ltr'><strong>mihi</strong></span> <span class='ocrx_word' id='word_1_29' title='bbox 1058 728 1200 822; x_wconf 82' lang='lat' dir='ltr'><strong>promit-</strong></span> 
     </span>
     <span class='ocr_line' id='line_1_5' title="bbox 113 836 324 908; baseline 0.009 -2"><span class='ocrx_word' id='word_1_30' title='bbox 113 836 204 908; x_wconf 87' lang='lat' dir='ltr'><strong>titur.</strong></span> <span class='ocrx_word' id='word_1_31' title='bbox 228 838 324 908; x_wconf 84' lang='lat' dir='ltr'><strong>Vale.</strong></span> 
     </span>
    </p>

    <p class='ocr_par' dir='ltr' id='par_1_3' title="bbox 254 977 768 1056">
     <span class='ocr_line' id='line_1_6' title="bbox 254 977 768 1056; baseline 0.014 -24"><span class='ocrx_word' id='word_1_32' title='bbox 254 977 375 1046; x_wconf 66' lang='lat' dir='ltr'><strong>Patauii,</strong></span> <span class='ocrx_word' id='word_1_33' title='bbox 392 979 477 1036; x_wconf 83' lang='lat' dir='ltr'>XVII.</span> <span class='ocrx_word' id='word_1_34' title='bbox 494 980 611 1053; x_wconf 79' lang='lat' dir='ltr'><strong>Aprilis,</strong></span> <span class='ocrx_word' id='word_1_35' title='bbox 628 995 768 1056; x_wconf 61' lang='lat' dir='ltr'><strong>properes</strong></span> 
     </span>
    </p>
   </div>
   <div class='ocr_carea' id='block_1_3' title="bbox 620 1189 699 1200">
    <p class='ocr_par' dir='ltr' id='par_1_4' title="bbox 620 1189 699 1200">
     <span class='ocr_line' id='line_1_7' title="bbox 620 1189 699 1200; baseline 0.038 -3"><span class='ocrx_word' id='word_1_36' title='bbox 620 1189 699 1200; x_wconf 73' lang='lat'><em>—-.-.</em></span> 
     </span>
    </p>
   </div>
   <div class='ocr_carea' id='block_1_4' title="bbox 427 1405 785 1527">
    <p class='ocr_par' dir='ltr' id='par_1_5' title="bbox 427 1405 785 1527">
     <span class='ocr_line' id='line_1_8' title="bbox 427 1405 785 1527; baseline 0.02 -21"><span class='ocrx_word' id='word_1_37' title='bbox 427 1405 428 1411; x_wconf 49' lang='lat'>‘</span> <span class='ocrx_word' id='word_1_38' title='bbox 527 1446 707 1527; x_wconf 80' lang='lat' dir='ltr'><strong>uersuum</strong></span> <span class='ocrx_word' id='word_1_39' title='bbox 729 1449 785 1513; x_wconf 79' lang='lat' dir='ltr'><strong>riu.</strong></span> 
     </span>
    </p>
   </div>
   <div class='ocr_carea' id='block_1_5' title="bbox 177 1632 1138 1788">
    <p class='ocr_par' dir='ltr' id='par_1_6' title="bbox 177 1632 1138 1788">
     <span class='ocr_line' id='line_1_9' title="bbox 177 1632 1138 1698; baseline 0.018 -17"><span class='ocrx_word' id='word_1_40' title='bbox 177 1632 373 1685; x_wconf 73' lang='lat' dir='ltr'><strong>satutisuus</strong></span> <span class='ocrx_word' id='word_1_41' title='bbox 395 1635 565 1688; x_wconf 67' lang='lat' dir='ltr'><strong>ratuinus</strong></span> <span class='ocrx_word' id='word_1_42' title='bbox 587 1639 770 1691; x_wconf 77' lang='lat' dir='ltr'><strong>Atunurtuu</strong></span> <span class='ocrx_word' id='word_1_43' title='bbox 792 1642 835 1692; x_wconf 77' lang='lat' dir='ltr'><strong>DE</strong></span> <span class='ocrx_word' id='word_1_44' title='bbox 858 1641 997 1695; x_wconf 74' lang='lat' dir='ltr'><strong>cultuum</strong></span> <span class='ocrx_word' id='word_1_45' title='bbox 1018 1647 1138 1698; x_wconf 78' lang='lat' dir='ltr'><strong>MEDICO</strong></span> 
     </span>
     <span class='ocr_line' id='line_1_10' title="bbox 594 1738 724 1788; baseline 0.015 -2"><span class='ocrx_word' id='word_1_46' title='bbox 594 1738 620 1787; x_wconf 84' lang='lat' dir='ltr'><strong>S.</strong></span> <span class='ocrx_word' id='word_1_47' title='bbox 643 1739 671 1787; x_wconf 84' lang='lat' dir='ltr'><strong>P.</strong></span> <span class='ocrx_word' id='word_1_48' title='bbox 694 1740 724 1788; x_wconf 80' lang='lat' dir='ltr'><strong>it.</strong></span> 
     </span>
    </p>
   </div>
   <div class='ocr_carea' id='block_1_6' title="bbox 181 1892 1127 2048">
    <p class='ocr_par' dir='ltr' id='par_1_7' title="bbox 181 1892 1127 2048">
     <span class='ocr_line' id='line_1_11' title="bbox 181 1892 1127 1978; baseline 0.017 -32"><span class='ocrx_word' id='word_1_49' title='bbox 181 1892 300 1948; x_wconf 85' lang='lat' dir='ltr'><strong>lllortem</strong></span> <span class='ocrx_word' id='word_1_50' title='bbox 315 1893 380 1964; x_wconf 70' lang='lat' dir='ltr'><strong>fuga</strong></span> <span class='ocrx_word' id='word_1_51' title='bbox 393 1895 468 1951; x_wconf 86' lang='lat' dir='ltr'><strong>haud</strong></span> <span class='ocrx_word' id='word_1_52' title='bbox 483 1898 564 1951; x_wconf 81' lang='lat' dir='ltr'><strong>uitari</strong></span> <span class='ocrx_word' id='word_1_53' title='bbox 578 1915 670 1970; x_wconf 89' lang='lat' dir='ltr'><strong>posse.</strong></span> <span class='ocrx_word' id='word_1_54' title='bbox 688 1899 766 1956; x_wconf 84' lang='lat' dir='ltr'><strong>Furti</strong></span> <span class='ocrx_word' id='word_1_55' title='bbox 780 1901 924 1959; x_wconf 80' lang='lat' dir='ltr'><strong>domestici</strong></span> <span class='ocrx_word' id='word_1_56' title='bbox 939 1904 1014 1976; x_wconf 91' lang='lat' dir='ltr'><strong>quud</strong></span> <span class='ocrx_word' id='word_1_57' title='bbox 1029 1921 1127 1978; x_wconf 85' lang='lat' dir='ltr'><strong>passus</strong></span> 
     </span>
     <span class='ocr_line' id='line_1_12' title="bbox 359 1987 823 2048; baseline 0.015 -8"><span class='ocrx_word' id='word_1_58' title='bbox 359 2046 361 2048; x_wconf 52' lang='grc'>,</span> <span class='ocrx_word' id='word_1_59' title='bbox 478 1991 528 2042; x_wconf 80' lang='lat' dir='ltr'><strong>est</strong></span> <span class='ocrx_word' id='word_1_60' title='bbox 542 1987 688 2045; x_wconf 81' lang='lat' dir='ltr'><strong>historiam</strong></span> <span class='ocrx_word' id='word_1_61' title='bbox 702 1997 823 2047; x_wconf 83' lang='lat' dir='ltr'><strong>enarrat.</strong></span> 
     </span>
    </p>
   </div>
   <div class='ocr_carea' id='block_1_7' title="bbox 109 2227 1197 2691">
    <p class='ocr_par' dir='ltr' id='par_1_8' title="bbox 109 2227 1197 2691">
     <span class='ocr_line' id='line_1_13' title="bbox 206 2227 1195 2322; baseline 0 -23"><span class='ocrx_word' id='word_1_62' title='bbox 206 2229 262 2299; x_wconf 85' lang='lat' dir='ltr'><strong>Nil</strong></span> <span class='ocrx_word' id='word_1_63' title='bbox 283 2229 350 2302; x_wconf 88' lang='lat' dir='ltr'><strong>nisi</strong></span> <span class='ocrx_word' id='word_1_64' title='bbox 371 2234 572 2322; x_wconf 80' lang='lat' dir='ltr'><strong>pergratum</strong></span> <span class='ocrx_word' id='word_1_65' title='bbox 596 2231 629 2300; x_wconf 92' lang='lat' dir='ltr'><strong>iu</strong></span> <span class='ocrx_word' id='word_1_66' title='bbox 652 2228 776 2302; x_wconf 86' lang='lat' dir='ltr'><strong>litteris</strong></span> <span class='ocrx_word' id='word_1_67' title='bbox 803 2230 872 2301; x_wconf 92' lang='lat' dir='ltr'><strong>tuis</strong></span> <span class='ocrx_word' id='word_1_68' title='bbox 898 2230 977 2322; x_wconf 81' lang='lat' dir='ltr'><strong>legi.</strong></span> <span class='ocrx_word' id='word_1_69' title='bbox 1005 2230 1079 2300; x_wconf 86' lang='lat' dir='ltr'><strong>Etsi</strong></span> <span class='ocrx_word' id='word_1_70' title='bbox 1104 2227 1195 2300; x_wconf 80' lang='lat' dir='ltr'><strong>euim</strong></span> 
     </span>
     <span class='ocr_line' id='line_1_14' title="bbox 109 2351 1197 2446; baseline 0.002 -25"><span class='ocrx_word' id='word_1_71' title='bbox 109 2351 249 2445; x_wconf 64' lang='lat' dir='ltr'><strong>aliquid·</strong></span> <span class='ocrx_word' id='word_1_72' title='bbox 266 2353 475 2446; x_wconf 83' lang='lat' dir='ltr'><strong>supervacui</strong></span> <span class='ocrx_word' id='word_1_73' title='bbox 503 2354 634 2426; x_wconf 90' lang='lat' dir='ltr'><strong>timoris</strong></span> <span class='ocrx_word' id='word_1_74' title='bbox 661 2353 778 2424; x_wconf 87' lang='lat' dir='ltr'><strong>inesse</strong></span> <span class='ocrx_word' id='word_1_75' title='bbox 803 2352 980 2436; x_wconf 86' lang='lat' dir='ltr'><strong>videatur,</strong></span> <span class='ocrx_word' id='word_1_76' title='bbox 1009 2363 1117 2425; x_wconf 92' lang='lat' dir='ltr'><strong>tutum</strong></span> <span class='ocrx_word' id='word_1_77' title='bbox 1146 2361 1197 2424; x_wconf 88' lang='lat' dir='ltr'><strong>ta-</strong></span> 
     </span>
     <span class='ocr_line' id='line_1_15' title="bbox 111 2474 1197 2569; baseline 0.004 -26"><span class='ocrx_word' id='word_1_78' title='bbox 111 2496 187 2546; x_wconf 88' lang='lat' dir='ltr'><strong>men</strong></span> <span class='ocrx_word' id='word_1_79' title='bbox 214 2475 292 2568; x_wconf 90' lang='lat' dir='ltr'><strong>puri</strong></span> <span class='ocrx_word' id='word_1_80' title='bbox 318 2475 446 2546; x_wconf 90' lang='lat' dir='ltr'><strong>amoris</strong></span> <span class='ocrx_word' id='word_1_81' title='bbox 477 2484 596 2547; x_wconf 87' lang='lat' dir='ltr'><strong>manat</strong></span> <span class='ocrx_word' id='word_1_82' title='bbox 621 2497 641 2546; x_wconf 90' lang='lat' dir='ltr'><strong>e</strong></span> <span class='ocrx_word' id='word_1_83' title='bbox 667 2474 834 2559; x_wconf 73' lang='lat' dir='ltr'><strong>sontium,</strong></span> <span class='ocrx_word' id='word_1_84' title='bbox 862 2476 1002 2569; x_wconf 90' lang='lat' dir='ltr'><strong>dequo</strong></span> <span class='ocrx_word' id='word_1_85' title='bbox 1029 2476 1197 2569; x_wconf 77' lang='lat' dir='ltr'><strong>magister</strong></span> 
     </span>
     <span class='ocr_line' id='line_1_16' title="bbox 111 2578 456 2691; baseline 0 -23"><span class='ocrx_word' id='word_1_86' title='bbox 111 2617 269 2669; x_wconf 84' lang='lat' dir='ltr'><strong>amorum</strong></span> <span class='ocrx_word' id='word_1_87' title='bbox 293 2596 434 2691; x_wconf 67' lang='lat' dir='ltr'><strong>Scripsit</strong></span> <span class='ocrx_word' id='word_1_88' title='bbox 447 2578 456 2668; x_wconf 70' lang='grc' dir='ltr'><strong>;ι</strong></span> 
     </span>
    </p>
   </div>
   <div class='ocr_carea' id='block_1_8' title="bbox 308 2747 1062 2844">
    <p class='ocr_par' dir='ltr' id='par_1_9' title="bbox 308 2747 1062 2844">
     <span class='ocr_line' id='line_1_17' title="bbox 308 2747 1062 2844; baseline 0 -18"><span class='ocrx_word' id='word_1_89' title='bbox 308 2838 310 2841; x_wconf 37' lang='grc'><strong>,</strong></span> <span class='ocrx_word' id='word_1_90' title='bbox 353 2763 410 2826; x_wconf 82' lang='lat' dir='ltr'><strong>lies</strong></span> <span class='ocrx_word' id='word_1_91' title='bbox 428 2771 473 2826; x_wconf 93' lang='lat' dir='ltr'><strong>est</strong></span> <span class='ocrx_word' id='word_1_92' title='bbox 490 2747 598 2826; x_wconf 82' lang='lat' dir='ltr'><strong>soliciti</strong></span> <span class='ocrx_word' id='word_1_93' title='bbox 615 2764 701 2844; x_wconf 87' lang='lat' dir='ltr'><strong>plena</strong></span> <span class='ocrx_word' id='word_1_94' title='bbox 718 2765 841 2827; x_wconf 89' lang='lat' dir='ltr'><strong>timoris</strong></span> <span class='ocrx_word' id='word_1_95' title='bbox 858 2779 955 2827; x_wconf 88' lang='lat' dir='ltr'><strong>amor.</strong></span> <span class='ocrx_word' id='word_1_96' title='bbox 1060 2753 1062 2756; x_wconf 42' lang='lat'><strong><em>⁴</em></strong></span> 
     </span>
    </p>
   </div>
   <div class='ocr_carea' id='block_1_9' title="bbox 107 2918 1296 4248">
    <p class='ocr_par' dir='ltr' id='par_1_10' title="bbox 107 2918 1296 4248">
     <span class='ocr_line' id='line_1_18' title="bbox 109 2918 1193 3012; baseline 0.005 -22"><span class='ocrx_word' id='word_1_97' title='bbox 109 2919 208 2992; x_wconf 81' lang='lat' dir='ltr'><strong>Certa</strong></span> <span class='ocrx_word' id='word_1_98' title='bbox 225 2940 329 3012; x_wconf 88' lang='lat' dir='ltr'><strong>quem</strong></span> <span class='ocrx_word' id='word_1_99' title='bbox 352 2940 517 2996; x_wconf 88' lang='lat' dir='ltr'><strong>securum</strong></span> <span class='ocrx_word' id='word_1_100' title='bbox 543 2919 665 2991; x_wconf 87' lang='lat' dir='ltr'><strong>videas</strong></span> <span class='ocrx_word' id='word_1_101' title='bbox 692 2941 760 2991; x_wconf 88' lang='lat' dir='ltr'><strong>uon</strong></span> <span class='ocrx_word' id='word_1_102' title='bbox 783 2930 955 2990; x_wconf 89' lang='lat' dir='ltr'><strong>amantem</strong></span> <span class='ocrx_word' id='word_1_103' title='bbox 983 2918 1087 3001; x_wconf 82' lang='lat' dir='ltr'><strong>scito;</strong></span> <span class='ocrx_word' id='word_1_104' title='bbox 1115 2943 1193 2995; x_wconf 87' lang='lat' dir='ltr'><strong>uam</strong></span> 
     </span>
     <span class='ocr_line' id='line_1_19' title="bbox 109 3041 1195 3136; baseline 0.002 -23"><span class='ocrx_word' id='word_1_105' title='bbox 109 3045 186 3118; x_wconf 84' lang='lat' dir='ltr'><strong>licet</strong></span> <span class='ocrx_word' id='word_1_106' title='bbox 205 3064 331 3115; x_wconf 86' lang='lat' dir='ltr'><strong>secura</strong></span> <span class='ocrx_word' id='word_1_107' title='bbox 354 3043 410 3115; x_wconf 89' lang='lat' dir='ltr'><strong>sui</strong></span> <span class='ocrx_word' id='word_1_108' title='bbox 428 3042 544 3129; x_wconf 79' lang='lat' dir='ltr'><strong>virtus</strong></span> <span class='ocrx_word' id='word_1_109' title='bbox 565 3043 624 3128; x_wconf 88' lang='lat' dir='ltr'><strong>sit,</strong></span> <span class='ocrx_word' id='word_1_110' title='bbox 642 3042 720 3115; x_wconf 86' lang='lat' dir='ltr'><strong>aliis</strong></span> <span class='ocrx_word' id='word_1_111' title='bbox 737 3052 853 3114; x_wconf 84' lang='lat' dir='ltr'><strong>tumen</strong></span> <span class='ocrx_word' id='word_1_112' title='bbox 877 3041 996 3114; x_wconf 89' lang='lat' dir='ltr'><strong>timet:</strong></span> <span class='ocrx_word' id='word_1_113' title='bbox 1022 3042 1117 3136; x_wconf 86' lang='lat' dir='ltr'><strong>quod</strong></span> <span class='ocrx_word' id='word_1_114' title='bbox 1143 3044 1195 3115; x_wconf 87' lang='lat' dir='ltr'><strong>iu-</strong></span> 
     </span>
     <span class='ocr_line' id='line_1_20' title="bbox 110 3166 1296 3262; baseline 0.003 -24"><span class='ocrx_word' id='word_1_115' title='bbox 110 3177 159 3245; x_wconf 86' lang='lat' dir='ltr'><strong>ter</strong></span> <span class='ocrx_word' id='word_1_116' title='bbox 179 3169 257 3240; x_wconf 92' lang='lat' dir='ltr'><strong>illos</strong></span> <span class='ocrx_word' id='word_1_117' title='bbox 279 3167 392 3240; x_wconf 89' lang='lat' dir='ltr'><strong>civilis</strong></span> <span class='ocrx_word' id='word_1_118' title='bbox 413 3167 494 3240; x_wconf 88' lang='lat' dir='ltr'><strong>belli</strong></span> <span class='ocrx_word' id='word_1_119' title='bbox 520 3178 635 3240; x_wconf 90' lang='lat' dir='ltr'><strong>motus</strong></span> <span class='ocrx_word' id='word_1_120' title='bbox 662 3166 849 3259; x_wconf 29' lang='lat' dir='ltr'><strong>de‘illlarco</strong></span> <span class='ocrx_word' id='word_1_121' title='bbox 875 3167 1005 3243; x_wconf 84' lang='lat' dir='ltr'><strong>Catone</strong></span> <span class='ocrx_word' id='word_1_122' title='bbox 1032 3171 1192 3262; x_wconf 79' lang='lat' dir='ltr'><strong>legimus.</strong></span> <span class='ocrx_word' id='word_1_123' title='bbox 1286 3243 1296 3254; x_wconf 74' lang='grc'>,</span> 
     </span>
     <span class='ocr_line' id='line_1_21' title="bbox 108 3289 1191 3393; baseline 0.003 -32"><span class='ocrx_word' id='word_1_124' title='bbox 108 3290 176 3362; x_wconf 86' lang='lat' dir='ltr'><strong>Sed</strong></span> <span class='ocrx_word' id='word_1_125' title='bbox 193 3289 348 3384; x_wconf 89' lang='lat' dir='ltr'><strong>nequod</strong></span> <span class='ocrx_word' id='word_1_126' title='bbox 364 3291 459 3384; x_wconf 83' lang='lat' dir='ltr'><strong>apud</strong></span> <span class='ocrx_word' id='word_1_127' title='bbox 477 3292 688 3393; x_wconf 84' lang='lat' dir='ltr'><strong>teultimum</strong></span> <span class='ocrx_word' id='word_1_128' title='bbox 701 3301 776 3364; x_wconf 86' lang='lat' dir='ltr'><strong>erat</strong></span> <span class='ocrx_word' id='word_1_129' title='bbox 791 3290 886 3387; x_wconf 84' lang='lat' dir='ltr'><strong>apud</strong></span> <span class='ocrx_word' id='word_1_130' title='bbox 899 3314 955 3364; x_wconf 90' lang='lat' dir='ltr'><strong>ma</strong></span> <span class='ocrx_word' id='word_1_131' title='bbox 968 3294 1191 3388; x_wconf 85' lang='lat' dir='ltr'><strong>sitprimum,</strong></span> 
     </span>
     <span class='ocr_line' id='line_1_22' title="bbox 107 3413 1192 3510; baseline -0.003 -24"><span class='ocrx_word' id='word_1_132' title='bbox 107 3414 265 3488; x_wconf 89' lang='lat' dir='ltr'><strong>ordinem</strong></span> <span class='ocrx_word' id='word_1_133' title='bbox 285 3424 382 3497; x_wconf 90' lang='lat' dir='ltr'><strong>tuum</strong></span> <span class='ocrx_word' id='word_1_134' title='bbox 397 3435 527 3507; x_wconf 86' lang='lat' dir='ltr'><strong>sequar</strong></span> <span class='ocrx_word' id='word_1_135' title='bbox 548 3414 594 3486; x_wconf 85' lang='lat' dir='ltr'><strong>ad</strong></span> <span class='ocrx_word' id='word_1_136' title='bbox 615 3415 680 3497; x_wconf 86' lang='lat' dir='ltr'><strong>boo</strong></span> <span class='ocrx_word' id='word_1_137' title='bbox 701 3413 815 3509; x_wconf 83' lang='lat' dir='ltr'><strong>ipsam</strong></span> <span class='ocrx_word' id='word_1_138' title='bbox 833 3425 956 3510; x_wconf 85' lang='lat' dir='ltr'><strong>postea</strong></span> <span class='ocrx_word' id='word_1_139' title='bbox 971 3436 1192 3488; x_wconf 87' lang='lat' dir='ltr'><strong>reversurus.</strong></span> 
     </span>
     <span class='ocr_line' id='line_1_23' title="bbox 108 3537 1195 3633; baseline 0 -25"><span class='ocrx_word' id='word_1_140' title='bbox 108 3538 201 3610; x_wconf 84' lang='lat' dir='ltr'><strong>Laeta</strong></span> <span class='ocrx_word' id='word_1_141' title='bbox 218 3537 325 3610; x_wconf 87' lang='lat' dir='ltr'><strong>audio</strong></span> <span class='ocrx_word' id='word_1_142' title='bbox 343 3538 440 3630; x_wconf 91' lang='lat' dir='ltr'><strong>quod</strong></span> <span class='ocrx_word' id='word_1_143' title='bbox 461 3539 654 3625; x_wconf 83' lang='lat' dir='ltr'><strong>excusatio,</strong></span> <span class='ocrx_word' id='word_1_144' title='bbox 676 3538 770 3633; x_wconf 87' lang='lat' dir='ltr'><strong>apud</strong></span> <span class='ocrx_word' id='word_1_145' title='bbox 782 3539 911 3630; x_wconf 77' lang='lat' dir='ltr'><strong>vulgus</strong></span> <span class='ocrx_word' id='word_1_146' title='bbox 934 3540 1110 3633; x_wconf 24' lang='lat' dir='ltr'><strong>sorte-uon</strong></span> <span class='ocrx_word' id='word_1_147' title='bbox 1133 3558 1195 3608; x_wconf 90' lang='lat' dir='ltr'><strong>ve·</strong></span> 
     </span>
     <span class='ocr_line' id='line_1_24' title="bbox 108 3643 1193 3756; baseline -0.002 -26"><span class='ocrx_word' id='word_1_148' title='bbox 108 3660 279 3746; x_wconf 88' lang='lat' dir='ltr'><strong>risimilis‚</strong></span> <span class='ocrx_word' id='word_1_149' title='bbox 301 3660 337 3730; x_wconf 93' lang='lat' dir='ltr'><strong>in</strong></span> <span class='ocrx_word' id='word_1_150' title='bbox 359 3682 397 3732; x_wconf 86' lang='lat' dir='ltr'><strong>se</strong></span> <span class='ocrx_word' id='word_1_151' title='bbox 423 3682 520 3746; x_wconf 87' lang='lat' dir='ltr'><strong>vera,</strong></span> <span class='ocrx_word' id='word_1_152' title='bbox 550 3658 586 3732; x_wconf 80' lang='lat' dir='ltr'><strong>et</strong></span> <span class='ocrx_word' id='word_1_153' title='bbox 609 3672 749 3756; x_wconf 85' lang='lat' dir='ltr'><strong>apertas</strong></span> <span class='ocrx_word' id='word_1_154' title='bbox 773 3682 878 3734; x_wconf 90' lang='lat' dir='ltr'><strong>aures</strong></span> <span class='ocrx_word' id='word_1_155' title='bbox 906 3643 982 3732; x_wconf 72' lang='lat' dir='ltr'><strong>tuus</strong></span> <span class='ocrx_word' id='word_1_156' title='bbox 1003 3669 1038 3732; x_wconf 92' lang='lat' dir='ltr'><strong>et</strong></span> <span class='ocrx_word' id='word_1_157' title='bbox 1058 3659 1193 3731; x_wconf 82' lang='lat' dir='ltr'><strong>facilem</strong></span> 
     </span>
     <span class='ocr_line' id='line_1_25' title="bbox 107 3780 1194 3876; baseline -0.002 -21"><span class='ocrx_word' id='word_1_158' title='bbox 107 3784 261 3866; x_wconf 87' lang='lat' dir='ltr'><strong>animum</strong></span> <span class='ocrx_word' id='word_1_159' title='bbox 283 3783 466 3858; x_wconf 89' lang='lat' dir='ltr'><strong>invenerit.</strong></span> <span class='ocrx_word' id='word_1_160' title='bbox 486 3783 632 3876; x_wconf 76' lang='lat' dir='ltr'><strong>Signum</strong></span> <span class='ocrx_word' id='word_1_161' title='bbox 650 3783 752 3858; x_wconf 85' lang='lat' dir='ltr'><strong>bonae</strong></span> <span class='ocrx_word' id='word_1_162' title='bbox 770 3784 896 3856; x_wconf 88' lang='lat' dir='ltr'><strong>mantis</strong></span> <span class='ocrx_word' id='word_1_163' title='bbox 916 3789 981 3855; x_wconf 84' lang='lat' dir='ltr'><strong>est&#39;</strong></span> <span class='ocrx_word' id='word_1_164' title='bbox 993 3780 1110 3853; x_wconf 84' lang='lat' dir='ltr'><strong>fidere.</strong></span> <span class='ocrx_word' id='word_1_165' title='bbox 1130 3782 1194 3854; x_wconf 91' lang='lat' dir='ltr'><strong>So-</strong></span> 
     </span>
     <span class='ocr_line' id='line_1_26' title="bbox 108 3902 1192 4000; baseline -0.001 -23"><span class='ocrx_word' id='word_1_166' title='bbox 108 3908 180 3981; x_wconf 85' lang='lat' dir='ltr'><strong>lent</strong></span> <span class='ocrx_word' id='word_1_167' title='bbox 203 3907 266 4000; x_wconf 88' lang='lat' dir='ltr'><strong>qui</strong></span> <span class='ocrx_word' id='word_1_168' title='bbox 291 3907 640 3980; x_wconf 55' lang='lat' dir='ltr'><strong>mutta‘mentiuntur</strong></span> <span class='ocrx_word' id='word_1_169' title='bbox 665 3907 750 3978; x_wconf 86' lang='lat' dir='ltr'><strong>nihil</strong></span> <span class='ocrx_word' id='word_1_170' title='bbox 774 3907 934 3991; x_wconf 87' lang='lat' dir='ltr'><strong>eredere,</strong></span> <span class='ocrx_word' id='word_1_171' title='bbox 960 3914 997 3977; x_wconf 88' lang='lat' dir='ltr'><strong>et</strong></span> <span class='ocrx_word' id='word_1_172' title='bbox 1021 3904 1081 3997; x_wconf 90' lang='lat' dir='ltr'><strong>qul</strong></span> <span class='ocrx_word' id='word_1_173' title='bbox 1108 3902 1192 3976; x_wconf 86' lang='lat' dir='ltr'><strong>nibil</strong></span> 
     </span>
     <span class='ocr_line' id='line_1_27' title="bbox 109 4029 1194 4123; baseline -0.004 -21"><span class='ocrx_word' id='word_1_174' title='bbox 109 4029 234 4104; x_wconf 87' lang='lat' dir='ltr'><strong>omnia.</strong></span> <span class='ocrx_word' id='word_1_175' title='bbox 256 4031 344 4102; x_wconf 83' lang='lat' dir='ltr'><strong>Fere</strong></span> <span class='ocrx_word' id='word_1_176' title='bbox 364 4029 457 4102; x_wconf 90' lang='lat' dir='ltr'><strong>enim</strong></span> <span class='ocrx_word' id='word_1_177' title='bbox 477 4029 524 4103; x_wconf 87' lang='lat' dir='ltr'><strong>ita</strong></span> <span class='ocrx_word' id='word_1_178' title='bbox 541 4029 666 4118; x_wconf 84' lang='lat' dir='ltr'><strong>accidit</strong></span> <span class='ocrx_word' id='word_1_179' title='bbox 687 4041 725 4102; x_wconf 91' lang='lat' dir='ltr'><strong>ut</strong></span> <span class='ocrx_word' id='word_1_180' title='bbox 740 4032 878 4123; x_wconf 86' lang='lat' dir='ltr'><strong>qualem</strong></span> <span class='ocrx_word' id='word_1_181' title='bbox 900 4029 1050 4122; x_wconf 85' lang='lat' dir='ltr'><strong>quisque</strong></span> <span class='ocrx_word' id='word_1_182' title='bbox 1072 4047 1112 4098; x_wconf 87' lang='lat' dir='ltr'><strong>se</strong></span> <span class='ocrx_word' id='word_1_183' title='bbox 1131 4048 1194 4110; x_wconf 85' lang='lat' dir='ltr'><strong>uo·</strong></span> 
     </span>
     <span class='ocr_line' id='line_1_28' title="bbox 111 4149 1191 4248; baseline -0.003 -24"><span class='ocrx_word' id='word_1_184' title='bbox 111 4154 173 4241; x_wconf 85' lang='lat' dir='ltr'><strong>vit,</strong></span> <span class='ocrx_word' id='word_1_185' title='bbox 201 4157 290 4237; x_wconf 74' lang='lat' dir='ltr'><strong>tales</strong></span> <span class='ocrx_word' id='word_1_186' title='bbox 321 4154 408 4229; x_wconf 88' lang='lat' dir='ltr'><strong>alios</strong></span> <span class='ocrx_word' id='word_1_187' title='bbox 440 4153 615 4247; x_wconf 85' lang='lat' dir='ltr'><strong>opinetur,</strong></span> <span class='ocrx_word' id='word_1_188' title='bbox 643 4153 708 4224; x_wconf 88' lang='lat' dir='ltr'><strong>uisi</strong></span> <span class='ocrx_word' id='word_1_189' title='bbox 730 4151 907 4248; x_wconf 84' lang='lat' dir='ltr'><strong>inopinum</strong></span> <span class='ocrx_word' id='word_1_190' title='bbox 941 4154 1028 4226; x_wconf 86' lang='lat' dir='ltr'><strong>torta</strong></span> <span class='ocrx_word' id='word_1_191' title='bbox 1061 4149 1191 4244; x_wconf 86' lang='lat' dir='ltr'><strong>aliquid</strong></span> 
     </span>
    </p>
   </div>
   <div class='ocr_carea' id='block_1_10' title="bbox 0 0 1374 4680">
    <p class='ocr_par' dir='ltr' id='par_1_11' title="bbox 0 0 1374 4680">
     <span class='ocr_line' id='line_1_29' title="bbox 0 0 1374 4680; baseline 0 0"><span class='ocrx_word' id='word_1_192' title='bbox 0 0 1374 4680; x_wconf 95' lang='lat' dir='ltr'><strong> </strong></span> 
     </span>
    </p>
   </div>
  </div>
 </body>
</html>
