<?xml version="1.0" encoding="UTF-8"?>
<!DOCTYPE html PUBLIC "-//W3C//DTD XHTML 1.0 Transitional//EN"
    "http://www.w3.org/TR/xhtml1/DTD/xhtml1-transitional.dtd">
<html xmlns="http://www.w3.org/1999/xhtml" xml:lang="en" lang="en">
 <head>
  <title>
</title>
<meta http-equiv="Content-Type" content="text/html;charset=utf-8" />
  <meta name='ocr-system' content='tesseract 3.04.00' />
  <meta name='ocr-capabilities' content='ocr_page ocr_carea ocr_par ocr_line ocrx_word'/>
</head>
<body>
  <div class='ocr_page' id='page_1' title='image "./franciscipetrar00fracgoog_0522.png"; bbox 0 0 2940 4650; ppageno 0'>
   <div class='ocr_carea' id='block_1_1' title="bbox 580 320 1227 408">
    <p class='ocr_par' dir='ltr' id='par_1_1' title="bbox 580 320 1227 408">
     <span class='ocr_line' id='line_1_1' title="bbox 580 320 1227 408; baseline 0.002 -30"><span class='ocrx_word' id='word_1_1' title='bbox 580 330 731 378; x_wconf 74' lang='lat' dir='ltr'>sersaoni</span> <span class='ocrx_word' id='word_1_2' title='bbox 755 329 796 378; x_wconf 85' lang='lat' dir='ltr'>ur.</span> <span class='ocrx_word' id='word_1_3' title='bbox 966 403 968 408; x_wconf 11' lang='lat' dir='ltr'>y</span> <span class='ocrx_word' id='word_1_4' title='bbox 1172 320 1227 380; x_wconf 78' lang='lat'>507</span> 
     </span>
    </p>
   </div>
   <div class='ocr_carea' id='block_1_2' title="bbox 72 472 1302 4237">
    <p class='ocr_par' dir='ltr' id='par_1_2' title="bbox 147 472 1302 2380">
     <span class='ocr_line' id='line_1_2' title="bbox 147 472 1229 567; baseline 0.003 -24"><span class='ocrx_word' id='word_1_5' title='bbox 147 473 236 558; x_wconf 90' lang='lat' dir='ltr'>dior,</span> <span class='ocrx_word' id='word_1_6' title='bbox 259 483 295 545; x_wconf 93' lang='lat' dir='ltr'>et</span> <span class='ocrx_word' id='word_1_7' title='bbox 315 495 443 545; x_wconf 88' lang='lat' dir='ltr'>versus</span> <span class='ocrx_word' id='word_1_8' title='bbox 464 472 588 546; x_wconf 84' lang='lat' dir='ltr'>incedo</span> <span class='ocrx_word' id='word_1_9' title='bbox 610 473 766 567; x_wconf 85' lang='lat' dir='ltr'>patriam.</span> <span class='ocrx_word' id='word_1_10' title='bbox 790 473 870 546; x_wconf 85' lang='lat' dir='ltr'>Mox</span> <span class='ocrx_word' id='word_1_11' title='bbox 895 474 1126 567; x_wconf 88' lang='lat' dir='ltr'>perhorresco</span> <span class='ocrx_word' id='word_1_12' title='bbox 1153 497 1229 546; x_wconf 91' lang='lat' dir='ltr'>mu·</span> 
     </span>
     <span class='ocr_line' id='line_1_3' title="bbox 148 594 1229 687; baseline 0.001 -19"><span class='ocrx_word' id='word_1_13' title='bbox 148 620 265 669; x_wconf 91' lang='lat' dir='ltr'>rorum</span> <span class='ocrx_word' id='word_1_14' title='bbox 283 596 496 687; x_wconf 81' lang='lat' dir='ltr'>ingressum.</span> <span class='ocrx_word' id='word_1_15' title='bbox 510 597 607 667; x_wconf 88' lang='lat' dir='ltr'>Tunc</span> <span class='ocrx_word' id='word_1_16' title='bbox 624 595 733 668; x_wconf 87' lang='lat' dir='ltr'>redeo</span> <span class='ocrx_word' id='word_1_17' title='bbox 750 605 787 667; x_wconf 91' lang='lat' dir='ltr'>et</span> <span class='ocrx_word' id='word_1_18' title='bbox 802 596 910 681; x_wconf 92' lang='lat' dir='ltr'>intro,</span> <span class='ocrx_word' id='word_1_19' title='bbox 925 594 1057 667; x_wconf 91' lang='lat' dir='ltr'>etmihi</span> <span class='ocrx_word' id='word_1_20' title='bbox 1073 599 1229 669; x_wconf 80' lang='lat' dir='ltr'>solamen</span> 
     </span>
     <span class='ocr_line' id='line_1_4' title="bbox 148 719 1230 811; baseline -0.003 -18"><span class='ocrx_word' id='word_1_21' title='bbox 148 721 288 793; x_wconf 90' lang='lat' dir='ltr'>unicum</span> <span class='ocrx_word' id='word_1_22' title='bbox 303 729 418 790; x_wconf 92' lang='lat' dir='ltr'>tecum</span> <span class='ocrx_word' id='word_1_23' title='bbox 436 719 492 811; x_wconf 90' lang='lat' dir='ltr'>pia</span> <span class='ocrx_word' id='word_1_24' title='bbox 510 721 637 790; x_wconf 88' lang='lat' dir='ltr'>mentis</span> <span class='ocrx_word' id='word_1_25' title='bbox 655 727 754 810; x_wconf 89' lang='lat' dir='ltr'>parte</span> <span class='ocrx_word' id='word_1_26' title='bbox 772 738 975 801; x_wconf 89' lang='lat' dir='ltr'>conversor,</span> <span class='ocrx_word' id='word_1_27' title='bbox 991 719 1108 811; x_wconf 84' lang='lat' dir='ltr'>ibique</span> <span class='ocrx_word' id='word_1_28' title='bbox 1125 741 1230 791; x_wconf 90' lang='lat' dir='ltr'>cerno</span> 
     </span>
     <span class='ocr_line' id='line_1_5' title="bbox 149 841 1231 934; baseline 0.003 -23"><span class='ocrx_word' id='word_1_29' title='bbox 149 842 198 912; x_wconf 91' lang='lat' dir='ltr'>tui</span> <span class='ocrx_word' id='word_1_30' title='bbox 219 842 369 932; x_wconf 77' lang='lat' dir='ltr'>effigiem</span> <span class='ocrx_word' id='word_1_31' title='bbox 392 862 470 912; x_wconf 91' lang='lat' dir='ltr'>mco</span> <span class='ocrx_word' id='word_1_32' title='bbox 491 842 622 934; x_wconf 80' lang='lat' dir='ltr'>pectori</span> <span class='ocrx_word' id='word_1_33' title='bbox 644 845 826 933; x_wconf 87' lang='lat' dir='ltr'>sculptam.</span> <span class='ocrx_word' id='word_1_34' title='bbox 849 841 936 912; x_wconf 89' lang='lat' dir='ltr'>Hinc</span> <span class='ocrx_word' id='word_1_35' title='bbox 958 852 992 912; x_wconf 93' lang='lat' dir='ltr'>te</span> <span class='ocrx_word' id='word_1_36' title='bbox 1011 841 1130 926; x_wconf 90' lang='lat' dir='ltr'>video,</span> <span class='ocrx_word' id='word_1_37' title='bbox 1150 843 1231 914; x_wconf 90' lang='lat' dir='ltr'>hinc</span> 
     </span>
     <span class='ocr_line' id='line_1_6' title="bbox 149 962 1230 1056; baseline 0.002 -22"><span class='ocrx_word' id='word_1_38' title='bbox 149 963 347 1055; x_wconf 84' lang='lat' dir='ltr'>acquiesce,</span> <span class='ocrx_word' id='word_1_39' title='bbox 370 962 507 1035; x_wconf 89' lang='lat' dir='ltr'>etmihi</span> <span class='ocrx_word' id='word_1_40' title='bbox 531 973 643 1034; x_wconf 92' lang='lat' dir='ltr'>tecum</span> <span class='ocrx_word' id='word_1_41' title='bbox 675 964 822 1035; x_wconf 90' lang='lat' dir='ltr'>moranti</span> <span class='ocrx_word' id='word_1_42' title='bbox 843 964 907 1034; x_wconf 90' lang='lat' dir='ltr'>fari</span> <span class='ocrx_word' id='word_1_43' title='bbox 931 973 990 1035; x_wconf 95' lang='lat' dir='ltr'>tuo</span> <span class='ocrx_word' id='word_1_44' title='bbox 1009 964 1132 1056; x_wconf 91' lang='lat' dir='ltr'>incipis</span> <span class='ocrx_word' id='word_1_45' title='bbox 1159 967 1230 1037; x_wconf 87' lang='lat' dir='ltr'>elo-</span> 
     </span>
     <span class='ocr_line' id='line_1_7' title="bbox 149 1084 1229 1179; baseline -0.002 -22"><span class='ocrx_word' id='word_1_46' title='bbox 149 1088 245 1179; x_wconf 87' lang='lat' dir='ltr'>quio,</span> <span class='ocrx_word' id='word_1_47' title='bbox 272 1086 415 1178; x_wconf 90' lang='lat' dir='ltr'>etquid</span> <span class='ocrx_word' id='word_1_48' title='bbox 449 1087 484 1156; x_wconf 92' lang='lat' dir='ltr'>in</span> <span class='ocrx_word' id='word_1_49' title='bbox 510 1086 576 1158; x_wconf 92' lang='lat' dir='ltr'>boc</span> <span class='ocrx_word' id='word_1_50' title='bbox 605 1089 680 1157; x_wconf 89' lang='lat' dir='ltr'>loco</span> <span class='ocrx_word' id='word_1_51' title='bbox 711 1087 834 1158; x_wconf 82' lang='lat' dir='ltr'>faciam</span> <span class='ocrx_word' id='word_1_52' title='bbox 857 1107 972 1177; x_wconf 73' lang='lat' dir='ltr'>rogas,</span> <span class='ocrx_word' id='word_1_53' title='bbox 995 1084 1229 1178; x_wconf 87' lang='lat' dir='ltr'>Respondeo:</span> 
     </span>
     <span class='ocr_line' id='line_1_8' title="bbox 151 1207 1230 1315; baseline -0.003 -34"><span class='ocrx_word' id='word_1_54' title='bbox 151 1218 228 1281; x_wconf 89' lang='lat' dir='ltr'>utor</span> <span class='ocrx_word' id='word_1_55' title='bbox 248 1231 347 1302; x_wconf 89' lang='lat' dir='ltr'>pace,</span> <span class='ocrx_word' id='word_1_56' title='bbox 370 1209 574 1315; x_wconf 88' lang='lat' dir='ltr'>memetipso</span> <span class='ocrx_word' id='word_1_57' title='bbox 596 1211 708 1293; x_wconf 86' lang='lat' dir='ltr'>fruor,</span> <span class='ocrx_word' id='word_1_58' title='bbox 730 1209 816 1280; x_wconf 91' lang='lat' dir='ltr'>mibi</span> <span class='ocrx_word' id='word_1_59' title='bbox 836 1212 993 1294; x_wconf 83' lang='lat' dir='ltr'>famulor,</span> <span class='ocrx_word' id='word_1_60' title='bbox 1018 1208 1102 1279; x_wconf 91' lang='lat' dir='ltr'>mibi</span> <span class='ocrx_word' id='word_1_61' title='bbox 1127 1207 1230 1279; x_wconf 91' lang='lat' dir='ltr'>obse-</span> 
     </span>
     <span class='ocr_line' id='line_1_9' title="bbox 150 1332 1302 1430; baseline 0.001 -28"><span class='ocrx_word' id='word_1_62' title='bbox 150 1355 252 1424; x_wconf 88' lang='lat' dir='ltr'>quor,</span> <span class='ocrx_word' id='word_1_63' title='bbox 277 1332 359 1402; x_wconf 91' lang='lat' dir='ltr'>mibi</span> <span class='ocrx_word' id='word_1_64' title='bbox 380 1333 527 1426; x_wconf 90' lang='lat' dir='ltr'>impero,</span> <span class='ocrx_word' id='word_1_65' title='bbox 550 1345 586 1405; x_wconf 86' lang='lat' dir='ltr'>et</span> <span class='ocrx_word' id='word_1_66' title='bbox 606 1335 701 1426; x_wconf 91' lang='lat' dir='ltr'>quod</span> <span class='ocrx_word' id='word_1_67' title='bbox 724 1333 810 1405; x_wconf 91' lang='lat' dir='ltr'>satis</span> <span class='ocrx_word' id='word_1_68' title='bbox 830 1344 886 1406; x_wconf 89' lang='lat' dir='ltr'>est</span> <span class='ocrx_word' id='word_1_69' title='bbox 906 1354 1030 1430; x_wconf 90' lang='lat' dir='ltr'>posse,</span> <span class='ocrx_word' id='word_1_70' title='bbox 1057 1332 1141 1416; x_wconf 90' lang='lat' dir='ltr'>mihi</span> <span class='ocrx_word' id='word_1_71' title='bbox 1168 1334 1232 1405; x_wconf 92' lang='lat' dir='ltr'>do·</span> <span class='ocrx_word' id='word_1_72' title='bbox 1298 1358 1302 1364; x_wconf 92' lang='lat'>·</span> 
     </span>
     <span class='ocr_line' id='line_1_10' title="bbox 149 1454 1229 1550; baseline 0.001 -26"><span class='ocrx_word' id='word_1_73' title='bbox 149 1456 271 1538; x_wconf 92' lang='lat' dir='ltr'>minor,</span> <span class='ocrx_word' id='word_1_74' title='bbox 291 1454 376 1525; x_wconf 91' lang='lat' dir='ltr'>mihi</span> <span class='ocrx_word' id='word_1_75' title='bbox 393 1455 569 1527; x_wconf 88' lang='lat' dir='ltr'>adbaeroo.</span> <span class='ocrx_word' id='word_1_76' title='bbox 591 1457 675 1527; x_wconf 85' lang='lat' dir='ltr'>Cum</span> <span class='ocrx_word' id='word_1_77' title='bbox 694 1456 799 1528; x_wconf 92' lang='lat' dir='ltr'>iubeo</span> <span class='ocrx_word' id='word_1_78' title='bbox 822 1477 899 1528; x_wconf 92' lang='lat' dir='ltr'>sum</span> <span class='ocrx_word' id='word_1_79' title='bbox 921 1468 1063 1549; x_wconf 87' lang='lat' dir='ltr'>praesto,</span> <span class='ocrx_word' id='word_1_80' title='bbox 1083 1466 1118 1527; x_wconf 91' lang='lat' dir='ltr'>et</span> <span class='ocrx_word' id='word_1_81' title='bbox 1134 1455 1229 1550; x_wconf 90' lang='lat' dir='ltr'>quod</span> 
     </span>
     <span class='ocr_line' id='line_1_11' title="bbox 148 1577 1227 1671; baseline 0.003 -25"><span class='ocrx_word' id='word_1_82' title='bbox 148 1579 227 1648; x_wconf 85' lang='lat' dir='ltr'>voto</span> <span class='ocrx_word' id='word_1_83' title='bbox 249 1577 334 1648; x_wconf 86' lang='lat' dir='ltr'>scio:</span> <span class='ocrx_word' id='word_1_84' title='bbox 357 1579 495 1670; x_wconf 82' lang='lat' dir='ltr'>placent</span> <span class='ocrx_word' id='word_1_85' title='bbox 520 1599 611 1659; x_wconf 87' lang='lat' dir='ltr'>mea,</span> <span class='ocrx_word' id='word_1_86' title='bbox 640 1579 754 1650; x_wconf 84' lang='lat' dir='ltr'>aliena</span> <span class='ocrx_word' id='word_1_87' title='bbox 780 1581 935 1671; x_wconf 80' lang='lat' dir='ltr'>neglige,</span> <span class='ocrx_word' id='word_1_88' title='bbox 960 1581 1046 1650; x_wconf 87' lang='lat' dir='ltr'>nulli</span> <span class='ocrx_word' id='word_1_89' title='bbox 1068 1578 1227 1663; x_wconf 89' lang='lat' dir='ltr'>invideo,</span> 
     </span>
     <span class='ocr_line' id='line_1_12' title="bbox 150 1697 1229 1792; baseline 0.001 -23"><span class='ocrx_word' id='word_1_90' title='bbox 150 1699 304 1770; x_wconf 84' lang='lat' dir='ltr'>nonnulii</span> <span class='ocrx_word' id='word_1_91' title='bbox 324 1697 419 1768; x_wconf 86' lang='lat' dir='ltr'>mihi.</span> <span class='ocrx_word' id='word_1_92' title='bbox 442 1741 488 1752; x_wconf 93' lang='lat'><em>-</em></span> <span class='ocrx_word' id='word_1_93' title='bbox 510 1699 596 1770; x_wconf 87' lang='lat' dir='ltr'>Cum</span> <span class='ocrx_word' id='word_1_94' title='bbox 613 1700 742 1792; x_wconf 89' lang='lat' dir='ltr'>quibus</span> <span class='ocrx_word' id='word_1_95' title='bbox 764 1721 906 1784; x_wconf 89' lang='lat' dir='ltr'>versor,</span> <span class='ocrx_word' id='word_1_96' title='bbox 935 1722 1050 1792; x_wconf 79' lang='lat' dir='ltr'>rogas.</span> <span class='ocrx_word' id='word_1_97' title='bbox 1074 1701 1229 1772; x_wconf 83' lang='lat' dir='ltr'>Mirabile</span> 
     </span>
     <span class='ocr_line' id='line_1_13' title="bbox 148 1819 1228 1893; baseline 0.001 -3"><span class='ocrx_word' id='word_1_98' title='bbox 148 1819 266 1891; x_wconf 91' lang='lat' dir='ltr'>dictu!</span> <span class='ocrx_word' id='word_1_99' title='bbox 290 1819 376 1889; x_wconf 90' lang='lat' dir='ltr'>Cum</span> <span class='ocrx_word' id='word_1_100' title='bbox 398 1821 545 1890; x_wconf 80' lang='lat' dir='ltr'>mortuis</span> <span class='ocrx_word' id='word_1_101' title='bbox 571 1842 706 1892; x_wconf 86' lang='lat' dir='ltr'>versor.</span> <span class='ocrx_word' id='word_1_102' title='bbox 741 1822 826 1892; x_wconf 88' lang='lat' dir='ltr'>Cum</span> <span class='ocrx_word' id='word_1_103' title='bbox 854 1823 999 1893; x_wconf 90' lang='lat' dir='ltr'>mortuis</span> <span class='ocrx_word' id='word_1_104' title='bbox 1025 1822 1124 1893; x_wconf 81' lang='lat' dir='ltr'>dixi‘?</span> <span class='ocrx_word' id='word_1_105' title='bbox 1144 1822 1228 1893; x_wconf 92' lang='lat' dir='ltr'>Cum</span> 
     </span>
     <span class='ocr_line' id='line_1_14' title="bbox 148 1940 1228 2041; baseline 0.001 -27"><span class='ocrx_word' id='word_1_106' title='bbox 148 1941 350 2014; x_wconf 89' lang='lat' dir='ltr'>viventibus</span> <span class='ocrx_word' id='word_1_107' title='bbox 368 1940 486 2014; x_wconf 87' lang='lat' dir='ltr'>dicere</span> <span class='ocrx_word' id='word_1_108' title='bbox 503 1942 672 2041; x_wconf 76' lang='lat' dir='ltr'>debui-</span> <span class='ocrx_word' id='word_1_109' title='bbox 682 1942 750 2014; x_wconf 90' lang='lat' dir='ltr'>Sed</span> <span class='ocrx_word' id='word_1_110' title='bbox 768 1942 1039 2015; x_wconf 82' lang='lat' dir='ltr'>absentibus-</span> <span class='ocrx_word' id='word_1_111' title='bbox 1051 1945 1123 2014; x_wconf 92' lang='lat' dir='ltr'>lmo</span> <span class='ocrx_word' id='word_1_112' title='bbox 1140 1965 1228 2038; x_wconf 86' lang='lat' dir='ltr'>prae·</span> 
     </span>
     <span class='ocr_line' id='line_1_15' title="bbox 150 2063 1228 2159; baseline 0 -25"><span class='ocrx_word' id='word_1_113' title='bbox 150 2063 319 2135; x_wconf 89' lang='lat' dir='ltr'>sentibus.</span> <span class='ocrx_word' id='word_1_114' title='bbox 340 2063 426 2133; x_wconf 92' lang='lat' dir='ltr'>Nam</span> <span class='ocrx_word' id='word_1_115' title='bbox 451 2063 564 2135; x_wconf 91' lang='lat' dir='ltr'>vocati</span> <span class='ocrx_word' id='word_1_116' title='bbox 597 2075 633 2135; x_wconf 93' lang='lat' dir='ltr'>et</span> <span class='ocrx_word' id='word_1_117' title='bbox 664 2065 746 2135; x_wconf 94' lang='lat' dir='ltr'>culti</span> <span class='ocrx_word' id='word_1_118' title='bbox 777 2064 917 2142; x_wconf 85' lang='lat' dir='ltr'>adsunt,</span> <span class='ocrx_word' id='word_1_119' title='bbox 940 2064 1054 2135; x_wconf 88' lang='lat' dir='ltr'>vocati</span> <span class='ocrx_word' id='word_1_120' title='bbox 1081 2085 1228 2159; x_wconf 87' lang='lat' dir='ltr'>respon-</span> 
     </span>
     <span class='ocr_line' id='line_1_16' title="bbox 148 2183 1230 2278; baseline 0 -22"><span class='ocrx_word' id='word_1_121' title='bbox 148 2184 244 2269; x_wconf 89' lang='lat' dir='ltr'>dent,</span> <span class='ocrx_word' id='word_1_122' title='bbox 270 2197 305 2257; x_wconf 90' lang='lat' dir='ltr'>et</span> <span class='ocrx_word' id='word_1_123' title='bbox 328 2183 417 2256; x_wconf 92' lang='lat' dir='ltr'>iuter</span> <span class='ocrx_word' id='word_1_124' title='bbox 448 2205 577 2278; x_wconf 87' lang='lat' dir='ltr'>vepres</span> <span class='ocrx_word' id='word_1_125' title='bbox 603 2183 913 2278; x_wconf 55' lang='lat' dir='ltr'>densis‘opertum</span> <span class='ocrx_word' id='word_1_126' title='bbox 949 2184 1107 2257; x_wconf 89' lang='lat' dir='ltr'>sentibus</span> <span class='ocrx_word' id='word_1_127' title='bbox 1133 2195 1230 2277; x_wconf 75' lang='lat' dir='ltr'>pate-</span> 
     </span>
     <span class='ocr_line' id='line_1_17' title="bbox 148 2306 735 2380; baseline 0.007 -5"><span class='ocrx_word' id='word_1_128' title='bbox 148 2307 275 2380; x_wconf 85' lang='lat' dir='ltr'>factum</span> <span class='ocrx_word' id='word_1_129' title='bbox 297 2318 427 2379; x_wconf 89' lang='lat' dir='ltr'>rectum</span> <span class='ocrx_word' id='word_1_130' title='bbox 449 2309 516 2378; x_wconf 86' lang='lat' dir='ltr'>iter</span> <span class='ocrx_word' id='word_1_131' title='bbox 535 2306 735 2379; x_wconf 90' lang='lat' dir='ltr'>ostendunt.</span> 
     </span>
    </p>

    <p class='ocr_par' dir='ltr' id='par_1_3' title="bbox 149 2429 1233 2629">
     <span class='ocr_line' id='line_1_18' title="bbox 246 2429 1230 2516; baseline 0.002 -16"><span class='ocrx_word' id='word_1_132' title='bbox 246 2432 319 2502; x_wconf 92' lang='lat' dir='ltr'>Hoc</span> <span class='ocrx_word' id='word_1_133' title='bbox 350 2433 426 2503; x_wconf 91' lang='lat' dir='ltr'>loco</span> <span class='ocrx_word' id='word_1_134' title='bbox 457 2429 615 2503; x_wconf 88' lang='lat' dir='ltr'>dicturus</span> <span class='ocrx_word' id='word_1_135' title='bbox 647 2453 742 2503; x_wconf 90' lang='lat' dir='ltr'>eram</span> <span class='ocrx_word' id='word_1_136' title='bbox 776 2433 875 2516; x_wconf 90' lang='lat' dir='ltr'>vale,</span> <span class='ocrx_word' id='word_1_137' title='bbox 906 2432 942 2503; x_wconf 92' lang='lat' dir='ltr'>ui</span> <span class='ocrx_word' id='word_1_138' title='bbox 975 2431 1112 2502; x_wconf 86' lang='lat' dir='ltr'>interim</span> <span class='ocrx_word' id='word_1_139' title='bbox 1147 2432 1230 2504; x_wconf 91' lang='lat' dir='ltr'>dum</span> 
     </span>
     <span class='ocr_line' id='line_1_19' title="bbox 149 2549 1233 2629; baseline 0.001 -3"><span class='ocrx_word' id='word_1_140' title='bbox 149 2556 240 2626; x_wconf 90' lang='lat' dir='ltr'>hanc</span> <span class='ocrx_word' id='word_1_141' title='bbox 259 2549 442 2627; x_wconf 84' lang='lat' dir='ltr'>litterulam</span> <span class='ocrx_word' id='word_1_142' title='bbox 461 2557 580 2628; x_wconf 88' lang='lat' dir='ltr'>dictito</span> <span class='ocrx_word' id='word_1_143' title='bbox 598 2555 796 2629; x_wconf 88' lang='lat' dir='ltr'>uberiorem</span> <span class='ocrx_word' id='word_1_144' title='bbox 814 2578 919 2628; x_wconf 92' lang='lat' dir='ltr'>casus</span> <span class='ocrx_word' id='word_1_145' title='bbox 934 2557 1114 2627; x_wconf 86' lang='lat' dir='ltr'>materiam</span> <span class='ocrx_word' id='word_1_146' title='bbox 1132 2556 1233 2628; x_wconf 92' lang='lat' dir='ltr'>obtu-</span> 
     </span>
    </p>

    <p class='ocr_par' dir='ltr' id='par_1_4' title="bbox 72 2678 1276 4237">
     <span class='ocr_line' id='line_1_20' title="bbox 148 2678 1232 2771; baseline 0 -22"><span class='ocrx_word' id='word_1_147' title='bbox 148 2679 257 2750; x_wconf 91' lang='lat' dir='ltr'>lisset.</span> <span class='ocrx_word' id='word_1_148' title='bbox 283 2680 375 2750; x_wconf 87' lang='lat' dir='ltr'>Ecce</span> <span class='ocrx_word' id='word_1_149' title='bbox 399 2678 444 2748; x_wconf 92' lang='lat' dir='ltr'>ad</span> <span class='ocrx_word' id='word_1_150' title='bbox 470 2679 635 2751; x_wconf 88' lang='lat' dir='ltr'>medum</span> <span class='ocrx_word' id='word_1_151' title='bbox 664 2679 778 2751; x_wconf 87' lang='lat' dir='ltr'>scribo</span> <span class='ocrx_word' id='word_1_152' title='bbox 802 2680 946 2771; x_wconf 90' lang='lat' dir='ltr'>quidam</span> <span class='ocrx_word' id='word_1_153' title='bbox 972 2678 1153 2750; x_wconf 89' lang='lat' dir='ltr'>domestici</span> <span class='ocrx_word' id='word_1_154' title='bbox 1179 2680 1232 2749; x_wconf 91' lang='lat' dir='ltr'>in-</span> 
     </span>
     <span class='ocr_line' id='line_1_21' title="bbox 72 2782 1233 2891; baseline -0.001 -22"><span class='ocrx_word' id='word_1_155' title='bbox 72 2782 74 2786; x_wconf 24' lang='lat'><em>*</em></span> <span class='ocrx_word' id='word_1_156' title='bbox 149 2808 328 2871; x_wconf 89' lang='lat' dir='ltr'>traverunt</span> <span class='ocrx_word' id='word_1_157' title='bbox 348 2801 557 2884; x_wconf 59' lang='lat' dir='ltr'>duo;‚unus</span> <span class='ocrx_word' id='word_1_158' title='bbox 584 2821 731 2891; x_wconf 86' lang='lat' dir='ltr'>quorum</span> <span class='ocrx_word' id='word_1_159' title='bbox 758 2803 951 2881; x_wconf 74' lang='lat' dir='ltr'>exclamat:</span> <span class='ocrx_word' id='word_1_160' title='bbox 980 2799 1045 2871; x_wconf 92' lang='lat' dir='ltr'>Ubi</span> <span class='ocrx_word' id='word_1_161' title='bbox 1072 2801 1129 2871; x_wconf 91' lang='lat' dir='ltr'>hic</span> <span class='ocrx_word' id='word_1_162' title='bbox 1151 2801 1233 2870; x_wconf 85' lang='lat' dir='ltr'>soli-</span> 
     </span>
     <span class='ocr_line' id='line_1_22' title="bbox 149 2921 1231 3012; baseline -0.003 -20"><span class='ocrx_word' id='word_1_163' title='bbox 149 2921 258 2992; x_wconf 89' lang='lat' dir='ltr'>tarius</span> <span class='ocrx_word' id='word_1_164' title='bbox 294 2922 473 2991; x_wconf 80' lang='lat' dir='ltr'>ruricola?</span> <span class='ocrx_word' id='word_1_165' title='bbox 509 2922 603 2993; x_wconf 82' lang='lat' dir='ltr'>illico</span> <span class='ocrx_word' id='word_1_166' title='bbox 643 2944 746 2992; x_wconf 90' lang='lat' dir='ltr'>aures</span> <span class='ocrx_word' id='word_1_167' title='bbox 784 2923 902 3012; x_wconf 83' lang='lat' dir='ltr'>erigo:</span> <span class='ocrx_word' id='word_1_168' title='bbox 943 2941 1064 2991; x_wconf 89' lang='lat' dir='ltr'>vocem</span> <span class='ocrx_word' id='word_1_169' title='bbox 1103 2923 1231 3011; x_wconf 83' lang='lat' dir='ltr'>agnovi</span> 
     </span>
     <span class='ocr_line' id='line_1_23' title="bbox 150 3040 1228 3113; baseline 0 -1"><span class='ocrx_word' id='word_1_170' title='bbox 150 3040 331 3112; x_wconf 91' lang='lat' dir='ltr'>cuiusdam</span> <span class='ocrx_word' id='word_1_171' title='bbox 360 3041 459 3113; x_wconf 82' lang='lat' dir='ltr'>faceti</span> <span class='ocrx_word' id='word_1_172' title='bbox 487 3042 548 3113; x_wconf 91' lang='lat' dir='ltr'>sed</span> <span class='ocrx_word' id='word_1_173' title='bbox 574 3041 678 3111; x_wconf 91' lang='lat' dir='ltr'>nimis</span> <span class='ocrx_word' id='word_1_174' title='bbox 701 3042 844 3112; x_wconf 89' lang='lat' dir='ltr'>audacis</span> <span class='ocrx_word' id='word_1_175' title='bbox 870 3040 1062 3113; x_wconf 85' lang='lat' dir='ltr'>domestici.</span> <span class='ocrx_word' id='word_1_176' title='bbox 1085 3040 1228 3112; x_wconf 89' lang='lat' dir='ltr'>Obviam</span> 
     </span>
     <span class='ocr_line' id='line_1_24' title="bbox 151 3161 1231 3256; baseline 0.004 -26"><span class='ocrx_word' id='word_1_177' title='bbox 151 3161 199 3231; x_wconf 83' lang='lat' dir='ltr'>illi</span> <span class='ocrx_word' id='word_1_178' title='bbox 224 3183 343 3256; x_wconf 82' lang='lat' dir='ltr'>pergo.</span> <span class='ocrx_word' id='word_1_179' title='bbox 364 3162 455 3232; x_wconf 89' lang='lat' dir='ltr'>Nihil</span> <span class='ocrx_word' id='word_1_180' title='bbox 476 3165 525 3234; x_wconf 91' lang='lat' dir='ltr'>ait</span> <span class='ocrx_word' id='word_1_181' title='bbox 545 3161 624 3233; x_wconf 85' lang='lat' dir='ltr'>itte:</span> <span class='ocrx_word' id='word_1_182' title='bbox 653 3163 716 3234; x_wconf 91' lang='lat' dir='ltr'>sed</span> <span class='ocrx_word' id='word_1_183' title='bbox 743 3164 886 3236; x_wconf 91' lang='lat' dir='ltr'>domum</span> <span class='ocrx_word' id='word_1_184' title='bbox 907 3185 1127 3255; x_wconf 90' lang='lat' dir='ltr'>peromnem</span> <span class='ocrx_word' id='word_1_185' title='bbox 1152 3187 1231 3236; x_wconf 89' lang='lat' dir='ltr'>cur-</span> 
     </span>
     <span class='ocr_line' id='line_1_25' title="bbox 151 3284 1229 3382; baseline 0.004 -28"><span class='ocrx_word' id='word_1_186' title='bbox 151 3285 273 3367; x_wconf 88' lang='lat' dir='ltr'>sitans,</span> <span class='ocrx_word' id='word_1_187' title='bbox 293 3284 436 3356; x_wconf 92' lang='lat' dir='ltr'>brevem</span> <span class='ocrx_word' id='word_1_188' title='bbox 471 3287 717 3382; x_wconf 82' lang='lat' dir='ltr'>supellectilem</span> <span class='ocrx_word' id='word_1_189' title='bbox 737 3287 769 3357; x_wconf 91' lang='lat' dir='ltr'>in</span> <span class='ocrx_word' id='word_1_190' title='bbox 788 3299 908 3381; x_wconf 92' lang='lat' dir='ltr'>aperto</span> <span class='ocrx_word' id='word_1_191' title='bbox 925 3287 1073 3381; x_wconf 85' lang='lat' dir='ltr'>positam</span> <span class='ocrx_word' id='word_1_192' title='bbox 1098 3296 1229 3371; x_wconf 86' lang='lat' dir='ltr'>versat,</span> 
     </span>
     <span class='ocr_line' id='line_1_26' title="bbox 151 3406 1229 3495; baseline 0.004 -19"><span class='ocrx_word' id='word_1_193' title='bbox 151 3417 185 3477; x_wconf 92' lang='lat' dir='ltr'>et</span> <span class='ocrx_word' id='word_1_194' title='bbox 199 3406 279 3477; x_wconf 89' lang='lat' dir='ltr'>binc</span> <span class='ocrx_word' id='word_1_195' title='bbox 295 3409 375 3480; x_wconf 91' lang='lat' dir='ltr'>inde</span> <span class='ocrx_word' id='word_1_196' title='bbox 393 3408 570 3481; x_wconf 84' lang='lat' dir='ltr'>distrahit:</span> <span class='ocrx_word' id='word_1_197' title='bbox 592 3410 734 3481; x_wconf 92' lang='lat' dir='ltr'>demum</span> <span class='ocrx_word' id='word_1_198' title='bbox 755 3413 919 3482; x_wconf 90' lang='lat' dir='ltr'>lectulum</span> <span class='ocrx_word' id='word_1_199' title='bbox 942 3431 1057 3480; x_wconf 92' lang='lat' dir='ltr'>meum</span> <span class='ocrx_word' id='word_1_200' title='bbox 1076 3409 1229 3495; x_wconf 88' lang='lat' dir='ltr'>intuens,</span> 
     </span>
     <span class='ocr_line' id='line_1_27' title="bbox 151 3529 1265 3623; baseline 0.007 -27"><span class='ocrx_word' id='word_1_201' title='bbox 151 3529 262 3622; x_wconf 89' lang='lat' dir='ltr'>inquit</span> <span class='ocrx_word' id='word_1_202' title='bbox 299 3532 538 3623; x_wconf 82' lang='lat' dir='ltr'>interrogans:</span> <span class='ocrx_word' id='word_1_203' title='bbox 575 3532 716 3603; x_wconf 90' lang='lat' dir='ltr'>Hicciue</span> <span class='ocrx_word' id='word_1_204' title='bbox 746 3531 908 3603; x_wconf 81' lang='lat' dir='ltr'>dormis?</span> <span class='ocrx_word' id='word_1_205' title='bbox 935 3573 979 3586; x_wconf 92' lang='lat'>-—</span> <span class='ocrx_word' id='word_1_206' title='bbox 1005 3531 1157 3604; x_wconf 90' lang='lat' dir='ltr'>Dormio.</span> <span class='ocrx_word' id='word_1_207' title='bbox 1185 3574 1231 3585; x_wconf 92' lang='lat'><em>-</em></span> <span class='ocrx_word' id='word_1_208' title='bbox 1256 3586 1265 3617; x_wconf 70' lang='grc'>,</span> 
     </span>
     <span class='ocr_line' id='line_1_28' title="bbox 150 3652 1269 3736; baseline 0.004 -14"><span class='ocrx_word' id='word_1_209' title='bbox 150 3652 241 3736; x_wconf 90' lang='lat' dir='ltr'>Quid</span> <span class='ocrx_word' id='word_1_210' title='bbox 260 3652 414 3723; x_wconf 90' lang='lat' dir='ltr'>comedis</span> <span class='ocrx_word' id='word_1_211' title='bbox 427 3656 447 3734; x_wconf 69' lang='lat' dir='ltr'>‘t</span> <span class='ocrx_word' id='word_1_212' title='bbox 466 3694 511 3706; x_wconf 91' lang='lat'>-</span> <span class='ocrx_word' id='word_1_213' title='bbox 531 3655 672 3725; x_wconf 91' lang='lat' dir='ltr'>Panem.</span> <span class='ocrx_word' id='word_1_214' title='bbox 695 3695 741 3706; x_wconf 94' lang='grc'>-</span> <span class='ocrx_word' id='word_1_215' title='bbox 762 3654 893 3726; x_wconf 78' lang='lat' dir='ltr'>Aliud?</span> <span class='ocrx_word' id='word_1_216' title='bbox 914 3696 958 3706; x_wconf 90' lang='lat'><em>-</em></span> <span class='ocrx_word' id='word_1_217' title='bbox 980 3654 1156 3725; x_wconf 79' lang='lat' dir='ltr'>Potentem</span> <span class='ocrx_word' id='word_1_218' title='bbox 1178 3676 1232 3726; x_wconf 89' lang='lat' dir='ltr'>re·</span> <span class='ocrx_word' id='word_1_219' title='bbox 1268 3711 1269 3715; x_wconf 63' lang='lat'>,</span> 
     </span>
     <span class='ocr_line' id='line_1_29' title="bbox 150 3775 1270 3870; baseline 0 -24"><span class='ocrx_word' id='word_1_220' title='bbox 150 3797 233 3866; x_wconf 81' lang='lat' dir='ltr'>gum</span> <span class='ocrx_word' id='word_1_221' title='bbox 269 3776 452 3862; x_wconf 78' lang='lat' dir='ltr'>ferculum,</span> <span class='ocrx_word' id='word_1_222' title='bbox 480 3798 583 3870; x_wconf 89' lang='lat' dir='ltr'>rapas</span> <span class='ocrx_word' id='word_1_223' title='bbox 611 3775 812 3860; x_wconf 70' lang='lat' dir='ltr'>semiustas</span> <span class='ocrx_word' id='word_1_224' title='bbox 841 3778 951 3861; x_wconf 83' lang='lat' dir='ltr'>olera,</span> <span class='ocrx_word' id='word_1_225' title='bbox 979 3776 1170 3867; x_wconf 81' lang='lat' dir='ltr'>legumina,</span> <span class='ocrx_word' id='word_1_226' title='bbox 1198 3785 1233 3846; x_wconf 91' lang='lat' dir='ltr'>et</span> <span class='ocrx_word' id='word_1_227' title='bbox 1264 3860 1270 3868; x_wconf 19' lang='grc' dir='ltr'><em>ι</em></span> 
     </span>
     <span class='ocr_line' id='line_1_30' title="bbox 150 3897 1272 3996; baseline 0 -27"><span class='ocrx_word' id='word_1_228' title='bbox 150 3898 335 3991; x_wconf 88' lang='lat' dir='ltr'>aliquando</span> <span class='ocrx_word' id='word_1_229' title='bbox 370 3901 419 3968; x_wconf 83' lang='lat' dir='ltr'>tao</span> <span class='ocrx_word' id='word_1_230' title='bbox 448 3897 548 3969; x_wconf 90' lang='lat' dir='ltr'>bovis</span> <span class='ocrx_word' id='word_1_231' title='bbox 581 3898 761 3991; x_wconf 89' lang='lat' dir='ltr'>optimum.</span> <span class='ocrx_word' id='word_1_232' title='bbox 797 3940 842 3951; x_wconf 88' lang='lat'>-</span> <span class='ocrx_word' id='word_1_233' title='bbox 873 3899 1033 3969; x_wconf 81' lang='lat' dir='ltr'>Carnes?</span> <span class='ocrx_word' id='word_1_234' title='bbox 1066 3941 1111 3951; x_wconf 89' lang='lat'>—</span> <span class='ocrx_word' id='word_1_235' title='bbox 1143 3901 1230 3991; x_wconf 91' lang='lat' dir='ltr'>Lupi</span> <span class='ocrx_word' id='word_1_236' title='bbox 1267 3935 1272 3996; x_wconf 50' lang='lat'>2,</span> 
     </span>
     <span class='ocr_line' id='line_1_31' title="bbox 150 4018 1232 4093; baseline 0.005 -2"><span class='ocrx_word' id='word_1_237' title='bbox 150 4040 275 4092; x_wconf 89' lang='lat' dir='ltr'>carnes</span> <span class='ocrx_word' id='word_1_238' title='bbox 300 4022 419 4093; x_wconf 87' lang='lat' dir='ltr'>edunt.</span> <span class='ocrx_word' id='word_1_239' title='bbox 444 4018 577 4091; x_wconf 92' lang='lat' dir='ltr'>—Ubi</span> <span class='ocrx_word' id='word_1_240' title='bbox 603 4019 727 4092; x_wconf 75' lang='lat' dir='ltr'>lebes?</span> <span class='ocrx_word' id='word_1_241' title='bbox 748 4063 796 4076; x_wconf 90' lang='lat'>-·</span> <span class='ocrx_word' id='word_1_242' title='bbox 816 4022 891 4092; x_wconf 88' lang='lat' dir='ltr'>Non</span> <span class='ocrx_word' id='word_1_243' title='bbox 916 4020 1037 4093; x_wconf 90' lang='lat' dir='ltr'>vidisti</span> <span class='ocrx_word' id='word_1_244' title='bbox 1063 4024 1232 4093; x_wconf 76' lang='lat' dir='ltr'>ollulam?</span> 
     </span>
     <span class='ocr_line' id='line_1_32' title="bbox 153 4144 1228 4237; baseline 0 -22"><span class='ocrx_word' id='word_1_245' title='bbox 153 4185 196 4195; x_wconf 92' lang='lat'><em>-</em></span> <span class='ocrx_word' id='word_1_246' title='bbox 215 4146 278 4227; x_wconf 87' lang='lat' dir='ltr'>lta,</span> <span class='ocrx_word' id='word_1_247' title='bbox 303 4145 366 4217; x_wconf 89' lang='lat' dir='ltr'>sed</span> <span class='ocrx_word' id='word_1_248' title='bbox 387 4165 473 4215; x_wconf 89' lang='lat' dir='ltr'>ansa</span> <span class='ocrx_word' id='word_1_249' title='bbox 494 4152 685 4229; x_wconf 87' lang='lat' dir='ltr'>carentem,</span> <span class='ocrx_word' id='word_1_250' title='bbox 708 4167 772 4216; x_wconf 90' lang='lat' dir='ltr'>nec</span> <span class='ocrx_word' id='word_1_251' title='bbox 793 4144 840 4216; x_wconf 92' lang='lat' dir='ltr'>uti</span> <span class='ocrx_word' id='word_1_252' title='bbox 862 4145 940 4237; x_wconf 85' lang='lat' dir='ltr'>quis</span> <span class='ocrx_word' id='word_1_253' title='bbox 968 4166 1007 4217; x_wconf 93' lang='lat' dir='ltr'>ea</span> <span class='ocrx_word' id='word_1_254' title='bbox 1037 4154 1160 4237; x_wconf 90' lang='lat' dir='ltr'>potest.</span> <span class='ocrx_word' id='word_1_255' title='bbox 1183 4186 1228 4196; x_wconf 93' lang='lat'>—</span> 
     </span>
    </p>
   </div>
   <div class='ocr_carea' id='block_1_3' title="bbox 0 0 1477 4650">
    <p class='ocr_par' dir='ltr' id='par_1_5' title="bbox 0 0 1477 4650">
     <span class='ocr_line' id='line_1_33' title="bbox 0 0 1477 4650; baseline 0 0"><span class='ocrx_word' id='word_1_256' title='bbox 0 0 1477 4650; x_wconf 95' lang='lat' dir='ltr'> </span> 
     </span>
    </p>
   </div>
  </div>
 </body>
</html>
