2992 4664
592 337 743 389 arrsronu
768 338 840 387 xxlr.
1192 324 1246 384 357

181 483 277 577 quod
302 502 344 551 ne
372 481 505 573 pridem
537 481 712 575 acceperis
745 503 813 552 non
830 502 918 565 mea,
949 481 1011 552 sed
1044 482 1251 573 scriptorum

183 610 284 699 culpa
305 612 371 688 est,
399 626 546 696 quorum
568 624 704 696 semper
724 601 859 674 insidiis
880 623 920 674 ac
944 602 1125 675 fraudibus
1142 603 1249 696 patui,

183 731 288 801 homo
317 730 474 799 incautus
500 727 721 818 intentusque
746 726 843 797 aliis:
872 725 1063 798 studiorum
1097 748 1251 797 meorum

179 853 314 925 iactura
334 872 403 921 non
424 850 552 920 ultima.
571 850 736 942 ltasaepe
762 871 904 920 numero
936 870 1061 941 meque
1087 869 1254 942 measque

184 993 256 1057 res,
282 972 416 1043 reculas
441 970 557 1042 dicere
589 969 776 1054 debebam,
806 971 940 1063 negatis
972 972 1082 1064 pactis
1114 973 1254 1044 auxiliis

187 1091 416 1175 retardarunt,
438 1088 532 1161 etad
553 1091 710 1183 proprios
730 1101 853 1164 cuncta
876 1092 1039 1184 digitulos
1068 1093 1253 1185 redegere,

187 1234 266 1306 quae
289 1214 376 1284 mihi
398 1217 456 1285 vel
488 1236 557 1285 non
577 1215 872 1306 attingendorum,
901 1217 956 1287 vel
983 1216 1254 1288 deserendorum

187 1338 337 1430 plurium
361 1358 469 1411 causa
501 1337 575 1407 luit.
609 1338 782 1410 Hactenus
816 1339 900 1409 baec.
934 1338 1021 1410 Nam
1047 1340 1255 1431 operosioris

114 1550 116 1555 ι
187 1459 466 1552 vigiliaelabores
486 1482 549 1531 neo
574 1460 776 1553 promisisse
796 1460 857 1532 tibi
876 1460 997 1545 velim,
1019 1483 1083 1534 nec
1096 1483 1255 1555 negasse.

186 1584 336 1654 Primum
358 1582 436 1655 ideo
454 1582 537 1674 quia
564 1582 674 1654 sentio
707 1582 811 1654 fidem
835 1606 957 1655 ,meam
991 1584 1057 1655 bac
1093 1586 1129 1654 in
1161 1593 1257 1677 parte

188 1717 395 1799 suspectam,
410 1704 559 1797 eoquod
572 1704 703 1777 dudum
718 1705 888 1800 promissa
902 1705 1111 1777 distulerim:
1131 1729 1258 1780 secun-

188 1828 269 1898 dum
284 1826 376 1919 quod
397 1847 460 1898 nec
477 1827 542 1896 viri
557 1826 726 1911 boni,nec
745 1826 846 1898 amici
864 1826 1011 1900 arbitror
1032 1829 1130 1900 aliter
1151 1854 1255 1922 quam

189 1951 224 2020 in
248 1950 362 2023 animo
382 1949 513 2021 habeas
531 1948 634 2044 loqui.
652 1943 771 2020 ¹Unum
793 1948 858 2021 boc
877 1950 1124 2022 dissimulasse.
1139 1955 1258 2025 nolue-

188 2075 270 2165 rim,
297 2074 459 2168 quoniam
492 2072 536 2142 de
568 2071 745 2164 stupendis
779 2074 907 2143 amoris
932 2072 1110 2144 effectibus
1144 2096 1258 2146 sermo

180 2205 441 2291 ,susceptusest
461 2193 578 2279 nobis,
600 2193 718 2266 mirari
738 2216 795 2266 me
811 2195 894 2287 quid
916 2195 971 2267 bic
991 2196 1114 2269 iterum
1136 2198 1186 2268 rei
1205 2208 1260 2269 est

187 2320 280 2412 quod
304 2320 388 2390 mihi
414 2328 483 2390 tam
510 2318 608 2390 laeile
634 2327 813 2411 poetarum
839 2319 930 2411 regis
969 2319 1104 2390 titulum
1138 2320 1182 2392 de
1207 2321 1259 2392 in-

187 2443 359 2516 exhausto
394 2443 547 2515 caritatis
575 2453 610 2515 et
635 2442 859 2535 indulgentiae
889 2453 959 2516 tuae
989 2447 1082 2514 lonte
1107 2444 1256 2536 largiris,

187 2566 286 2639 cuius
306 2567 353 2637 rei
378 2577 534 2639 sanetum
560 2567 653 2638 hunc
678 2577 781 2660 atque
814 2566 978 2639 devotum
1004 2568 1178 2639 hominem
1210 2577 1260 2640 te-

188 2699 274 2761 stem
302 2689 402 2774 dieis,
428 2691 488 2782 qui
515 2689 550 2761 id
574 2688 658 2760 mihi
683 2712 885 2783 cognomen,
916 2691 969 2761 his
1004 2691 1038 2759 in
1064 2691 1148 2762 locis
1180 2712 1260 2762 esse

182 2813 391 2886 narraverit.
413 2813 521 2906 idque
548 2835 653 2905 quam
679 2813 804 2906 cupide
830 2834 870 2883 ac
896 2812 1044 2901 scienter
1073 2815 1260 2907 arripueris

191 2934 347 3026 epistolae
373 2943 442 3005 tuae
465 2934 707 3026 superscriptio
724 2945 759 3006 et
779 2933 857 3004 finis
875 2933 1038 3015 indicant,
1058 2920 1263 3026 quasivero

190 3078 258 3130 non
292 3055 432 3129 cuilibet
464 3057 555 3128 idem
583 3057 736 3128 narranti
774 3057 847 3149 pari
881 3056 1040 3128 facilitate
1064 3058 1262 3132 crediturus

190 3178 308 3250 fueris.
328 3178 512 3250 Enimvero
532 3177 680 3269 primum
699 3176 769 3262 tibi,
785 3178 905 3261 amice,
920 3201 1022 3270 quem
1043 3180 1263 3273 passionibus

191 3300 392 3397 expeditum
415 3300 448 3370 in
470 3301 564 3374 omni
590 3321 675 3373 vero
700 3300 826 3373 iudicio
845 3301 929 3390 nulli
951 3303 1143 3374 secundum
1164 3304 1262 3390 facio,

192 3425 278 3495 meis
299 3425 333 3494 in
351 3421 456 3495 rebus
476 3432 643 3516 quantum
663 3420 742 3493 fidei
764 3423 823 3508 sit,
847 3426 876 3496 si
898 3424 943 3496 ad
967 3425 1126 3519 teipsum
1154 3424 1262 3512 redis,

194 3544 380 3637 intelliges;
407 3546 533 3618 deinde
553 3545 645 3618 huno
667 3556 790 3622 testem
812 3547 856 3619 de
881 3570 919 3619 re
941 3546 1007 3618 sibi
1028 3547 1200 3639 incognita
1218 3550 1266 3621 lo-

193 3676 311 3739 cutum
332 3668 420 3739 scire
437 3668 621 3755 debueras,
644 3680 679 3743 et
699 3672 820 3755 scires,
843 3670 909 3742 nisi
935 3689 1123 3762 persuasor
1148 3650 1267 3762 poten-

197 3788 351 3861 tissimus
372 3811 470 3861 amor
490 3791 716 3886 obstreperet.
734 3793 808 3865 Non
829 3792 987 3884 equidem
1006 3802 1266 3884 tantummode,

196 3913 258 3986 sed
278 3935 435 4010 praeceps
456 3916 501 3987 ad
525 3902 786 3988 delectationem
807 3925 861 3987 est
886 3915 1037 3986 humana
1063 3914 1266 3999 credulitas,

196 4059 275 4109 oum
293 4039 337 4111 ad
355 4039 564 4111 contrarium
586 4039 685 4135 pigra
707 4039 760 4111 sit.
783 4039 904 4110 Cernis
927 4049 1100 4124 utamara
1118 4041 1269 4131 fugitans

198 4183 416 4257 quocumque
432 4186 507 4237 earn
526 4163 637 4236 duleis
662 4163 785 4255 aliquis
808 4184 924 4235 rumor
945 4172 1055 4246 vocat,
1080 4176 1184 4236 vento
1211 4185 1271 4235 ve-
