2934 4650
244 265 302 327 378
696 282 858 331 vuaraauu

243 447 326 497 cum¹
340 426 517 519 Ludovico
536 438 573 498 et
592 426 748 517 Gerardo
766 429 872 498 tratre
892 425 997 497 hodie
1016 428 1073 499 sel
1095 445 1175 496 cras
1201 425 1331 519 hospi-

244 560 298 622 tes
317 549 519 651 habereaet
540 551 696 622 sitientes
716 550 761 621 ad
782 551 897 620 rivum
917 549 1020 621 fontis
1041 549 1127 633 mei,
1148 550 1220 618 iam
1243 550 1328 621 istic

133 688 139 703 “
242 674 528 767 degenerantem,
557 673 621 746 sed
643 672 759 746 adhuc
780 672 922 768 quidem
948 672 1097 763 originis
1119 691 1196 742 cuae
1218 653 1326 764 signa

243 806 456 888 gestantem,
481 795 656 873 inducere.
681 797 854 888 Pepunam
882 795 1049 888 optimum
1082 816 1152 866 non
1182 794 1325 866 comedi

243 920 307 992 sed
326 919 511 991 devoravi:
531 918 669 990 nemine
685 920 722 988 in
741 928 873 1011 partem
888 917 1051 1001 admisso,
1066 910 1195 1012 prater
1209 915 1323 1012 Nym-

243 1042 364 1134 pham,
383 1042 484 1137 pictis
506 1042 574 1112 iam
592 1051 675 1113 tuno
696 1040 845 1134 pedihus
861 1040 1005 1111 deorum
1027 1040 1189 1111 convivia
1210 1039 1325 1110 medi-

231 1174 390 1263 tantem,
416 1176 452 1237 et
475 1164 627 1259 Nepuni-
653 1164 798 1256 nuptias·
826 1174 887 1234 aut
912 1162 1014 1242 Nerei
1047 1174 1106 1234 aut
1138 1162 1323 1233 Tritonum

243 1287 423 1379 obsequia,
442 1299 479 1359 et.
498 1286 633 1379 siquid
652 1290 708 1358 vel
733 1287 899 1379 aequorei⁴
917 1290 973 1358 vel
992 1285 1324 1373 flumineignumiuis

243 1420 478 1504 usquamest.

363 1579 497 1644 Discolor
514 1587 549 1643 ut
565 1579 708 1659 Nymphae
724 1580 822 1658 tetigit
839 1567 966 1657 vestigia
982 1578 1081 1659 pellis,
1110 1660 1113 1662 v
1133 1641 1136 1647 ,
1284 1660 1301 1667 ..

264 1678 528 1742 ''lectioret
544 1677 769 1742 cunctis'nimis
787 1677 937 1741 invidiosa
952 1677 1075 1756 puellis,
1183 1700 1184 1703 ¹
1286 1675 1288 1678 ’

293 1803 295 1805 >
362 1778 463 1840 Nescit
479 1779 592 1854 hahere
607 1779 722 1855 locum,
738 1778 852 1857 refugit
869 1780 926 1843 suli
942 1779 1071 1848 claustra
1086 1777 1214 1841 reuerti.

333 1896 335 1900 ’
362 1879 401 1938 Et
417 1876 473 1938 tibi
490 1876 636 1957 purpurei
654 1877 747 1940 decus
764 1877 875 1941 addidit
892 1875 1003 1937 innuba
1021 1874 1110 1950 serti,

367 1974 469 2053 Teque
486 1992 539 2054 per
557 1989 630 2037 arva
647 1990 756 2038 canens
775 1975 877 2037 varios
893 1973 966 2051 legit
983 1971 1118 2051 undique
1133 1974 1241 2051 flores,
1311 2002 1313 2005 ·

363 2075 402 2137 m
418 2073 506 2136 timet
521 2075 683 2165 humentes
699 2074 826 2153 pedibus
843 2073 956 2136 calcare
973 2086 1104 2134 sorores.
1206 2158 1212 2167 .

637 2519 814 2585 uestem
835 2521 928 2585 XXXI.

306 2674 498 2736 reluctatus
521 2686 689 2735 rnrarncu
711 2687 900 2737 PANDULPHO
922 2651 1167 2737 ulturusrm's.
1190 2691 1218 2736 r.
1241 2693 1274 2740 u.
1380 2750 1386 2764 Ι

129 2851 133 2858 ·
247 2817 364 2874 Excusat
379 2834 408 2872 se
424 2817 499 2888 quod
513 2815 679 2870 valetudinis
693 2831 775 2871 causa
788 2815 933 2870 Pisaurum
953 2834 1008 2888 quo
1022 2816 1061 2893 ab¹
1075 2833 1108 2872 eo
1127 2817 1327 2889 advocabatur,
1347 2798 1355 2806 ’

338 2925 395 2964 non
414 2909 503 2963 adeat.
524 2907 643 2962 Nunciat
666 2923 696 2961 se
720 2907 748 2961 in
773 2905 887 2961 collibus
907 2906 1044 2977 Euganeis
1066 2907 1211 2961 rusticari:
1237 2913 1265 2961 et
1290 2909 1328 2964 de

335 3005 426 3054 morte
442 2998 536 3053 uxoris
553 2999 612 3052 eins
627 2997 731 3070 aliquid
744 2996 843 3052 innuit.

345 3251 474 3322 Littera
501 3262 632 3336 vestra,
666 3267 736 3345 qua
765 3252 813 3321 nil
847 3252 991 3322 suavius
1022 3251 1165 3342 cogitari
1190 3260 1321 3344 potest,

249 3372 424 3464 ingentem
443 3374 525 3444 mihi
546 3375 700 3446 laetitiam
722 3373 757 3442 in
778 3373 938 3446 adversis
959 3374 1072 3445 attulit
1092 3396 1133 3444 ac
1153 3356 1321 3456 solamen,
1409 3430 1413 3436 .

248 3495 408 3587 quamvis
430 3519 559 3569 novum
576 3496 661 3568 vere
682 3495 766 3566 nihil
786 3496 949 3567 attulerit.
968 3496 1044 3568 Scio
1064 3496 1156 3566 enim
1177 3494 1221 3568 ab
1239 3497 1322 3577 olim

249 3640 309 3689 cor
333 3640 418 3710 erga
446 3641 500 3691 me
526 3632 696 3704 vestrum,
718 3628 753 3689 et
773 3618 987 3691 affectionem
1008 3618 1101 3689 illam
1128 3619 1323 3692 sincerissi-

249 3762 366 3824 mam,
387 3761 456 3811 non
481 3743 618 3835 qualem
649 3738 695 3812 ad
721 3741 895 3812 subiectos
920 3740 1066 3826 domini,
1093 3739 1156 3811 sed
1182 3743 1321 3834 qualem

249 3862 375 3939 filiiad
389 3874 551 3960 parentes
572 3862 715 3946 habent,
737 3865 804 3948 vel,
823 3863 916 3957 quod
941 3876 995 3935 est
1024 3863 1280 3950 vehementius,
1301 3885 1323 3935 e

250 3987 613 4069 conuersollcnircm,
629 3986 745 4068 fateor,
761 3982 908 4055 libenter
921 4006 991 4055 non
1007 3994 1149 4079 propter
1170 3969 1322 4079 aliquem

251 4109 531 4194 metummortis,
552 4107 614 4182 sed
635 4118 773 4202 propter
793 4109 970 4201 intensum
986 4129 1051 4180 uos
1068 4106 1210 4185 ridendi
1230 4108 1323 4181 desi-
