2940 4650
210 295 271 355 oto
556 279 714 353 urrunnu(
735 304 953 353 utrrnatuuu.

211 450 293 521 tatio
313 449 511 540 nuptiarum
531 468 600 518 non
618 445 678 517 tibi
697 448 830 538 placet‘.l
844 488 888 498 -
903 447 988 518 Mihi
1008 446 1207 544 displicet.
1229 449 1317 519 Vana

208 580 245 642 et
275 572 454 643 effraenata
486 571 620 644 laetitia.
655 567 765 640 breve
798 569 984 659 gaudium,
1014 573 1134 663 longa
1166 574 1312 655 iactura,

209 693 376 765 damnosa
394 714 568 785 expensa,
588 689 645 760 ubi
665 687 798 761 infinita
815 693 971 762 enormia
989 695 1182 787 reperies,
1202 695 1313 766 ebrie·

208 828 316 905 talea,
352 821 530 913 crapulaS,
566 817 754 913 ingluvies,
793 825 972 902 tumultus
1010 821 1117 906 titos,
1158 825 1307 907 scelera,

209 938 452 1013 bacchantium
480 946 670 1015 amentium
704 948 878 1031 fremitus,
907 944 1080 1017 seditiosa
1111 946 1304 1038 obsequia,

208 1066 451 1135 nauseantium
486 1066 653 1149 vomitus
693 1065 853 1139 tubarum
888 1091 930 1139 ao
962 1069 1090 1139 lituum
1129 1069 1304 1140 stridores

208 1183 370 1275 ignavos
393 1201 429 1258 et
447 1211 536 1280 quas
560 1189 654 1260 haud
674 1189 796 1262 dubito
816 1191 925 1262 edidit
944 1192 1047 1260 Pluto
1066 1192 1204 1261 stultas
1223 1189 1303 1260 suh

208 1307 354 1380 sitiendo
379 1311 536 1381 choreas.
564 1315 654 1384 Heu!
685 1335 741 1385 me
768 1312 872 1384 taedet
898 1313 1103 1384 amentium.
1133 1315 1301 1383 -Multa

207 1428 363 1499 ostendis
384 1433 474 1500 mala
489 1449 532 1483 -‘-
547 1432 659 1502 Pauca
681 1425 763 1504 sunt
784 1443 944 1526 respectu
976 1454 1102 1503 eorum
1133 1455 1222 1526 quae
1247 1455 1298 1503 re

207 1558 310 1621 stant.
332 1554 383 1623 De
403 1552 458 1623 his
479 1575 543 1647 pro
564 1576 666 1625 nuno.

210 1799 354 1896 (Caetera
386 1824 459 1893 qnae
490 1804 672 1896 seponatur
695 1803 922 1875 desiderantur
957 1807 993 1874 in
1031 1804 1114 1874 libro
1155 1807 1295 1876 Basileoe

261 2010 267 2018 ‚
309 1924 409 2009 edito,
444 1938 475 1995 et
509 1930 547 1996 in
583 1929 748 2019 superiori
779 1926 993 1998 adnotatione
1025 1947 1047 1994 a
1086 1949 1141 1994 nte
1180 1930 1294 2009 citato;

305 2051 479 2117 arctantia
499 2051 602 2118 altero
626 2047 808 2119 Mediolani
826 2046 982 2141 rapoto.)

206 2287 273 2358 Sed
306 2287 391 2377 quid
426 2287 471 2357 de
508 2284 606 2357 filiis?
637 2288 708 2358 Nec
741 2285 907 2369 habendi,
929 2309 995 2358 nec
1015 2289 1162 2382 optandi
1189 2296 1292 2363 sunt‘l

206 2449 251 2460 -
273 2409 422 2502 Optandi
454 2410 549 2491 attis,
577 2430 647 2479 non
673 2410 768 2479 mihi.
792 2410 827 2478 Si
854 2408 915 2479 lilii
941 2410 1091 2482 rebelles
1117 2416 1228 2503 patri,
1251 2437 1290 2486 ea

205 2552 299 2601 mors
334 2531 450 2602 carnis
484 2542 518 2601 et
551 2531 691 2614 animae,
726 2532 882 2624 corporis
920 2533 1075 2620 afflictio,
1111 2536 1203 2607 vitae
1232 2559 1290 2630 op-

206 2651 355 2743 pressio,
385 2650 568 2721 solicitudo
600 2650 760 2738 assidua,
783 2652 881 2723 labor
900 2675 1165 2748 supervacuus,
1190 2660 1291 2732 timor

204 2773 371 2856 eximiae,
394 2793 477 2865 spes
497 2772 676 2863 ambigua,
696 2797 793 2846 amor
814 2777 986 2869 perditus,
1006 2779 1127 2848 infelix
1148 2776 1291 2852 deside-

206 2894 310 2981 rium,
346 2917 473 2989 anceps
507 2898 701 2984 successio,
730 2899 902 2990 ingratum
929 2922 1054 2991 genus
1077 2903 1204 2992 mortis
1231 2926 1291 2997 pa-

206 3028 323 3089 ternae.
338 3020 420 3090 mihi
444 3018 514 3113 (sic)
540 3021 679 3092 inhians
704 3023 910 3115 expectatio.
934 3022 1157 3095 Haereditatis
1177 3027 1291 3116 gratia

203 3141 348 3232 cupiunt
371 3139 429 3210 filii
453 3144 562 3234 patris
582 3143 735 3226 obitum;
762 3144 845 3236 quin
871 3145 932 3216 diu
957 3146 1115 3238 cupiunt,
1142 3146 1218 3220 imo
1244 3151 1291 3218 nii

204 3261 302 3356 aliud
327 3275 530 3357 expectant,
554 3275 591 3334 ut
610 3264 805 3337 libertatem
828 3266 895 3336 sibi
914 3266 1100 3338 vindicent.
1117 3307 1163 3321 -
1179 3271 1291 3343 Natos

204 3387 481 3480 quamplurimos
501 3387 575 3459 vidi
596 3408 683 3458 voce
705 3387 929 3458 moestissima
955 3389 1124 3460 amissum
1151 3395 1294 3480 genito·

205 3531 278 3581 rem
296 3511 422 3582 acriter
440 3511 536 3581 flere.
557 3551 602 3563 -
620 3511 714 3580 Bene
732 3511 950 3581 extrinsecus
975 3509 1089 3594 viden,
1109 3512 1173 3583 sed
1193 3516 1294 3607 quod

204 3633 294 3704 intra
320 3645 442 3724 gerant
467 3634 618 3723 ignoras.
648 3633 814 3704 Simulata
843 3641 925 3702 sunt
951 3633 1087 3703 omnia:
1113 3634 1151 3704 iu
1176 3639 1294 3727 patris

203 3755 325 3826 funere
346 3755 419 3825 nati
439 3755 610 3848 ploratum
632 3753 733 3823 visus
754 3774 834 3824 esse
855 3754 952 3824 scito.
969 3794 1014 3805 -
1029 3753 1083 3823 lra
1099 3764 1136 3824 et
1155 3778 1295 3849 augore

204 3877 395 3968 premeris:
416 3898 577 3948 caussam
599 3876 692 3946 novi.
716 3876 764 3945 De
786 3874 865 3944 filiis
885 3874 1004 3968 pravis
1029 3877 1197 3967 loqueris.
1223 3884 1296 3956 Sed

206 3997 236 4066 si
256 3999 408 4071 illustres
428 4011 464 4070 et
484 4000 631 4070 virtuosi
655 4010 774 4082 erunt,
803 4019 916 4068 nonne
946 4008 1079 4088 patrem
1110 4000 1296 4078 famosum

205 4118 371 4191 reddenti
390 4142 471 4192 nam
492 4124 604 4194 virtus
626 4121 660 4189 in
683 4142 722 4192 se
742 4121 890 4212 ipsamet
913 4119 1101 4204 redundat,
1125 4143 1169 4196 ac
1194 4127 1228 4196 in
1256 4152 1299 4203 se
