2992 4664
579 307 732 357 urrsrcm
754 309 805 356 xv.
1178 301 1237 364 335

152 465 207 525 tur
226 473 325 537 esse,
349 452 425 546 ipse
447 453 491 523 sit
516 463 552 522 et
576 451 776 525 benefactor
799 464 834 524 et
858 457 1057 538 consultor,
1085 478 1148 529 uec
1174 459 1237 529 mi-

151 585 248 647 retur
280 574 316 644 id
353 574 417 644 sibi
451 575 519 646 dici
546 576 643 668 qood
677 575 784 646 felicis
818 576 1069 648 recordationis
1097 580 1238 654 domino

151 697 463 788 Clementipatruo
485 717 549 768 suo
569 697 655 768 dixi.
687 699 772 770 Cum
798 699 891 769 enim
927 699 982 771 sui
1009 702 1139 791 gratia,
1163 705 1238 775 offi-

106 905 108 909 .
149 821 241 892 cium
264 819 358 911 quod
385 829 422 889 tu
448 842 539 890 nunc
564 819 737 891 industrie
770 822 879 912 geris,
915 822 998 891 mihi
1033 823 1236 912 obtulisset,

149 942 255 1036 quod,
279 964 333 1013 me
354 944 499 1024 nolente,
525 952 606 1012 tunc
627 941 749 1014 habuit
774 944 943 1035 magister
963 947 1173 1019 Franciscus
1193 949 1238 1021 de

151 1065 308 1157 Neapoli,
323 1075 358 1135 et
370 1062 497 1135 deinde
514 1086 571 1135 me
588 1086 694 1158 saepe,
716 1066 794 1137 licet
810 1066 1010 1157 indignum,
1025 1070 1237 1163 Episcopum

149 1188 262 1258 iacere
274 1188 459 1270 voluisset,
479 1198 513 1256 et
529 1209 596 1278 ego
610 1187 873 1278 indignantibus
887 1189 1037 1281 dominis
1053 1203 1088 1262 et
1101 1194 1244 1276 amicis,

148 1311 312 1383 continue
333 1331 571 1392 recusassem,
595 1312 714 1382 ultimo
736 1311 821 1380 mihi
842 1311 949 1383 dixit:
979 1315 1058 1382 Pete
1078 1314 1163 1403 quod
1188 1318 1238 1386 uis

150 1445 181 1503 ct
199 1437 320 1523 sociam
347 1434 425 1504 tibi:
450 1432 506 1503 cui
532 1454 599 1523 ego
632 1432 815 1526 respondi;
849 1437 879 1503 si
908 1434 988 1503 bene
1020 1442 1129 1527 [acere
1157 1439 1240 1507 milri

150 1554 256 1640 vetra,
276 1578 344 1625 cora
356 1557 460 1624 sotum
475 1556 686 1646 beneficentio
700 1554 756 1625 sed
769 1557 891 1638 electio,
907 1561 1007 1628 Pater
1022 1559 1235 1641 sanctissime,

96 1659 99 1662 ’
149 1691 259 1748 oestro
278 1678 330 1747 sit.
357 1677 418 1747 Vos
442 1679 530 1746 scitis
564 1678 684 1768 optime
707 1680 825 1766 quenti
854 1699 906 1744 me
938 1680 1057 1766 facitis.
1096 1677 1238 1765 Orroodo

149 1797 273 1889 aliquid
291 1810 420 1890 petente
438 1800 519 1881 otio,
535 1800 589 1866 cel
607 1796 843 1887 quomodolibet
859 1796 903 1866 od
923 1801 1075 1867 notitiam
1093 1811 1238 1869 vestram

150 1924 252 2004 verrit,
271 1919 356 2012 quod
374 1943 424 1990 me
444 1919 583 2009 dipnom
601 1918 764 2002 videat-ur,
787 1921 853 1988 mei
867 1924 897 1990 si
913 1923 1021 2012 ptocct
1046 1925 1238 1992 memoriam

149 2043 316 2112 habetote:
335 2044 430 2134 quod
453 2043 527 2136 ipse
555 2064 594 2113 se
620 2042 792 2116 iacturum
819 2043 1094 2113 clementissime
1118 2066 1238 2136 repro-

150 2165 258 2248 misit,
276 2175 311 2250 et
331 2166 483 2248 fecisset,
504 2186 572 2235 non
594 2163 732 2245 dubito,
756 2164 824 2234 nisi
841 2186 920 2235 eum
939 2186 1036 2236 mors
1050 2166 1184 2250 multis,
1203 2177 1238 2237 et

151 2287 239 2358 inter
265 2289 352 2358 alios
375 2288 458 2358 milri
480 2289 665 2369 damnosa,
690 2286 930 2380 praevenisset.
964 2288 1012 2357 lta
1038 2309 1124 2377 ergo
1152 2287 1235 2356 mihi

149 2409 294 2501 expedit
312 2421 350 2480 ut
369 2411 533 2483 domiuus
555 2422 674 2481 noster
692 2410 815 2493 iaciat,
847 2409 875 2478 si
898 2409 982 2479 mihi
1004 2411 1134 2502 aliquid
1162 2413 1239 2480 vult

150 2534 273 2602 iacere.
296 2534 380 2603 Nam
405 2533 433 2604 si
447 2545 654 2628 expectatur
676 2544 714 2604 ut
733 2556 800 2626 ego
823 2555 933 2603 senex
956 2556 1048 2604 nunc
1082 2532 1237 2604 solicitus

151 2653 216 2723 sim
235 2655 376 2748 petitor,
404 2656 500 2748 quod
518 2657 655 2729 iuvenis
677 2679 855 2748 nunquam
879 2657 942 2735 fui,
971 2668 1090 2727 actum
1107 2667 1170 2739 est,
1190 2656 1237 2728 nil

149 2776 290 2869 penitus
310 2778 554 2869 unquam-fier.
579 2781 615 2848 ln
635 2778 702 2847 hoc
724 2801 809 2848 sane
826 2779 955 2851 domini
978 2779 1045 2847 mei
1069 2778 1238 2849 Sabinen-

150 2900 200 2968 sis
227 2899 453 2981 interventio,
484 2911 520 2970 et
550 2909 607 2971 tua
630 2899 800 2969 sedulitas
830 2900 1071 2969 efficacissima
1098 2901 1187 2994 erit,
1202 2915 1238 2972 et

149 3029 310 3091 neutram
329 3020 526 3088 defuturam
551 3031 645 3090 certe
673 3041 784 3113 spero.
812 3019 909 3089 Alios
935 3020 982 3088 ibi
1009 3041 1078 3091 non
1107 3021 1234 3107 babeo;

148 3166 230 3215 nam
253 3163 343 3235 quos
365 3141 471 3213 habui
499 3144 555 3211 vel
582 3141 753 3226 defuncti,
779 3142 989 3214 velalienati
1011 3154 1102 3214 sunt.
1131 3147 1233 3217 Solus

148 3268 225 3358 ipse
246 3265 408 3336 dominus
442 3263 645 3335 Sabinensis
680 3263 793 3335 tribus
830 3273 865 3335 et
899 3267 1041 3357 triginta
1067 3269 1169 3338 annis
1200 3270 1234 3337 in

148 3388 272 3460 eodem
299 3388 478 3481 proposito
506 3411 590 3479 erga
630 3410 686 3459 me
717 3388 860 3472 mansit,
895 3410 957 3458 nec
984 3392 1052 3460 ulla
1080 3412 1233 3480 unquam

150 3509 225 3580 sive
261 3520 401 3604 propter
437 3511 682 3603 occupationes
722 3511 798 3600 eius
837 3509 1117 3592 inextimabiles,
1158 3512 1235 3581 sive

147 3644 290 3725 propter
304 3633 479 3702 silentium
498 3655 624 3716 meum,
648 3635 725 3704 sive
741 3644 880 3727 propter
901 3633 1107 3704 abscessum
1132 3655 1235 3704 suurn

147 3758 237 3826 tacta
253 3756 400 3826 mutatio
421 3765 489 3839 est,
519 3757 583 3826 nisi
605 3755 763 3828 debono
789 3778 929 3848 semper
949 3756 984 3826 in
1011 3756 1147 3826 melios.
1171 3758 1234 3826 Se-

146 3897 226 3947 cum
245 3877 289 3947 de
308 3877 360 3946 his
379 3901 464 3969 ergo
489 3877 656 3962 delibera,
679 3890 714 3950 et
735 3879 848 3973 ipsum
872 3878 917 3949 ad
942 3879 1058 3950 omnia
1084 3876 1234 3951 fidenter

141 3999 299 4092 require,
323 4001 474 4070 animum
497 4001 573 4072 eius
596 4001 640 4071 ad
665 4023 720 4072 me
746 4001 880 4083 verbis,
910 4009 948 4069 ut
969 4013 1065 4092 puto,
1091 4001 1151 4072 tibi
1176 4023 1235 4074 oo-

147 4119 299 4210 gnitum‚
321 4123 420 4193 lactis
447 4124 549 4194 animi
575 4123 735 4194 ‘testibus
770 4144 1012 4214 recognosces.
1041 4126 1117 4217 Ego
1141 4125 1232 4196 enim
