2934 4650
188 286 248 347 llo
650 298 813 349 varranum

255 442 392 519 ,Laelius
413 441 568 534 antiquis
590 439 802 512 celebratum
825 460 950 511 nomen
971 440 1099 512 amicis

334 567 443 635 Durat
463 561 581 637 adbuc
601 564 754 634 faustum
777 585 901 635 nomen
922 564 1100 634 amicitiis.

259 688 322 759 Hic
346 710 472 779 magno
494 688 643 759 dilectus
664 707 752 757 avo:
775 688 888 779 placet
908 686 964 756 ille
984 685 1123 779 nepoti,

336 809 537 903 Scipiadum
558 827 669 899 genus
690 819 951 901 perpetuusque
971 806 1092 878 decor.

258 931 395 1003 Tertius
417 934 503 1002 alter
524 952 591 1021 ego
611 940 689 1002 est:
711 929 775 1000 sed
795 929 966 999 mentior:
990 950 1082 1000 unus
1106 941 1147 1002 et
1168 929 1286 1017 idem,

331 1053 592 1146 Dimidiumque
612 1053 718 1124 animi
737 1052 793 1122 vir
816 1063 909 1123 tenet
929 1052 985 1120 ille
1006 1052 1087 1121 mei.
1163 1067 1169 1075 ·

255 1176 442 1274 Dimidium
463 1177 553 1260 dixi,
577 1185 687 1247 totum
709 1174 845 1245 dixisse
865 1171 1022 1246 decebat.

336 1299 482 1371 Faveris
503 1297 707 1390 ergormihi,
733 1300 762 1367 si
785 1296 861 1380 sibi,
884 1317 978 1380 care,
1000 1297 1114 1367 laves.

610 1672 790 1738 EPISTOLA
810 1675 842 1737 L.

285 1844 481 1898 annucrsuus
503 1847 673 1897 rurnlncl
694 1849 828 1896 rouxmu
850 1847 1010 1896 rnnuausr
1032 1849 1058 1896 s.
1082 1849 1111 1896 r.
1136 1834 1170 1897 u.

180 1984 318 2040 Virtutem
333 1983 479 2053 allegorice
493 1981 634 2050 describit,
651 1998 769 2053 eamque
788 1982 946 2037 sectandam
961 1981 1050 2036 amico
1064 1997 1116 2035 suo
1125 1979 1272 2051 proponit.

279 2163 418 2248 Quaeris
438 2183 485 2231 ex
507 2182 578 2246 me,
602 2182 663 2232 seu
692 2181 754 2252 per
775 2168 809 2232 te
830 2162 957 2253 quaerit
981 2161 1116 2232 amicus
1137 2161 1270 2245 maior,

181 2286 250 2358 imo
270 2285 422 2378 quidem,
447 2295 484 2354 ut
503 2283 650 2374 intelligi
671 2283 783 2368 datur,
805 2283 908 2355 ambo
922 2283 1079 2376 quaeritis
1102 2282 1191 2374 quid
1215 2305 1272 2353 re-

180 2405 285 2478 medii
305 2407 417 2476 norim
439 2405 613 2476 adversus
630 2406 761 2475 Nemaei
779 2404 911 2476 rabiem
930 2404 1057 2475 Leonis
1081 2413 1153 2476 toto
1171 2426 1270 2476 nunc

179 2531 314 2621 impetu
338 2524 460 2597 Phoebi
485 2528 599 2597 crines
625 2549 667 2597 ac
691 2528 813 2597 faciem
840 2527 1072 2599 accendentis.
1095 2526 1150 2596 An
1172 2528 1271 2597 invi-

180 2650 273 2722 detis
293 2646 438 2719 forsitan
460 2647 590 2732 amico,
617 2668 722 2738 quem
749 2669 809 2717 aer
835 2647 1060 2720 hauddubie
1086 2645 1267 2730 blandior,

179 2782 214 2843 et
245 2769 360 2865 Alpini
387 2770 489 2840 ssatus
515 2768 678 2861 iugisque
703 2768 835 2840 nivium
863 2779 1068 2862 prospectus
1091 2768 1124 2837 in
1148 2768 1269 2838 medio

180 2895 263 2965 solis
290 2895 426 2964 fervore
452 2891 674 2983 refrigerant,
701 2893 865 2985 quodque
898 2913 967 2962 non
1000 2912 1092 2961 nunc
1126 2893 1269 2961 noviter

178 3014 345 3098 dixerim,
368 3036 448 3085 cum
470 3014 642 3107 reliquum
667 3036 794 3108 corpus
820 3023 978 3085 aestatem
1002 3012 1142 3094 sentiat,
1174 3033 1267 3104 prae-

179 3144 273 3207 stant
306 3145 344 3204 ut
377 3145 545 3229 perpetua
578 3138 701 3206 saltem
735 3136 770 3205 in
803 3135 914 3206 oculis
949 3135 1062 3204 hiems
1095 3134 1163 3203 sit?
1190 3135 1268 3204 Vos

178 3279 264 3329 vero
285 3257 465 3328 cedriieris
485 3280 554 3328 non
575 3257 708 3328 nivosis
735 3259 880 3331 collibus
907 3258 1030 3341 abditi,
1058 3255 1163 3328 etad
1190 3256 1268 3328 Au-

179 3389 290 3453 strum
312 3379 451 3473 penitus
473 3382 580 3462 versi,
608 3380 759 3472 tepentis
792 3381 926 3452 brumae
958 3380 1098 3452 delicias
1124 3381 1268 3452 aestivis

178 3503 364 3576 ardoribus
403 3504 650 3594 compensatis.
685 3503 732 3573 At
768 3502 797 3575 si
832 3502 971 3594 ingenia
1005 3511 1123 3574 vestra
1160 3503 1265 3585 novi,

163 3627 274 3699 'aliud
298 3627 356 3698 hic
383 3625 500 3697 nescio
529 3625 623 3717 quod
657 3626 800 3697 remedii
829 3648 941 3718 genus
970 3626 1126 3718 poscitis,
1154 3648 1264 3717 quam

179 3772 249 3843 quo
269 3753 397 3852 uulgus
422 3760 544 3837 contra
570 3749 764 3851 hancanni
792 3759 925 3844 partem
959 3752 1008 3820 uti
1035 3751 1132 3819 solet.
1158 3748 1273 3820 Acci-v

179 3873 249 3964 pite
274 3872 430 3943 breviter
459 3871 632 3965 quidquid
658 3871 693 3943 id
718 3883 782 3943 est.
809 3871 923 3944 Arbor
942 3882 996 3944 est
1017 3892 1094 3944 rara
1115 3871 1264 3963 quidem

180 4001 215 4063 et
237 3994 356 4086 paucis
377 4006 476 4081 nota,
499 3995 560 4068 sed
581 4017 624 4066 eo
646 3996 770 4066 clarior
795 3995 1012 4088 nobiliorque
1038 4016 1107 4088 quo
1129 3994 1262 4067 rarior:

181 4114 284 4186 arbor
304 4119 445 4210 quidem
471 4141 611 4212 procera
632 4131 668 4191 et
689 4130 781 4192 reeta
807 4123 953 4192 multum
981 4123 1078 4192 lauro
1103 4115 1265 4210 qualibet
