2738 4680
282 327 377 376 erana
398 326 907 379 vrcesmusraruus.-sr1srom
927 329 992 378 xm.
1119 316 1178 379 l03

91 462 250 546 delicias,
273 483 344 534 non
365 473 435 534 tam
457 461 573 534 studio
593 463 743 548 virtutis,
765 463 865 536 ouius
879 463 1050 536 amantior
1070 465 1178 537 luisse

90 611 270 685 cuperem,
292 611 398 683 quam
418 591 556 661 illarum
576 599 776 685 contemptu
794 602 900 686 atque
918 593 1006 677 odio,
1028 602 1064 664 et
1082 595 1179 686 quod

90 735 212 785 secum
234 715 351 784 ferunt
367 713 461 784 taedii
479 724 588 799 metu,
607 714 755 807 eiusque
773 737 878 809 quam
896 716 1027 788 salicem
1047 719 1178 809 vulgus

90 836 237 921 iudicat,
260 834 345 907 vitae
371 835 509 908 fastidio
535 846 746 930 aspernatus
767 860 857 910 sum.
879 839 1037 911 Rebellat
1063 851 1179 911 tamen

90 963 230 1034 animus
253 958 441 1044 interdum,
481 959 719 1055 rebellantque
753 962 862 1033 oculi:
896 963 1050 1035 animum
1083 963 1179 1035 subit

90 1085 285 1166 aemulatio,
304 1084 424 1155 oculos
442 1083 627 1169 lassitudo,
643 1105 776 1179 eosque
793 1086 829 1156 in
846 1085 974 1179 quibus
993 1087 1179 1181 aliquando

92 1208 177 1279 mihi
203 1207 317 1301 placui
343 1205 504 1293 demens,
531 1231 624 1280 nuno
649 1209 683 1279 in
710 1213 852 1305 speculo
879 1231 974 1305 saepe
999 1211 1180 1284 nocturnis

92 1332 223 1424 vigiliis
245 1332 396 1413 attritos,
419 1331 639 1425 liventesque
671 1336 892 1429 conspiciens
926 1334 1046 1407 miror:
1074 1345 1179 1406 etan

93 1456 148 1528 ille
168 1476 237 1547 ego
259 1454 323 1525 sim
346 1452 472 1526 tacitus
494 1475 631 1527 mecum
649 1477 783 1549 quaero.
804 1456 934 1529 Verum
948 1458 996 1530 ita
1010 1455 1179 1529 rebellant

93 1586 131 1649 ut
152 1578 254 1648 sacile
280 1585 502 1669 superentur.
529 1579 579 1648 De
604 1578 766 1650 vestibus
790 1591 826 1651 et
850 1581 985 1672 reliquo
1011 1590 1179 1674 apparatu

92 1699 174 1771 olim
189 1721 238 1771 ex
255 1721 320 1784 me,
344 1700 428 1772 dum
455 1702 490 1770 in
505 1702 732 1796 Transalpino
754 1702 919 1775 Helicone
940 1724 1091 1796 agerem,
1114 1726 1179 1775 au-

93 1826 186 1898 disti.
221 1826 272 1896 Ne
306 1827 429 1897 falsam
463 1835 578 1898 tamen
610 1827 807 1920 opinionem
827 1830 942 1921 plenae
967 1826 1191 1919 frugalitatis

95 1946 263 2032 indueris,
285 1950 402 2040 cogita
426 1949 518 2020 ruris
544 1949 693 2022 incolam
725 1960 763 2021 et
793 1951 984 2021 rusticanae
1004 1953 1180 2022 laventem

94 2069 317 2143 continentiae
349 2071 434 2143 dum
469 2070 504 2143 id
537 2071 727 2144 scriberem
762 2094 819 2144 me
852 2073 973 2143 luisse.
1005 2072 1179 2143 Coeterum

94 2196 187 2287 qnod
201 2192 301 2267 fateri
314 2203 465 2288 oportet,
487 2194 553 2267 etsi
574 2215 644 2266 non
660 2196 705 2267 ad
725 2206 924 2266 extremum
947 2193 1093 2278 solidos,
1116 2193 1181 2265 dn-

96 2340 150 2390 ros
175 2328 294 2390 tamen
323 2339 365 2389 ac
394 2318 527 2410 rigidos
549 2317 696 2410 affectus
729 2321 786 2390 vel
819 2320 986 2410 frangunt
1005 2319 1088 2401 loca,
1122 2319 1181 2388 vel

96 2443 261 2513 molliunt.
280 2437 521 2513 Alexandrum
540 2442 670 2526 Persis,
691 2441 919 2513 Hannibalem
934 2440 1037 2533 fregit
1050 2441 1178 2537 Capua,

97 2586 198 2656 quem
219 2565 332 2635 Roma
351 2584 423 2636 uon
443 2566 609 2656 fregerat:
631 2574 670 2635 ut
686 2563 771 2635 illud
791 2564 837 2635 ab
863 2556 964 2636 hoste
984 2564 1060 2635 eius
1081 2585 1180 2634 acer·

97 2686 182 2760 rimo
202 2690 383 2780 eleganter
397 2688 590 2782 acpropria
609 2687 798 2760 diceretur:
822 2674 976 2781 Capuam
996 2685 1179 2759 Hannibali

98 2811 233 2883 Cannas
254 2809 377 2882 fuisse.
398 2811 521 2904 Neque
544 2813 656 2883 solum
677 2811 744 2882 viri
766 2811 870 2883 unius
889 2811 1002 2884 virtus
1020 2809 1087 2883 loci
1104 2832 1180 2881 mu-

99 2935 239 3018 tatione,
263 2932 442 3027 sedsaepe
469 2933 576 3006 totius
602 2933 717 3027 gentis
743 2933 851 3006 robur
876 2933 1042 3026 elanguit.
1065 2935 1180 3004 ltlaoe-

99 3056 259 3130 donicum
281 3056 389 3130 robur
407 3057 602 3130 debilitavit
626 3057 794 3153 Babylon,
821 3058 987 3130 Gallicam
1009 3058 1181 3129 feritatem

100 3179 271 3274 mitigavit
291 3180 389 3266 Asia,
413 3202 664 3273 romanamque
685 3180 850 3253 virtutem
871 3181 976 3271 fregit
996 3178 1177 3274 Hispania,

99 3304 197 3396 fregit
216 3300 352 3387 Africa,
375 3324 443 3374 non
460 3304 603 3398 quidem
620 3306 713 3375 ferro
734 3303 862 3390 hostili,
883 3304 947 3376 sed
960 3301 1180 3374 exercituum

101 3424 236 3518 ignavia
258 3437 294 3497 et
314 3426 507 3520 disciplinae
527 3427 684 3498 militaris
705 3427 858 3499 interitu.
881 3426 943 3498 llio
969 3425 1045 3517 ipse
1071 3445 1181 3516 popu-

103 3549 149 3622 lus
172 3560 293 3624 tantus
313 3560 348 3623 et
368 3559 543 3622 tantarum
561 3550 803 3643 opum,cuius
822 3549 891 3621 iam
913 3570 1002 3642 pene
1023 3566 1104 3639 pars
1131 3545 1146 3612 i
1164 3585 1180 3595 -

102 3685 171 3746 otus
193 3698 290 3761 sum,
312 3673 408 3745 haud
428 3673 534 3745 dubie
552 3671 737 3745 barbaram
756 3672 860 3744 habet
876 3669 1059 3762 originem.
1081 3667 1181 3738 Nunc

106 3795 195 3889 (quid
219 3819 290 3870 non
316 3797 459 3869 mutatio
480 3798 545 3869 loci
566 3795 717 3890 potest‘l)
753 3793 839 3864 nibil
873 3792 1030 3864 moribus
1063 3791 1179 3881 gentis

104 3917 297 4003 humanius,
322 3921 407 4011 nibil
427 3930 482 3993 est
502 3919 630 3991 mitius.
653 3920 929 4011 Transplantatae
955 3934 1078 3986 succos
1105 3935 1184 3983 mu·

105 4049 171 4116 tant
197 4044 331 4116 herbae.
357 4044 514 4116 Arbusta
540 4043 717 4114 silvestria
738 4041 769 4112 si
795 4023 927 4110 inserta
952 4035 1089 4121 fuerint,
1117 4035 1182 4109 loci

107 4170 290 4242 mutatione
310 4168 515 4263 primaevam
551 4173 686 4237 exuunt
719 4173 897 4247 naturam,
928 4169 1182 4252 assumuntque
