2934 4650
537 487 715 552 EPISTULA
737 487 805 554 Llll.
820 481 827 515 ¹

142 649 336 699 sfltnctsctts
350 649 517 699 Pssrntflot
533 653 699 702 PRlOlllBUS
715 653 846 715 tertull,
858 653 1065 702 lllllllLLlFEilO
1076 653 1221 703 lUS'l'lTlAE

400 749 588 807 POPULOQUE
610 749 814 798 FLORENTINO
837 751 862 798 S.
885 751 913 798 P.
938 751 969 798 D.

258 898 295 954 Ut
309 900 413 956 amicos
428 915 444 955 a
456 897 609 954 latronibus
623 915 707 956 caesos
721 899 905 956 ulscisoantur
919 902 997 956 enixe
1011 906 1099 972 rogat.

141 1189 142 1196 κ
241 1143 341 1234 Saepe
367 1140 449 1211 mihi
482 1140 699 1234 propositum
733 1141 811 1221 luit,
839 1141 971 1232 egregii
1005 1140 1121 1226 cives,
1156 1160 1220 1234 pro

141 1265 307 1336 varietate
329 1286 443 1334 rerum
466 1286 505 1334 ao
523 1275 717 1357 temporum
740 1263 870 1356 aliquid
893 1263 939 1333 ad
963 1287 1024 1336 vos
1046 1264 1218 1346 scribere,

141 1394 176 1456 et
195 1384 347 1456 vicissim
371 1407 462 1455 nunc
483 1387 629 1455 lraenum
652 1385 788 1471 animis,
808 1408 900 1455 nunc
917 1389 1029 1457 calcar
1049 1388 1217 1470 incutere,

141 1527 233 1575 nunc
251 1504 421 1594 indignari
443 1504 593 1597 perdita,
617 1527 709 1576 nunc
730 1518 933 1599 recuperata
962 1507 1119 1578 libertate
1140 1530 1220 1599 gra-

142 1628 255 1709 tulari,
278 1648 527 1719 nonnunquam
552 1627 637 1698 llere
658 1629 837 1699 vobiscum
866 1630 1073 1721 multiplices
1098 1640 1132 1699 et
1157 1653 1220 1699 va·

141 1749 210 1818 rias
244 1746 443 1839 reipublicae
470 1758 706 1842 tempestates,
733 1758 767 1818 et
794 1749 1022 1850 impendentis
1050 1751 1219 1840 naufragii

141 1869 288 1940 fideliter
321 1871 520 1952 admonere,
550 1880 586 1941 ut
613 1871 658 1940 ita
694 1893 747 1940 me
778 1870 892 1956 vohis,
927 1873 1092 1963 quoniam
1119 1872 1219 1943 aliter

140 2015 208 2064 non
241 1993 404 2076 dabatur,
440 1993 559 2062 verbis
593 1996 714 2063 saltem
737 1993 841 2061 animi
869 1994 1026 2074 testibus,
1056 1994 1119 2062 etsi
1149 2012 1218 2062 non

139 2117 377 2197 habitatorem,
395 2126 489 2185 certe
507 2128 695 2185 amatorem
715 2116 836 2208 patriae
853 2115 1127 2208 comprobarem.
1148 2116 1216 2187 Sed

139 2239 221 2309 dum
246 2239 398 2327 cogitare
421 2259 553 2307 mecum
576 2239 678 2328 ooepi,
699 2247 867 2329 quantum
893 2237 937 2308 ab
957 2237 1136 2308 altitudine
1159 2261 1220 2309 eu-

140 2383 254 2432 rarum
290 2368 487 2429 vestrarum
521 2360 665 2431 distaret
691 2383 846 2431 meorum
881 2361 1056 2431 humilitas
1085 2361 1218 2433 studio-

139 2506 230 2565 rum,
263 2481 377 2553 subito
411 2503 547 2575 semper
575 2482 657 2551 nini
684 2507 704 2554 e
733 2483 891 2553 manibus
918 2485 1072 2554 calamus
1100 2485 1217 2575 lapsus

139 2616 202 2676 est.
222 2605 319 2675 Nunc
337 2612 452 2676 autem
476 2627 582 2697 cogor
602 2613 638 2675 ut
656 2606 823 2691 scribam,
843 2628 907 2676 neo
926 2606 1085 2676 reluctari
1107 2607 1215 2674 valeo.

140 2729 247 2816 Urget
268 2730 359 2799 enim
382 2730 536 2799 animum
562 2727 659 2798 dolor
692 2727 832 2817 iugens,
860 2739 896 2798 et
920 2738 1106 2818 extorquet
1132 2727 1217 2795 mibi

140 2849 247 2920 verba
285 2871 363 2918 oum
398 2849 559 2918 lacrimis.
587 2850 681 2933 Ecce
713 2848 858 2928 etenim,
892 2847 986 2939 quod
1012 2849 1216 2937 ignorabam

141 2973 309 3043 hactenus
339 2982 451 3061 atque
470 2971 600 3039 utinam
628 2980 795 3062 perpetuo
821 2968 1049 3058 ignorassem,
1079 2971 1217 3041 suavis-

141 3093 251 3163 simus
267 3103 301 3163 et
320 3091 439 3161 merito
456 3090 661 3160 carissimus
678 3088 765 3159 civis
783 3100 902 3160 vester
919 3103 953 3163 et
970 3093 1100 3163 amicus
1118 3113 1214 3162 meus

140 3213 280 3283 intimus
303 3213 500 3284 lllainardus
526 3211 682 3281 decursii
704 3214 790 3282 forte
811 3213 892 3282 dum
916 3237 935 3284 e
958 3237 1099 3285 romana
1119 3214 1215 3285 curia

139 3337 344 3408 Florentiam
380 3336 480 3420 redit,
509 3334 685 3406 molestias
714 3343 818 3428 atque
845 3339 996 3427 pericula
1025 3347 1093 3407 tam
1120 3335 1214 3425 longi

139 3460 271 3530 itineris
292 3471 549 3550 transgressos,
573 3469 607 3528 et
628 3458 693 3529 iam
716 3458 851 3529 dileotae
870 3459 991 3550 patriae
1009 3458 1157 3540 vicinus,
1179 3457 1213 3526 in

231 3719 238 3749 ¹
256 3719 287 3769 ilt
303 3718 326 3767 in
344 3718 469 3770 volumine
487 3718 507 3767 ll
523 3719 590 3769 inter
604 3728 721 3767 nonnum
734 3729 766 3768 nr
782 3727 944 3769 conmanunt
958 3718 1144 3778 adnotavimus,
1163 3716 1214 3781 epl-

136 3803 200 3856 stola
211 3801 265 3852 haec
276 3801 301 3850 io
313 3800 441 3850 codicibus
460 3801 485 3848 l.
504 3800 531 3848 B.
550 3802 575 3849 c.
595 3803 680 3849 octauo
696 3803 732 3849 ert
750 3800 808 3849 libri
824 3800 902 3848 ociori
920 3811 950 3847 on
967 3799 1052 3850 Rnnus
1070 3799 1214 3848 Fuuttnmt·

135 3894 195 3944 ouS,
212 3881 283 3932 cuius
295 3880 350 3929 loeo
365 3892 410 3928 nos
423 3886 535 3928 ueterum
549 3879 674 3928 editorum
687 3879 791 3939 vestigia
805 3877 871 3926 haud
884 3877 945 3926 satis
956 3878 1093 3939 prudenter
1103 3875 1212 3938 sequuti,
1296 3894 1308 3912 ν

134 3962 201 4012 illam
218 3961 335 4012 dedimus
351 3961 382 4010 ad
400 3958 568 4010 Lombardum
585 3959 617 4009 de
634 3958 734 4018 Serico,
752 3971 807 4022 quae
822 3957 889 4006 inter
905 3957 1001 4007 Seniles
1019 3957 1068 4020 (ll.
1095 3956 1135 4019 ll.)
1159 3961 1214 4005 erat

135 4043 300 4094 arnandanda.
315 4042 363 4099 Da,
377 4053 475 4104 quaeso,
489 4041 602 4101 ueniam,
617 4039 708 4101 lector,
721 4045 747 4089 et
760 4039 857 4088 litteras
874 4037 950 4087 hasce
966 4038 998 4087 ad
1016 4037 1171 4087 Florentiuos
1187 4036 1213 4085 in

135 4120 302 4183 lucumonem
316 4119 446 4169 Francisco
456 4120 510 4181 ipso
519 4117 651 4169 ordinante
661 4117 870 4179 lucrantsortitae‚
879 4116 1048 4167 restituendas
1058 4114 1210 4166 memineris.
