2738 4680
209 289 266 350 litt
540 302 589 349 nn
610 301 711 350 nuces
732 301 955 351 rtunrrmaus

209 449 269 520 ris.
294 447 386 531 Quid
410 468 534 519 verum
562 444 694 517 inficier
720 457 756 517 et
781 467 850 516 non
875 445 991 538 potius
1015 465 1097 516 cum
1123 443 1291 517 Cicerone

208 569 375 643 confitear
395 592 464 662 qua
485 567 628 640 mollitie
647 589 724 638 sum
743 567 848 668 animi
867 589 908 638 ac
924 567 1089 639 lenitate?
1104 567 1289 659 Nunquam

207 695 301 766 illius
326 693 478 765 lacrimis
503 714 545 763 ac
570 691 737 787 precibus
760 692 977 764 restitissem.
1008 691 1065 764 Sic
1089 703 1145 764 est
1168 693 1290 763 fateor.

208 820 269 889 lllo
288 819 380 890 enim
394 819 558 909 loquente
572 814 762 888 sentiebam
777 815 999 908 nescioquid
1011 827 1168 889 tenerum
1187 827 1291 909 atque

206 943 394 1015 femineum
416 939 581 1012 oberrare
600 937 817 1034 praecordiis,
841 961 1034 1034 parumque
1057 939 1182 1019 aberat
1206 940 1290 1034 q'uin

208 1062 352 1156 supplici
373 1084 452 1134 meo
472 1063 739 1148 collacrimarer,
754 1072 789 1133 et
804 1062 881 1157 ipse
898 1084 1085 1156 personam
1106 1064 1290 1135 offensoris

208 1209 250 1256 ac
275 1185 513 1279 deprecatoris
540 1185 731 1257 induerem.
759 1186 828 1257 Sed
854 1185 939 1257 dum
964 1187 1050 1256 illud
1074 1187 1109 1256 in
1135 1187 1289 1258 animum

180 1354 188 1368 ·
206 1308 382 1392 veniebat;
397 1309 557 1402 quisnam
571 1318 626 1379 est
643 1308 709 1380 iste
726 1309 785 1402 qui
800 1319 914 1379 tecum
928 1309 1096 1401 loquitur,
1110 1307 1195 1403 quid
1207 1311 1289 1402 egit,

206 1433 291 1526 quid
310 1431 542 1523 voluit,quid
563 1432 711 1525 optavit,
733 1431 820 1525 quid
839 1431 979 1504 molitus
999 1445 1065 1516 est,
1085 1433 1169 1526 quid
1189 1456 1292 1527 pere·

206 1557 319 1647 gisset
352 1553 412 1626 ubi
442 1555 596 1627 consiliis
614 1555 808 1628 ‘sceleratis
839 1577 1023 1629 occursum
1057 1578 1126 1627 non
1151 1557 1290 1641 fuisset,

207 1700 312 1771 quam
340 1679 524 1755 multorum
551 1679 687 1750 iniuriae
714 1700 754 1750 se
780 1679 937 1764 miscuit,
962 1703 1071 1772 quam
1098 1680 1183 1750 nibil
1209 1702 1290 1753 enm

206 1802 366 1894 poenitet,
389 1801 476 1873 nibil
497 1802 621 1895 pudet,
643 1801 728 1872 nibil
748 1802 889 1874 omniuo
907 1811 1035 1896 praeter
1053 1803 1290 1897 impotentiam

206 1924 387 1996 conatibus
411 1924 526 2019 impiis
552 1925 775 1997 nuncetiam
801 1924 932 2009 obstat,
959 1947 1064 2018 quam
1090 1923 1184 1996 lictae
1209 1936 1292 1996 sunt

207 2048 265 2118 hae
295 2046 462 2131 lacrimae,
496 2049 670 2119 simulatae
688 2047 878 2132 blanditiae,
905 2061 1036 2120 coactae
1061 2069 1202 2141 praece,
1230 2049 1290 2140 qui

206 2169 366 2264 spiritus,
393 2192 474 2264 quae
496 2193 596 2243 mens
618 2171 664 2242 illi
686 2182 754 2256 est,
777 2170 837 2264 qui
855 2174 959 2266 lupus
979 2172 1015 2240 in
1035 2171 1103 2243 boc
1128 2192 1222 2261 agno
1242 2172 1292 2241 la·

205 2304 272 2377 tet;
292 2293 368 2366 baec
389 2316 451 2388 per
471 2315 511 2366 se
532 2295 670 2386 singula
687 2296 843 2386 cogitans
861 2293 1129 2386 indurescebam
1147 2293 1288 2374 sensim,

169 2389 181 2411 ’
205 2426 242 2486 et
261 2416 297 2486 in
319 2415 451 2488 silicem
464 2429 574 2510 atque
583 2416 767 2489 adamanta
779 2416 953 2488 uertebar.
968 2417 1059 2502 Quid
1076 2416 1214 2488 credis?
1227 2417 1291 2486 Po·

205 2548 317 2611 teram
339 2538 444 2610 homo
464 2541 563 2626 alter,
589 2541 724 2635 etipse
750 2539 835 2611 mibi
861 2541 1116 2612 dissimillimus
1142 2538 1211 2611 iam
1239 2540 1290 2611 vi-

204 2660 292 2734 deri.
314 2660 461 2735 lubebat
478 2661 568 2735 ratio
587 2663 727 2734 veniam
748 2663 903 2758 pessimo
922 2664 1054 2736 bomini
1075 2686 1221 2757 negare;
1242 2663 1291 2736 si·

205 2783 346 2878 quidem
369 2784 572 2878 indulgendi
592 2787 738 2858 facilitas
759 2787 871 2859 bonos
892 2788 983 2872 lenit,
1003 2790 1114 2860 malos
1130 2799 1287 2880 asperat:

203 2917 242 2978 et
261 2909 538 3004 adstipulabatur
562 2909 624 2983 irae
649 2909 853 2983 iustissimae
879 2912 1026 2983 facultas
1064 2928 1289 3004 praesens-ac

206 3043 367 3125 prompta
379 3031 653 3107 vindictaa.Vicit
665 3045 782 3106 tamen
794 3043 918 3107 natura
936 3034 1168 3106 suaviorzhac
1183 3034 1290 3126 igitur

208 3154 283 3243 lege
306 3153 442 3224 veniam
463 3156 540 3225 tulit
566 3165 604 3226 ut
633 3155 761 3229 dehinc
782 3178 846 3228 nec
866 3155 1000 3227 amicus
1016 3154 1117 3228 nobis
1133 3156 1205 3238 ille,
1225 3177 1289 3226 nec

208 3275 321 3346 bostis
340 3275 399 3347 sit:
422 3298 569 3369 quorum
592 3279 742 3372 primum
761 3278 856 3351 baud
885 3277 990 3350 dubie
1016 3277 1213 3372 praestabit:
1245 3277 1290 3348 de

208 3398 362 3470 secundo
374 3399 514 3485 viderit,
530 3400 613 3472 dum
628 3400 693 3472 sibi
708 3412 777 3481 tam
792 3401 926 3490 facilem
941 3401 1132 3474 secundam
1146 3401 1287 3474 veniam

207 3544 384 3614 nunquam
400 3535 527 3615 speret.
542 3521 703 3595 tutuno
728 3524 870 3596 modum
886 3545 924 3596 se
938 3547 995 3596 res
1011 3521 1128 3595 babet.
1149 3523 1287 3594 Mallem

208 3644 360 3717 medium
383 3655 516 3717 tenere:
539 3644 602 3716 sed
623 3644 653 3717 si
677 3645 712 3717 in
733 3648 898 3721 alterutro
924 3647 993 3719 labi
1018 3655 1168 3739 oportet,
1196 3647 1288 3717 malo

207 3769 307 3839 malis
324 3768 428 3842 etiam
448 3770 527 3863 pius
547 3789 641 3854 esse,
664 3791 769 3862 quam
792 3781 875 3843 trux
896 3768 1005 3844 bouis.
1029 3771 1087 3842 Tu
1100 3777 1222 3842 oratus
1243 3768 1287 3840 da

207 3889 322 3962 veniae
339 3911 429 3966 meae
448 3892 604 3978 veniam,
627 3905 662 3964 et
681 3895 770 3964 vale.
826 3993 827 3996 Ἴ

708 4095 785 4106 1,-
