2992 4664
245 302 304 361 idb
582 313 623 358 uu
645 311 746 389 assus
768 309 992 358 rauinmmuus

245 458 385 528 venturi
423 457 556 525 fructus
594 454 808 547 praesagium
843 449 1055 544 concepisse.
1093 452 1165 523 Nec
1198 473 1270 522 non
1294 461 1332 524 et

245 553 359 649 latinis
386 578 582 667 gratulatus
602 576 721 659 illusis,
744 574 840 667 quod
872 573 1104 645 insolentibus
1128 574 1243 646 Graiis
1272 577 1331 646 vel
1437 563 1438 566 ’

245 697 703 791 reliquissentambiguam,
726 698 783 767 vei
803 704 937 768 certam
955 695 1136 767 victoriam
1163 695 1330 767 abstulis-

246 833 344 893 sent:
368 821 554 913 utriusque
580 820 673 890 enim
699 817 882 890 sententiae
914 827 1075 890 auctores
1098 829 1202 890 sunt:
1229 832 1273 905 te,
1301 821 1330 889 si

244 963 291 1012 ex
309 943 406 1013 libris
429 943 583 1013 animum
607 950 703 1011 tuum
725 942 824 1024 novi,
846 963 952 1034 quem
974 962 1121 1012 noscere
1147 941 1232 1011 mibi
1259 963 1331 1013 non

243 1067 344 1142 aliter
368 1086 473 1157 quarn
499 1065 529 1132 si
554 1076 668 1134 tecum
696 1063 867 1134 vixissem
895 1063 1029 1146 videor,
1058 1065 1190 1134 ultimae
1214 1084 1330 1137 asser-

245 1198 354 1260 torem
373 1190 545 1273 futurum,
563 1196 672 1280 utque
690 1189 725 1259 in
742 1187 894 1259 oratoria
910 1186 1052 1272 dedisti,
1072 1188 1173 1261 sicin
1191 1189 1331 1280 poetica

243 1314 392 1405 palmam
420 1312 518 1381 Latio
542 1310 722 1392 daturum,
745 1304 849 1401 atque
872 1320 910 1379 ut
930 1309 1065 1380 AEneidi
1087 1311 1230 1382 cederet
1250 1311 1331 1382 ilias

244 1437 422 1504 iussurum
454 1431 564 1503 fuisse
590 1454 658 1502 non
683 1429 820 1517 dubito,
852 1430 945 1523 quod
970 1432 1039 1502 iam
1061 1431 1105 1503 ab
1125 1433 1224 1503 initio
1251 1433 1331 1502 Vir-

190 1623 192 1628 .
243 1555 362 1644 gillani
388 1554 516 1625 laboris
541 1554 742 1646 Propertius
769 1573 975 1625 asseverare
1008 1574 1078 1624 non
1111 1553 1236 1625 timuit.
1265 1553 1331 1625 Ubi

210 1682 213 1687 ⁴
243 1676 335 1746 enim
357 1676 457 1747 Pierii
477 1677 592 1767 operis
613 1675 837 1746 fundamenta
857 1677 1111 1769 contemplatus
1137 1684 1209 1760 est,
1244 1676 1330 1768 quid

244 1796 288 1868 de
308 1797 375 1868 illis
398 1797 556 1882 sentiret,
582 1811 618 1871 et
643 1796 728 1890 quid
754 1809 912 1890 speraret
937 1808 1055 1890 aperte
1080 1797 1329 1889 pronunciavit

243 1921 298 1991 his
318 1922 509 1994 versibus:

401 2111 505 2174 Cedite
522 2109 652 2197 Romani
668 2111 849 2191 scriptores,
867 2108 964 2172 cedite
981 2107 1062 2171 Graii
1069 2131 1079 2182 ;

483 2207 590 2269 Nescio
608 2207 681 2285 quid
699 2207 800 2268 maius
816 2200 952 2268 nascitur
966 2202 1066 2265 iliade.

240 2409 323 2479 Haec
343 2407 388 2477 de
409 2408 518 2476 altero
540 2406 657 2474 latinae
678 2403 771 2475 duce
783 2403 965 2486 facundiae,
982 2421 1190 2494 magumque
1203 2404 1326 2475 Romae

241 2550 304 2620 spe
324 2531 444 2598 altera.
465 2527 564 2595 Nunc
586 2525 630 2596 ad
653 2535 685 2595 te
707 2533 875 2596 revertor.
897 2522 989 2608 Quid
1009 2523 1154 2608 devita,
1178 2524 1328 2616 quidde

239 2650 379 2740 ingenio
401 2658 459 2718 tuo
481 2646 628 2718 sentiam
654 2646 794 2718 audisti.
820 2647 997 2737 Expectas
1023 2645 1144 2717 audire
1165 2645 1210 2718 de
1228 2645 1327 2719 libris

176 2758 178 2760 ’
239 2772 309 2842 tuis
330 2790 492 2861 quaenam
512 2770 590 2840 iilos
611 2768 790 2860 exceperit
815 2770 967 2850 fortuna,
994 2790 1098 2858 quam
1126 2788 1191 2838 seu
1217 2771 1327 2860 vulgo

132 2987 134 2991 y
240 2914 304 2964 seu
329 2892 543 2965 doctioribus
570 2891 780 2986 probentur?
805 2891 937 2960 Extant
968 2887 1131 2982 equidem
1156 2878 1339 2982 praeclara

240 3017 430 3098 volumina,
448 3035 530 3106 quae
555 3035 599 3085 ne
620 3013 730 3085 dicam
753 3013 941 3104 perlegere,
962 3011 1025 3082 sed
1038 3033 1104 3082 nec
1116 3033 1324 3083 enumerare

240 3137 442 3212 sufficimus.
480 3137 587 3205 Fama
623 3159 739 3207 rerum
775 3144 914 3206 tuarum
952 3131 1179 3204 celeberrima
1217 3143 1324 3225 atque

239 3260 363 3350 ingens
394 3267 429 3327 et
460 3276 625 3327 sonorum
656 3278 806 3327 nomeu:
838 3254 972 3349 perrari
1005 3266 1121 3326 autem
1154 3254 1321 3340 studiosi,

240 3400 302 3450 seu
325 3387 518 3472 temporum
540 3377 745 3461 adversitas
769 3398 831 3447 seu
852 3376 1070 3467 ingeniorum
1092 3375 1269 3448 hebetudo
1288 3386 1324 3447 et

240 3499 418 3588 segnities,
442 3520 506 3569 seu
526 3498 620 3591 quod
642 3498 752 3589 magis
774 3498 940 3580 arbitror,
953 3497 1019 3568 aiio
1036 3518 1168 3588 cogens
1186 3498 1322 3569 animos

155 3698 157 3705 .
238 3597 408 3714 cupiditas
434 3644 541 3693 causa
566 3632 631 3693 est.
659 3621 778 3713 ltaque
793 3619 967 3691 librorum
994 3620 1100 3712 aliqui
1120 3620 1252 3714 (nescio
1278 3641 1321 3690 an

239 3743 518 3841 irreparabiliter)
536 3743 732 3827 nobiscum,
751 3744 811 3835 qui
828 3759 920 3814 nunc
940 3743 1106 3825 vivimus,
1125 3743 1194 3813 nisi
1211 3743 1319 3823 fallor,

236 3867 357 3959 procui
389 3866 496 3937 dubio
528 3865 683 3959 periere:
720 3882 869 3956 magnus
898 3864 996 3936 dolor
1030 3885 1143 3948 meus
1172 3885 1321 3955 magnus

239 3989 357 4058 saeculi
387 3991 498 4059 nostri
529 3989 654 4083 pudor,
690 4008 817 4078 magna
849 3988 1061 4081 posteritatis
1091 3987 1226 4059 iniuria.
1253 3987 1323 4059 Ne·

238 4132 306 4199 que
327 4111 418 4179 cuim
442 4115 525 4182 salis
548 4114 673 4183 iulame
695 4112 811 4183 visum
834 4123 888 4182 est
909 4111 1048 4202 ingenia
1069 4119 1189 4183 nostra
1210 4109 1322 4200 negli-
