2804 4656
212 305 272 366 101
549 320 591 368 nr.
612 317 713 396 nurus
734 319 958 368 rxuumamus

213 482 316 553 quam
339 461 536 553 praeceptio,
555 469 686 553 quanto
705 462 813 531 maior
831 469 890 531 tua
908 471 964 532 est
980 461 1092 532 virtus
1109 483 1217 554 quam
1232 463 1296 532 lm-

213 585 359 678 perium.
382 584 451 654 Sed
468 584 554 676 quid
574 582 655 655 fiet‘l
674 585 761 655 Hinc
781 585 885 655 animi
904 585 1151 679 promptitudo,
1171 586 1228 657 hic
1241 607 1297 656 re-

214 729 292 776 rum
321 707 532 798 perplexitas
566 709 675 778 multa
705 717 771 778 est.
798 708 951 779 Hucciue
976 708 1068 778 enim
1097 729 1221 800 quaeso
1247 717 1298 780 tot

212 851 368 903 mearum
390 830 616 921 epistolarum
637 832 767 900 clamor
787 830 906 901 irritus
925 832 1101 923 pervenit,
1132 841 1169 902 ut
1192 854 1296 903 voca-

212 960 269 1023 tus
290 951 424 1035 totiens
439 951 580 1033 tamdiu,
596 961 737 1044 tamque
753 952 867 1036 anxie,
890 963 1030 1046 tamque
1052 978 1072 1026 a
1093 954 1212 1024 multis
1232 977 1296 1026 ex·

212 1084 379 1170 peclatus,
395 1075 440 1145 ad
457 1085 655 1146 extremum
674 1087 707 1146 te
726 1088 909 1148 vocantem
926 1077 971 1148 ad
985 1086 1019 1147 te
1039 1097 1162 1160 voceS,
1184 1078 1296 1170 quod-

212 1221 280 1292 que
294 1201 329 1268 in
342 1197 465 1268 litteris
478 1195 631 1290 profiteri
649 1207 709 1269 tua
725 1198 867 1289 dignata
881 1199 1063 1270 clementia
1074 1209 1140 1285 est,
1155 1199 1295 1271 deside-

211 1344 279 1405 res,
294 1323 486 1414 expectes?
506 1320 597 1402 Quid
615 1320 679 1403 hic,
701 1320 853 1412 inquam,
877 1318 936 1391 liet
954 1322 1091 1392 Caesar‘l
1112 1323 1162 1393 Tu
1184 1345 1241 1394 me
1261 1322 1295 1391 in

212 1443 452 1528 Germaniam,
473 1464 540 1532 ego
560 1441 594 1511 iu
616 1442 745 1513 ltaliam
767 1454 801 1516 te
823 1463 921 1514 voco.
944 1444 994 1513 Tu
1014 1445 1221 1514 auctoritate
1242 1465 1296 1513 me

213 1585 375 1656 superas,
394 1585 461 1655 ego
482 1575 515 1634 te
536 1585 654 1634 causa.
673 1565 724 1635 'lu
751 1587 806 1636 me
831 1565 876 1636 ad
901 1565 1163 1637 delectationem
1189 1565 1297 1636 lione-

214 1697 319 1769 stam,
346 1709 414 1758 non
442 1685 588 1772 inficior,
615 1688 890 1781 incundamque‚
913 1711 979 1780 ego
1005 1701 1038 1761 te
1065 1690 1109 1760 ad
1131 1691 1295 1788 uirtutem

213 1820 317 1901 atque
338 1811 488 1882 officium
506 1811 744 1882 necessarium
764 1834 805 1883 ac
825 1811 980 1883 debitum
1003 1835 1115 1906 usque
1137 1812 1237 1897 adeo,
1260 1825 1297 1883 ut

213 1932 258 2004 ob
279 1933 345 2003 hoc
367 1956 471 2004 uuum
494 1935 530 2004 in
551 1936 660 2004 lucem
687 1933 800 2005 editus
826 1935 988 2006 videare:
1009 1918 1109 2006 cuius
1135 1934 1296 2005 executio

214 2064 246 2125 te
260 2057 392 2126 felicem
414 2058 514 2140 coelo,
535 2059 666 2127 clarum
685 2057 836 2151 posteris
855 2057 1079 2127 trasmissura
1098 2056 1152 2125 sit.
1171 2055 1297 2127 Parere

212 2187 327 2250 tamen
350 2187 405 2248 est
425 2175 575 2262 animno,
602 2190 637 2250 et
661 2202 768 2251 causa
794 2179 921 2262 victor,
950 2188 1010 2250 tuo
1035 2179 1179 2271 imperio
1204 2179 1295 2249 vinci

212 2304 327 2374 velim.
356 2301 426 2372 Sed
455 2304 561 2373 multa
595 2302 744 2372 obstant.
771 2303 1058 2373 Primum-aestas
1084 2301 1134 2372 sic
1161 2312 1296 2372 naturae

213 2446 305 2494 mere
324 2423 453 2506 hostis,
476 2433 514 2494 ut
529 2423 600 2494 xhac
617 2426 784 2515 temporis
802 2435 899 2515 parte
920 2445 988 2494 non
1007 2425 1130 2496 vivere
1147 2425 1211 2496 sed
1225 2427 1296 2493 lan-

214 2567 323 2637 guere
344 2544 602 2635 quodammodo
619 2546 742 2617 videar
759 2567 799 2615 ac
817 2549 985 2637 torqueri,
1004 2567 1085 2639 quae
1102 2547 1132 2617 si
1150 2549 1297 2617 molesta

213 2667 297 2737 milri
316 2687 454 2761 semper
470 2669 546 2753 luit,
562 2670 647 2761 quid
662 2691 754 2740 nunc
771 2679 872 2763 putas
887 2669 1028 2760 quando
1040 2670 1158 2740 minus
1170 2679 1296 2740 aestum

213 2791 301 2860 forte
327 2802 491 2876 metuam,
520 2792 584 2864 sed
610 2791 763 2862 laborem
791 2794 924 2884 magis?
944 2794 1131 2885 Nunquam
1152 2802 1222 2862 tam
1244 2794 1296 2862 iu-

202 2903 316 2983 ⁴xenis
336 2913 476 3006 quidem
501 2914 550 2986 lui
577 2925 615 2986 ut
639 2914 810 2987 nescirem
838 2938 892 2988 me
918 2936 1119 2996 senescerm
1144 2913 1293 2985 sciebam

213 3057 300 3107 vero
320 3058 384 3107 nec
403 3039 612 3111 sentiebam:
627 3040 710 3133 quin
725 3041 904 3124 hactenus,
923 3062 988 3111 ceu
1004 3039 1065 3131 qui
1077 3039 1159 3109 nari
1172 3046 1294 3109 vectus

213 3156 391 3230 dormiens
412 3160 565 3234 seeundo
585 3165 686 3233 alveo
705 3163 898 3246 descendit,
926 3164 974 3232 nil
1001 3162 1156 3232 sentiens
1176 3181 1295 3253 proce·

212 3279 349 3352 debam.
372 3283 462 3355 Ecce
482 3285 549 3354 iam
578 3286 723 3370 sensim,
746 3286 881 3370 Caesar,
904 3285 1033 3376 incipio
1056 3295 1195 3354 aetatem
1216 3305 1295 3354 seu-

214 3403 288 3485 tire‚
315 3405 551 3500 fragiliorque,
573 3419 608 3479 et
629 3409 662 3476 in
683 3407 759 3478 dies
780 3408 911 3479 tardior
932 3405 1017 3478 fieri.
1032 3405 1174 3478 Accedit
1190 3403 1292 3498 quod

212 3536 278 3607 etsi
300 3546 338 3606 tu
354 3531 508 3605 omnium
522 3530 645 3614 maior,
660 3531 727 3600 etsi
746 3541 827 3602 tuus
840 3531 896 3601 ille
913 3551 1021 3622 penes
1037 3551 1141 3623 quem
1159 3527 1294 3598 iamdu-

213 3661 296 3732 dum
320 3678 399 3749 ago,
418 3677 485 3725 non
506 3653 798 3726 modolicentiam
815 3655 962 3725 daturus
979 3651 1155 3735 videatur,
1176 3652 1239 3723 sed
1257 3659 1295 3720 ut
1348 3643 1350 3645 ’

214 3782 367 3852 animum
390 3779 467 3850 eius
487 3777 583 3861 novi,
606 3775 682 3867 ipse
701 3798 840 3868 quoque
861 3789 1032 3847 venturus
1054 3776 1084 3845 si
1106 3786 1142 3848 tu
1160 3775 1292 3858 iubeas

214 3903 297 3972 mihi
312 3913 436 3984 tamen,
453 3901 537 3972 dum
552 3898 618 3970 sub
636 3897 759 3968 umbra
776 3900 852 3970 eius
868 3920 956 3982 sum,
975 3898 1114 3971 licentia
1126 3919 1214 3991 opus
1228 3906 1293 3969 est.
1321 3906 1327 3916 ‘

212 4024 344 4094 Verum
364 4024 431 4094 hoc
448 4043 516 4093 nou
531 4019 648 4113 magni
668 4020 765 4106 facio,
788 4023 878 4114 quia,
900 4030 939 4092 ut
959 4022 1045 4105 dixi,
1069 4022 1155 4092 nihil
1172 4021 1238 4105 ille,
1262 4021 1295 4091 ni

214 4144 326 4229 fallor,
348 4154 539 4234 negaturus
560 4143 701 4216 domino
723 4165 786 4216 suo
808 4145 862 4216 sit.
878 4144 969 4228 Quid
983 4145 1028 4216 de
1039 4143 1163 4215 libellis
1178 4154 1292 4214 autem
