2738 4680
288 318 381 366 LIBER
401 316 910 369 ltcastlluseltluus.—uelsu0Ll
931 320 982 369 XV.
1115 305 1174 369 113

99 455 233 527 omnino
258 454 343 548 quid
370 455 511 527 laudent
536 455 668 550 quidve
694 457 887 551 improbent
912 479 959 529 ex
986 479 1089 551 aequo
1114 481 1176 531 ne·

97 577 220 663 sciunt,
250 588 285 649 et
310 601 379 671 qua
406 580 499 651 nulla
523 591 637 673 poetae
663 562 859 673 praesertim
877 581 1018 673 gravior
1037 581 1171 667 iniuria,
1219 560 1233 587 Ἦ

97 699 222 795 scripta
236 699 320 785 eius
341 700 597 792 pronuntiando
617 704 770 774 lacerant
795 714 898 796 atque
925 715 1175 801 corrumpunt:

96 845 171 917 quae
194 845 263 915 ego
284 822 436 909 forsitan,
466 824 533 895 nisi
554 849 611 897 me
628 848 786 898 meorum
814 849 898 901 cura
924 839 1069 902 vocaret
1094 829 1175 917 alin,

96 970 153 1042 pro
174 947 269 1019 virili
288 957 384 1038 parte
400 946 446 1018 ab
463 948 530 1019 boc
546 947 698 1020 ludibrio
718 948 944 1023 vindicarem.
965 953 1065 1025 Nune
1082 955 1177 1048 quod

97 1094 201 1142 unum
223 1081 343 1154 restat,
364 1092 494 1165 queror
514 1080 550 1143 et
570 1071 768 1145 stomachor
789 1075 880 1145 illius
898 1078 1086 1168 ‚egregiam
1108 1077 1177 1148 stili

97 1195 241 1266 frontem
252 1194 422 1266 inertibus
438 1195 563 1266 horum
579 1196 706 1288 linguis
726 1197 872 1292 conspui
889 1198 1096 1293 foedarique.
1111 1199 1177 1272 Ubi

98 1340 200 1389 unum
227 1318 326 1410 quod
350 1321 448 1391 loeus
475 1319 586 1411 exigit
612 1342 680 1391 non
708 1320 833 1406 silebo,
860 1323 972 1394 fuisse
998 1321 1082 1394 mihi
1108 1344 1178 1396 non

99 1442 251 1513 ultimam
273 1463 417 1513 causam
438 1442 529 1514 bano
550 1443 619 1514 stili
644 1444 722 1514 eius
747 1427 950 1528 deserendi,
985 1444 1041 1516 cui
1061 1445 1178 1518 adole·

101 1585 196 1636 scens
214 1563 453 1638 incubueram.
470 1565 584 1636 Timui
600 1565 691 1638 enim
709 1567 744 1637 in
763 1565 849 1639 meis
866 1567 961 1661 quod
980 1567 1013 1638 in
1032 1569 1179 1641 aliorum

101 1686 244 1780 scriptis,
268 1687 513 1780 praecipueque
526 1687 632 1760 huius
647 1689 691 1760 de
705 1711 776 1782 qun
797 1690 980 1783 loquimur,
996 1690 1177 1777 videbam,

101 1832 207 1904 neque
226 1808 453 1882 volubiliores
478 1810 575 1903 vulgi
601 1812 738 1904 linguas
759 1822 819 1883 aut
840 1811 982 1906 spiritus
1005 1813 1179 1886 molliores

101 1931 180 2003 meis
204 1932 239 2001 in
261 1930 369 2004 rebus
391 1934 547 2029 speravi,
570 1956 676 2026 quarn
702 1934 737 2005 in
763 1933 900 2005 illorum
926 1946 1061 2020 essent,
1089 1956 1179 2029 quos

101 2065 256 2128 vetustas
276 2066 312 2128 et
332 2057 559 2152 praescriptus
586 2058 685 2128 lavor
711 2055 856 2127 theatris
878 2078 918 2127 ao
938 2057 1100 2149 compitis
1121 2081 1180 2128 ur-

101 2177 189 2250 bium
212 2180 462 2252 celebrassent.
484 2181 609 2274 Meque
633 2201 701 2252 non
722 2182 852 2251 frustra
872 2179 1032 2250 timuisse
1050 2201 1107 2251 res
1128 2179 1181 2251 in·

102 2303 205 2389 dieat,
228 2303 371 2397 quando
389 2303 424 2373 in
444 2302 500 2375 his
522 2305 607 2398 ipsis
630 2302 760 2396 paucis,
783 2324 864 2396 quae
885 2301 969 2373 mihi
984 2301 1181 2373 iuveniliter

102 2448 158 2517 per
178 2427 215 2499 id
237 2436 375 2523 tempus
396 2430 515 2522 elapsa
537 2439 631 2512 sunt,
656 2427 752 2519 vulgi
773 2425 901 2518 linguis
923 2423 1065 2496 assidue
1090 2425 1181 2496 laee-

102 2572 163 2622 ror.
185 2549 377 2642 Indignaris
398 2548 562 2645 quodque
587 2550 668 2622 olim
690 2573 891 2623 amaveram
912 2570 1071 2643 perosus,
1094 2569 1180 2642 quo-

103 2675 178 2771 tidie
199 2677 322 2746 nolens
343 2684 379 2746 et
399 2674 539 2766 ingenio
557 2674 667 2746 iratus
685 2695 763 2746 meo
780 2674 814 2745 in
833 2673 1023 2766 porticibus
1045 2694 1178 2745 versor.

102 2795 232 2891 Ubique
259 2797 475 2870 indoctorum
508 2799 619 2884 acies,
650 2797 780 2892 ubique
804 2800 982 2870 Damoetas
1005 2818 1119 2869 meum
1145 2794 1179 2865 in

104 2922 209 2994 triviis
231 2922 355 2994 solitus

260 3114 403 3178 stridenti
419 3113 570 3178 miserum
586 3114 694 3195 stipula
712 3115 886 3196 disperdere
902 3130 1034 3178 carmen.

104 3297 166 3370 Sed
185 3297 257 3370 iam
278 3297 363 3370 satis
385 3299 494 3369 multa
515 3299 560 3371 de
582 3321 619 3371 re
641 3297 774 3370 modica
797 3320 977 3391 nunquam
998 3296 1082 3368 mihi
1108 3306 1178 3368 tarn

104 3423 190 3494 serio
210 3420 391 3513 agitanda:
419 3444 497 3492 oum
525 3421 614 3493 banc
640 3420 751 3512 ipsam
778 3420 899 3492 boram
934 3421 1075 3491 minime
1105 3440 1180 3490 am—

101 3545 186 3637 plius
200 3544 394 3617 redituram
411 3545 505 3617 curis
523 3545 599 3616 aliis
619 3544 796 3616 deberem:
816 3544 882 3615 nisi
900 3541 982 3636 quia
998 3542 1179 3613 excusatio

104 3676 155 3739 tua
172 3667 300 3738 borum
327 3668 538 3740 accusationi
564 3667 683 3740 nescio
709 3667 794 3760 quid
820 3665 933 3738 simile
955 3685 1077 3760 sapere
1101 3663 1180 3735 visa

103 3801 159 3861 est.
182 3791 303 3862 Solent
323 3791 416 3862 enim
438 3793 593 3887 plerique
614 3791 699 3861 mibi
721 3790 848 3874 odium,
865 3799 903 3860 ut
914 3786 999 3873 dixi,
1021 3786 1079 3858 alii
1099 3807 1182 3858 con-

105 3921 267 4009 temptum
281 3914 349 3985 viri
361 3914 465 3986 buius
479 3914 637 3999 obiicere,
646 3915 745 3985 cuius
760 3910 864 3983 hodie
878 3908 1017 3981 nomine
1031 3906 1181 3978 scienter

106 4033 265 4123 abstinui,
296 4060 337 4109 ne
363 4038 448 4110 illud
473 4036 630 4109 inlamari
657 4036 838 4108 clamitans
867 4043 991 4105 cuncta
1018 4030 1178 4115 audiens,

106 4159 179 4233 nibil
192 4163 394 4255 intelligens
407 4166 535 4254 vulgus
546 4162 774 4255 obstreperet.
794 4160 861 4231 Alii
877 4169 995 4232 autern
1012 4157 1179 4230 invidiam

221 4296 260 4335 tlt.
1007 4282 1023 4330 8
