<?xml version="1.0" encoding="UTF-8"?>
<!DOCTYPE html PUBLIC "-//W3C//DTD XHTML 1.0 Transitional//EN"
    "http://www.w3.org/TR/xhtml1/DTD/xhtml1-transitional.dtd">
<html xmlns="http://www.w3.org/1999/xhtml" xml:lang="en" lang="en">
 <head>
  <title>
</title>
<meta http-equiv="Content-Type" content="text/html;charset=utf-8" />
  <meta name='ocr-system' content='tesseract 3.04.00' />
  <meta name='ocr-capabilities' content='ocr_page ocr_carea ocr_par ocr_line ocrx_word'/>
</head>
<body>
  <div class='ocr_page' id='page_1' title='image "./franciscipetrar00fracgoog_0441.png"; bbox 0 0 2934 4650; ppageno 0'>
   <div class='ocr_carea' id='block_1_1' title="bbox 208 307 882 368">
    <p class='ocr_par' dir='ltr' id='par_1_1' title="bbox 208 307 882 368">
     <span class='ocr_line' id='line_1_1' title="bbox 208 307 882 368; baseline 0.001 -3"><span class='ocrx_word' id='word_1_1' title='bbox 208 307 266 368; x_wconf 71' lang='lat' dir='ltr'><strong>llll</strong></span> <span class='ocrx_word' id='word_1_2' title='bbox 668 319 830 368; x_wconf 78' lang='lat' dir='ltr'><strong>rauranum</strong></span> <span class='ocrx_word' id='word_1_3' title='bbox 879 316 882 322; x_wconf 87' lang='lat'>·</span> 
     </span>
    </p>
   </div>
   <div class='ocr_carea' id='block_1_2' title="bbox 207 460 1306 1052">
    <p class='ocr_par' dir='ltr' id='par_1_2' title="bbox 207 460 1306 924">
     <span class='ocr_line' id='line_1_2' title="bbox 207 460 1304 556; baseline -0.001 -23"><span class='ocrx_word' id='word_1_4' title='bbox 207 463 325 556; x_wconf 87' lang='lat' dir='ltr'><strong>stipati</strong></span> <span class='ocrx_word' id='word_1_5' title='bbox 361 462 545 533; x_wconf 73' lang='lat' dir='ltr'><strong>satellitum</strong></span> <span class='ocrx_word' id='word_1_6' title='bbox 581 460 692 531; x_wconf 89' lang='lat' dir='ltr'><strong>turbis</strong></span> <span class='ocrx_word' id='word_1_7' title='bbox 730 461 765 530; x_wconf 93' lang='lat' dir='ltr'><strong>in</strong></span> <span class='ocrx_word' id='word_1_8' title='bbox 800 461 1004 555; x_wconf 78' lang='lat' dir='ltr'><strong>Capitolium</strong></span> <span class='ocrx_word' id='word_1_9' title='bbox 1038 461 1304 545; x_wconf 86' lang='lat' dir='ltr'><strong>ascenderent,</strong></span> 
     </span>
     <span class='ocr_line' id='line_1_3' title="bbox 208 582 1306 676; baseline 0.002 -22"><span class='ocrx_word' id='word_1_10' title='bbox 208 584 372 676; x_wconf 87' lang='lat' dir='ltr'><strong>quamvis</strong></span> <span class='ocrx_word' id='word_1_11' title='bbox 394 582 547 676; x_wconf 85' lang='lat' dir='ltr'><strong>superbo</strong></span> <span class='ocrx_word' id='word_1_12' title='bbox 574 604 700 674; x_wconf 83' lang='lat' dir='ltr'><strong>gressu</strong></span> <span class='ocrx_word' id='word_1_13' title='bbox 726 584 961 653; x_wconf 89' lang='lat' dir='ltr'><strong>Romanorum</strong></span> <span class='ocrx_word' id='word_1_14' title='bbox 983 583 1184 654; x_wconf 81' lang='lat' dir='ltr'><strong>illustrium</strong></span> <span class='ocrx_word' id='word_1_15' title='bbox 1214 586 1306 656; x_wconf 89' lang='lat' dir='ltr'><strong>cine-</strong></span> 
     </span>
     <span class='ocr_line' id='line_1_4' title="bbox 210 703 1305 798; baseline 0.001 -22"><span class='ocrx_word' id='word_1_16' title='bbox 210 707 307 777; x_wconf 82' lang='lat' dir='ltr'><strong>ribus</strong></span> <span class='ocrx_word' id='word_1_17' title='bbox 332 707 558 788; x_wconf 89' lang='lat' dir='ltr'><strong>insultarent,</strong></span> <span class='ocrx_word' id='word_1_18' title='bbox 582 726 684 776; x_wconf 92' lang='lat' dir='ltr'><strong>nemo</strong></span> <span class='ocrx_word' id='word_1_19' title='bbox 705 726 774 776; x_wconf 92' lang='lat' dir='ltr'><strong>non</strong></span> <span class='ocrx_word' id='word_1_20' title='bbox 795 703 999 798; x_wconf 79' lang='lat' dir='ltr'><strong>peregrinus</strong></span> <span class='ocrx_word' id='word_1_21' title='bbox 1020 715 1110 789; x_wconf 87' lang='lat' dir='ltr'><strong>erat,</strong></span> <span class='ocrx_word' id='word_1_22' title='bbox 1135 715 1176 775; x_wconf 88' lang='lat' dir='ltr'><strong>et</strong></span> <span class='ocrx_word' id='word_1_23' title='bbox 1199 719 1239 776; x_wconf 86' lang='lat' dir='ltr'><strong>ut</strong></span> <span class='ocrx_word' id='word_1_24' title='bbox 1259 708 1305 777; x_wconf 88' lang='lat' dir='ltr'><strong>ait</strong></span> 
     </span>
     <span class='ocr_line' id='line_1_5' title="bbox 208 830 409 924; baseline -0.015 -25"><span class='ocrx_word' id='word_1_25' title='bbox 208 830 409 924; x_wconf 76' lang='lat' dir='ltr'><strong>Satyricus:</strong></span> 
     </span>
    </p>

    <p class='ocr_par' dir='ltr' id='par_1_3' title="bbox 408 972 1262 1052">
     <span class='ocr_line' id='line_1_6' title="bbox 408 972 1262 1052; baseline 0.001 -18"><span class='ocrx_word' id='word_1_26' title='bbox 408 974 511 1052; x_wconf 83' lang='lat' dir='ltr'><strong>Nuper</strong></span> <span class='ocrx_word' id='word_1_27' title='bbox 527 973 558 1034; x_wconf 92' lang='lat' dir='ltr'><strong>io</strong></span> <span class='ocrx_word' id='word_1_28' title='bbox 576 973 651 1033; x_wconf 86' lang='lat' dir='ltr'><strong>hano</strong></span> <span class='ocrx_word' id='word_1_29' title='bbox 668 973 778 1034; x_wconf 89' lang='lat' dir='ltr'><strong>urbem</strong></span> <span class='ocrx_word' id='word_1_30' title='bbox 795 972 924 1049; x_wconf 86' lang='lat' dir='ltr'><strong>pedibus</strong></span> <span class='ocrx_word' id='word_1_31' title='bbox 942 972 995 1050; x_wconf 90' lang='lat' dir='ltr'><strong>qui</strong></span> <span class='ocrx_word' id='word_1_32' title='bbox 1010 980 1142 1035; x_wconf 85' lang='lat' dir='ltr'><strong>venerat</strong></span> <span class='ocrx_word' id='word_1_33' title='bbox 1160 974 1262 1036; x_wconf 89' lang='lat' dir='ltr'><strong>albis:</strong></span> 
     </span>
    </p>
   </div>
   <div class='ocr_carea' id='block_1_3' title="bbox 210 1127 993 1222">
    <p class='ocr_par' dir='ltr' id='par_1_4' title="bbox 210 1127 993 1222">
     <span class='ocr_line' id='line_1_7' title="bbox 210 1127 993 1222; baseline -0.004 -23"><span class='ocrx_word' id='word_1_34' title='bbox 210 1127 496 1222; x_wconf 88' lang='lat' dir='ltr'><strong>verificatumque</strong></span> <span class='ocrx_word' id='word_1_35' title='bbox 516 1140 572 1200; x_wconf 88' lang='lat' dir='ltr'><strong>cst</strong></span> <span class='ocrx_word' id='word_1_36' title='bbox 588 1129 673 1200; x_wconf 93' lang='lat' dir='ltr'><strong>illud</strong></span> <span class='ocrx_word' id='word_1_37' title='bbox 694 1127 836 1200; x_wconf 87' lang='lat' dir='ltr'><strong>alterius</strong></span> <span class='ocrx_word' id='word_1_38' title='bbox 858 1136 993 1221; x_wconf 91' lang='lat' dir='ltr'><strong>poetae:</strong></span> 
     </span>
    </p>
   </div>
   <div class='ocr_carea' id='block_1_4' title="bbox 411 1300 1164 1560">
    <p class='ocr_par' dir='ltr' id='par_1_5' title="bbox 411 1300 1164 1560">
     <span class='ocr_line' id='line_1_8' title="bbox 648 1300 969 1378; baseline -0.006 -14"><span class='ocrx_word' id='word_1_39' title='bbox 648 1374 650 1378; x_wconf 6' lang='grc' dir='ltr'>μ</span> <span class='ocrx_word' id='word_1_40' title='bbox 695 1300 698 1305; x_wconf 88' lang='grc'><strong>’</strong></span> <span class='ocrx_word' id='word_1_41' title='bbox 767 1300 877 1364; x_wconf 87' lang='lat' dir='ltr'><strong>Solatia</strong></span> <span class='ocrx_word' id='word_1_42' title='bbox 894 1301 969 1369; x_wconf 83' lang='lat' dir='ltr'><strong>tanti</strong></span> 
     </span>
     <span class='ocr_line' id='line_1_9' title="bbox 411 1398 1164 1478; baseline 0.003 -18"><span class='ocrx_word' id='word_1_43' title='bbox 411 1398 512 1460; x_wconf 88' lang='lat' dir='ltr'><strong>Perdit</strong></span> <span class='ocrx_word' id='word_1_44' title='bbox 528 1399 624 1461; x_wconf 86' lang='lat' dir='ltr'><strong>Roma</strong></span> <span class='ocrx_word' id='word_1_45' title='bbox 640 1399 727 1473; x_wconf 86' lang='lat' dir='ltr'><strong>mali,</strong></span> <span class='ocrx_word' id='word_1_46' title='bbox 745 1399 845 1461; x_wconf 88' lang='lat' dir='ltr'><strong>nullos</strong></span> <span class='ocrx_word' id='word_1_47' title='bbox 856 1399 1023 1476; x_wconf 34' lang='lat' dir='ltr'><strong>,admittere</strong></span> <span class='ocrx_word' id='word_1_48' title='bbox 1042 1414 1164 1478; x_wconf 59' lang='lat' dir='ltr'><strong>reges,x</strong></span> 
     </span>
     <span class='ocr_line' id='line_1_10' title="bbox 417 1496 772 1560; baseline 0.003 -1"><span class='ocrx_word' id='word_1_49' title='bbox 417 1496 474 1559; x_wconf 88' lang='lat' dir='ltr'><strong>Sed</strong></span> <span class='ocrx_word' id='word_1_50' title='bbox 491 1497 554 1558; x_wconf 85' lang='lat' dir='ltr'><strong>civi</strong></span> <span class='ocrx_word' id='word_1_51' title='bbox 571 1499 689 1560; x_wconf 87' lang='lat' dir='ltr'><strong>servire</strong></span> <span class='ocrx_word' id='word_1_52' title='bbox 706 1513 772 1560; x_wconf 90' lang='lat' dir='ltr'><strong>suo.</strong></span> 
     </span>
    </p>
   </div>
   <div class='ocr_carea' id='block_1_5' title="bbox 153 1662 1296 3459">
    <p class='ocr_par' dir='ltr' id='par_1_6' title="bbox 153 1662 1296 3459">
     <span class='ocr_line' id='line_1_11' title="bbox 211 1662 1295 1756; baseline 0.003 -22"><span class='ocrx_word' id='word_1_53' title='bbox 211 1662 318 1736; x_wconf 88' lang='lat' dir='ltr'><strong>Vobis</strong></span> <span class='ocrx_word' id='word_1_54' title='bbox 339 1665 395 1735; x_wconf 87' lang='lat' dir='ltr'><strong>vel</strong></span> <span class='ocrx_word' id='word_1_55' title='bbox 417 1664 501 1736; x_wconf 91' lang='lat' dir='ltr'><strong>illud</strong></span> <span class='ocrx_word' id='word_1_56' title='bbox 527 1664 658 1734; x_wconf 91' lang='lat' dir='ltr'><strong>utinam</strong></span> <span class='ocrx_word' id='word_1_57' title='bbox 692 1665 848 1736; x_wconf 90' lang='lat' dir='ltr'><strong>solamen</strong></span> <span class='ocrx_word' id='word_1_58' title='bbox 880 1663 1032 1734; x_wconf 85' lang='lat' dir='ltr'><strong>miseriae</strong></span> <span class='ocrx_word' id='word_1_59' title='bbox 1064 1664 1295 1756; x_wconf 83' lang='lat' dir='ltr'><strong>contigisset,</strong></span> 
     </span>
     <span class='ocr_line' id='line_1_12' title="bbox 210 1785 1294 1877; baseline -0.001 -19"><span class='ocrx_word' id='word_1_60' title='bbox 210 1797 249 1858; x_wconf 90' lang='lat' dir='ltr'><strong>ut</strong></span> <span class='ocrx_word' id='word_1_61' title='bbox 269 1785 327 1858; x_wconf 94' lang='lat' dir='ltr'><strong>uni</strong></span> <span class='ocrx_word' id='word_1_62' title='bbox 349 1788 472 1858; x_wconf 90' lang='lat' dir='ltr'><strong>saltem</strong></span> <span class='ocrx_word' id='word_1_63' title='bbox 495 1806 558 1857; x_wconf 90' lang='lat' dir='ltr'><strong>seu</strong></span> <span class='ocrx_word' id='word_1_64' title='bbox 579 1786 646 1856; x_wconf 91' lang='lat' dir='ltr'><strong>civi</strong></span> <span class='ocrx_word' id='word_1_65' title='bbox 668 1808 733 1857; x_wconf 88' lang='lat' dir='ltr'><strong>sen</strong></span> <span class='ocrx_word' id='word_1_66' title='bbox 751 1785 839 1876; x_wconf 82' lang='lat' dir='ltr'><strong>regi,</strong></span> <span class='ocrx_word' id='word_1_67' title='bbox 870 1797 905 1856; x_wconf 90' lang='lat' dir='ltr'><strong>et</strong></span> <span class='ocrx_word' id='word_1_68' title='bbox 922 1806 991 1856; x_wconf 91' lang='lat' dir='ltr'><strong>nou</strong></span> <span class='ocrx_word' id='word_1_69' title='bbox 1008 1785 1171 1877; x_wconf 91' lang='lat' dir='ltr'><strong>pluribus</strong></span> <span class='ocrx_word' id='word_1_70' title='bbox 1190 1789 1294 1857; x_wconf 89' lang='lat' dir='ltr'><strong>simul</strong></span> 
     </span>
     <span class='ocr_line' id='line_1_13' title="bbox 209 1908 1296 2004; baseline 0.004 -26"><span class='ocrx_word' id='word_1_71' title='bbox 209 1909 367 1980; x_wconf 82' lang='lat' dir='ltr'><strong>externis</strong></span> <span class='ocrx_word' id='word_1_72' title='bbox 401 1908 627 2003; x_wconf 91' lang='lat' dir='ltr'><strong>praedonibus</strong></span> <span class='ocrx_word' id='word_1_73' title='bbox 661 1908 851 1979; x_wconf 85' lang='lat' dir='ltr'><strong>serviretis.</strong></span> <span class='ocrx_word' id='word_1_74' title='bbox 881 1908 949 1978; x_wconf 89' lang='lat' dir='ltr'><strong>Sed</strong></span> <span class='ocrx_word' id='word_1_75' title='bbox 977 1930 1099 1978; x_wconf 91' lang='lat' dir='ltr'><strong>verum</strong></span> <span class='ocrx_word' id='word_1_76' title='bbox 1121 1911 1296 2004; x_wconf 87' lang='lat' dir='ltr'><strong>estquod</strong></span> 
     </span>
     <span class='ocr_line' id='line_1_14' title="bbox 188 2029 1295 2121; baseline 0.002 -21"><span class='ocrx_word' id='word_1_77' title='bbox 188 2040 190 2043; x_wconf 78' lang='grc'><strong>’</strong></span> <span class='ocrx_word' id='word_1_78' title='bbox 207 2030 344 2100; x_wconf 84' lang='lat' dir='ltr'><strong>dixisse</strong></span> <span class='ocrx_word' id='word_1_79' title='bbox 366 2030 514 2101; x_wconf 91' lang='lat' dir='ltr'><strong>traditur</strong></span> <span class='ocrx_word' id='word_1_80' title='bbox 535 2031 590 2100; x_wconf 91' lang='lat' dir='ltr'><strong>ille</strong></span> <span class='ocrx_word' id='word_1_81' title='bbox 610 2029 865 2101; x_wconf 84' lang='lat' dir='ltr'><strong>famosissimus</strong></span> <span class='ocrx_word' id='word_1_82' title='bbox 888 2030 967 2099; x_wconf 92' lang='lat' dir='ltr'><strong>olim</strong></span> <span class='ocrx_word' id='word_1_83' title='bbox 987 2029 1132 2100; x_wconf 88' lang='lat' dir='ltr'><strong>Romani</strong></span> <span class='ocrx_word' id='word_1_84' title='bbox 1150 2033 1295 2121; x_wconf 82' lang='lat' dir='ltr'><strong>generis</strong></span> 
     </span>
     <span class='ocr_line' id='line_1_15' title="bbox 210 2148 1295 2244; baseline 0.003 -24"><span class='ocrx_word' id='word_1_85' title='bbox 210 2150 320 2221; x_wconf 89' lang='lat' dir='ltr'><strong>bostis</strong></span> <span class='ocrx_word' id='word_1_86' title='bbox 354 2151 539 2234; x_wconf 83' lang='lat' dir='ltr'><strong>Hannibal,</strong></span> <span class='ocrx_word' id='word_1_87' title='bbox 577 2151 757 2244; x_wconf 88' lang='lat' dir='ltr'><strong>praeterita</strong></span> <span class='ocrx_word' id='word_1_88' title='bbox 792 2150 905 2239; x_wconf 76' lang='lat' dir='ltr'><strong>magis</strong></span> <span class='ocrx_word' id='word_1_89' title='bbox 944 2148 1151 2241; x_wconf 87' lang='lat' dir='ltr'><strong>reprebendi</strong></span> <span class='ocrx_word' id='word_1_90' title='bbox 1188 2173 1295 2243; x_wconf 91' lang='lat' dir='ltr'><strong>posse</strong></span> 
     </span>
     <span class='ocr_line' id='line_1_16' title="bbox 208 2273 1295 2365; baseline 0 -21"><span class='ocrx_word' id='word_1_91' title='bbox 208 2296 312 2365; x_wconf 88' lang='lat' dir='ltr'><strong>quam</strong></span> <span class='ocrx_word' id='word_1_92' title='bbox 339 2275 489 2365; x_wconf 78' lang='lat' dir='ltr'><strong>corrigi3</strong></span> <span class='ocrx_word' id='word_1_93' title='bbox 512 2273 660 2364; x_wconf 91' lang='lat' dir='ltr'><strong>ideoque</strong></span> <span class='ocrx_word' id='word_1_94' title='bbox 681 2295 726 2343; x_wconf 94' lang='lat' dir='ltr'><strong>ne</strong></span> <span class='ocrx_word' id='word_1_95' title='bbox 746 2273 894 2364; x_wconf 90' lang='lat' dir='ltr'><strong>amplius</strong></span> <span class='ocrx_word' id='word_1_96' title='bbox 916 2292 1075 2362; x_wconf 81' lang='lat' dir='ltr'><strong>urgeam,</strong></span> <span class='ocrx_word' id='word_1_97' title='bbox 1102 2293 1173 2341; x_wconf 92' lang='lat' dir='ltr'><strong>neu</strong></span> <span class='ocrx_word' id='word_1_98' title='bbox 1198 2284 1295 2344; x_wconf 87' lang='lat' dir='ltr'><strong>trau-</strong></span> 
     </span>
     <span class='ocr_line' id='line_1_17' title="bbox 210 2380 1294 2487; baseline 0 -23"><span class='ocrx_word' id='word_1_99' title='bbox 210 2406 305 2467; x_wconf 89' lang='lat' dir='ltr'><strong>sacta</strong></span> <span class='ocrx_word' id='word_1_100' title='bbox 324 2395 426 2465; x_wconf 88' lang='lat' dir='ltr'><strong>vobis</strong></span> <span class='ocrx_word' id='word_1_101' title='bbox 453 2380 678 2487; x_wconf 85' lang='lat' dir='ltr'><strong>exprobrem,</strong></span> <span class='ocrx_word' id='word_1_102' title='bbox 707 2395 789 2484; x_wconf 92' lang='lat' dir='ltr'><strong>quin</strong></span> <span class='ocrx_word' id='word_1_103' title='bbox 816 2394 931 2486; x_wconf 90' lang='lat' dir='ltr'><strong>potius</strong></span> <span class='ocrx_word' id='word_1_104' title='bbox 960 2402 997 2464; x_wconf 91' lang='lat' dir='ltr'><strong>ut</strong></span> <span class='ocrx_word' id='word_1_105' title='bbox 1014 2393 1142 2484; x_wconf 91' lang='lat' dir='ltr'><strong>aliquid</strong></span> <span class='ocrx_word' id='word_1_106' title='bbox 1166 2396 1294 2486; x_wconf 92' lang='lat' dir='ltr'><strong>pudori</strong></span> 
     </span>
     <span class='ocr_line' id='line_1_18' title="bbox 211 2498 1295 2605; baseline 0.001 -19"><span class='ocrx_word' id='word_1_107' title='bbox 211 2527 328 2588; x_wconf 86' lang='lat' dir='ltr'><strong>vestro</strong></span> <span class='ocrx_word' id='word_1_108' title='bbox 349 2498 584 2585; x_wconf 87' lang='lat' dir='ltr'><strong>velamentum</strong></span> <span class='ocrx_word' id='word_1_109' title='bbox 614 2514 801 2605; x_wconf 85' lang='lat' dir='ltr'><strong>praebeam,</strong></span> <span class='ocrx_word' id='word_1_110' title='bbox 829 2518 969 2586; x_wconf 84' lang='lat' dir='ltr'><strong>luerunt</strong></span> <span class='ocrx_word' id='word_1_111' title='bbox 993 2524 1028 2585; x_wconf 89' lang='lat' dir='ltr'><strong>et</strong></span> <span class='ocrx_word' id='word_1_112' title='bbox 1055 2515 1204 2586; x_wconf 88' lang='lat' dir='ltr'><strong>maiores</strong></span> <span class='ocrx_word' id='word_1_113' title='bbox 1232 2540 1295 2587; x_wconf 93' lang='lat' dir='ltr'><strong>ve-</strong></span> 
     </span>
     <span class='ocr_line' id='line_1_19' title="bbox 211 2634 1295 2735; baseline 0.003 -28"><span class='ocrx_word' id='word_1_114' title='bbox 211 2639 273 2707; x_wconf 92' lang='lat' dir='ltr'><strong>stri</strong></span> <span class='ocrx_word' id='word_1_115' title='bbox 307 2635 374 2707; x_wconf 89' lang='lat' dir='ltr'><strong>sub</strong></span> <span class='ocrx_word' id='word_1_116' title='bbox 406 2634 565 2735; x_wconf 66' lang='lat' dir='ltr'><strong>regibus</strong></span> <span class='ocrx_word' id='word_1_117' title='bbox 600 2635 712 2728; x_wconf 92' lang='lat' dir='ltr'><strong>iisque</strong></span> <span class='ocrx_word' id='word_1_118' title='bbox 744 2659 812 2707; x_wconf 92' lang='lat' dir='ltr'><strong>non</strong></span> <span class='ocrx_word' id='word_1_119' title='bbox 847 2658 987 2732; x_wconf 89' lang='lat' dir='ltr'><strong>semper</strong></span> <span class='ocrx_word' id='word_1_120' title='bbox 1018 2639 1199 2720; x_wconf 87' lang='lat' dir='ltr'><strong>Romanae,</strong></span> <span class='ocrx_word' id='word_1_121' title='bbox 1230 2639 1295 2711; x_wconf 91' lang='lat' dir='ltr'><strong>sed</strong></span> 
     </span>
     <span class='ocr_line' id='line_1_20' title="bbox 210 2756 1294 2851; baseline 0.002 -24"><span class='ocrx_word' id='word_1_122' title='bbox 210 2782 301 2830; x_wconf 87' lang='lat' dir='ltr'><strong>nunc</strong></span> <span class='ocrx_word' id='word_1_123' title='bbox 326 2758 465 2830; x_wconf 91' lang='lat' dir='ltr'><strong>Sabinae</strong></span> <span class='ocrx_word' id='word_1_124' title='bbox 497 2780 590 2830; x_wconf 91' lang='lat' dir='ltr'><strong>nunc</strong></span> <span class='ocrx_word' id='word_1_125' title='bbox 623 2756 826 2840; x_wconf 84' lang='lat' dir='ltr'><strong>Corintbiae,</strong></span> <span class='ocrx_word' id='word_1_126' title='bbox 847 2758 915 2851; x_wconf 80' lang='lat' dir='ltr'><strong>(sie)</strong></span> <span class='ocrx_word' id='word_1_127' title='bbox 942 2758 1152 2850; x_wconf 91' lang='lat' dir='ltr'><strong>quibusdam</strong></span> <span class='ocrx_word' id='word_1_128' title='bbox 1181 2769 1234 2845; x_wconf 86' lang='lat' dir='ltr'><strong>el,</strong></span> <span class='ocrx_word' id='word_1_129' title='bbox 1264 2762 1294 2831; x_wconf 91' lang='lat' dir='ltr'><strong>si</strong></span> 
     </span>
     <span class='ocr_line' id='line_1_21' title="bbox 210 2879 1295 2973; baseline 0.001 -22"><span class='ocrx_word' id='word_1_130' title='bbox 210 2880 354 2951; x_wconf 89' lang='lat' dir='ltr'><strong>credere</strong></span> <span class='ocrx_word' id='word_1_131' title='bbox 388 2879 506 2962; x_wconf 88' lang='lat' dir='ltr'><strong>libeat,</strong></span> <span class='ocrx_word' id='word_1_132' title='bbox 542 2880 679 2953; x_wconf 88' lang='lat' dir='ltr'><strong>servilis</strong></span> <span class='ocrx_word' id='word_1_133' title='bbox 714 2879 870 2971; x_wconf 81' lang='lat' dir='ltr'><strong>originis.</strong></span> <span class='ocrx_word' id='word_1_134' title='bbox 905 2881 1031 2951; x_wconf 89' lang='lat' dir='ltr'><strong>Verum</strong></span> <span class='ocrx_word' id='word_1_135' title='bbox 1060 2890 1097 2949; x_wconf 92' lang='lat' dir='ltr'><strong>ut</strong></span> <span class='ocrx_word' id='word_1_136' title='bbox 1124 2902 1295 2973; x_wconf 91' lang='lat' dir='ltr'><strong>prospera</strong></span> 
     </span>
     <span class='ocr_line' id='line_1_22' title="bbox 212 3000 1296 3083; baseline 0.003 -12"><span class='ocrx_word' id='word_1_137' title='bbox 212 3004 261 3072; x_wconf 89' lang='lat' dir='ltr'><strong>sie</strong></span> <span class='ocrx_word' id='word_1_138' title='bbox 282 3003 433 3073; x_wconf 89' lang='lat' dir='ltr'><strong>adversa</strong></span> <span class='ocrx_word' id='word_1_139' title='bbox 452 3005 590 3073; x_wconf 87' lang='lat' dir='ltr'><strong>fortuna</strong></span> <span class='ocrx_word' id='word_1_140' title='bbox 617 3024 719 3073; x_wconf 89' lang='lat' dir='ltr'><strong>suum</strong></span> <span class='ocrx_word' id='word_1_141' title='bbox 747 3000 850 3072; x_wconf 90' lang='lat' dir='ltr'><strong>finem</strong></span> <span class='ocrx_word' id='word_1_142' title='bbox 880 3000 997 3083; x_wconf 92' lang='lat' dir='ltr'><strong>babet,</strong></span> <span class='ocrx_word' id='word_1_143' title='bbox 1031 3011 1067 3070; x_wconf 90' lang='lat' dir='ltr'><strong>et</strong></span> <span class='ocrx_word' id='word_1_144' title='bbox 1096 3001 1233 3071; x_wconf 91' lang='lat' dir='ltr'><strong>illorum</strong></span> <span class='ocrx_word' id='word_1_145' title='bbox 1260 3015 1296 3074; x_wconf 91' lang='lat' dir='ltr'><strong>et</strong></span> 
     </span>
     <span class='ocr_line' id='line_1_23' title="bbox 212 3120 1293 3215; baseline 0.003 -25"><span class='ocrx_word' id='word_1_146' title='bbox 212 3132 341 3192; x_wconf 89' lang='lat' dir='ltr'><strong>restrae</strong></span> <span class='ocrx_word' id='word_1_147' title='bbox 373 3121 524 3194; x_wconf 91' lang='lat' dir='ltr'><strong>libertati</strong></span> <span class='ocrx_word' id='word_1_148' title='bbox 558 3124 723 3195; x_wconf 80' lang='lat' dir='ltr'><strong>defensor</strong></span> <span class='ocrx_word' id='word_1_149' title='bbox 751 3123 950 3215; x_wconf 90' lang='lat' dir='ltr'><strong>insperatus</strong></span> <span class='ocrx_word' id='word_1_150' title='bbox 976 3120 1099 3203; x_wconf 86' lang='lat' dir='ltr'><strong>adfuit,</strong></span> <span class='ocrx_word' id='word_1_151' title='bbox 1126 3133 1162 3192; x_wconf 86' lang='lat' dir='ltr'><strong>et</strong></span> <span class='ocrx_word' id='word_1_152' title='bbox 1188 3144 1293 3194; x_wconf 90' lang='lat' dir='ltr'><strong>suum</strong></span> 
     </span>
     <span class='ocr_line' id='line_1_24' title="bbox 211 3243 1296 3336; baseline 0.003 -23"><span class='ocrx_word' id='word_1_153' title='bbox 211 3245 357 3314; x_wconf 91' lang='lat' dir='ltr'><strong>Brutum</strong></span> <span class='ocrx_word' id='word_1_154' title='bbox 380 3254 527 3336; x_wconf 91' lang='lat' dir='ltr'><strong>utraque</strong></span> <span class='ocrx_word' id='word_1_155' title='bbox 549 3246 625 3314; x_wconf 89' lang='lat' dir='ltr'><strong>tulit</strong></span> <span class='ocrx_word' id='word_1_156' title='bbox 649 3255 747 3314; x_wconf 88' lang='lat' dir='ltr'><strong>aetas.</strong></span> <span class='ocrx_word' id='word_1_157' title='bbox 774 3245 859 3314; x_wconf 87' lang='lat' dir='ltr'><strong>Tres</strong></span> <span class='ocrx_word' id='word_1_158' title='bbox 894 3245 962 3314; x_wconf 92' lang='lat' dir='ltr'><strong>iam</strong></span> <span class='ocrx_word' id='word_1_159' title='bbox 993 3243 1073 3313; x_wconf 91' lang='lat' dir='ltr'><strong>binc</strong></span> <span class='ocrx_word' id='word_1_160' title='bbox 1097 3266 1145 3313; x_wconf 82' lang='lat' dir='ltr'><strong>ex</strong></span> <span class='ocrx_word' id='word_1_161' title='bbox 1169 3243 1296 3316; x_wconf 87' lang='lat' dir='ltr'><strong>ordine</strong></span> 
     </span>
     <span class='ocr_line' id='line_1_25' title="bbox 153 3365 1296 3459; baseline -0.001 -22"><span class='ocrx_word' id='word_1_162' title='bbox 153 3398 156 3404; x_wconf 96' lang='lat'><em>·</em></span> <span class='ocrx_word' id='word_1_163' title='bbox 212 3365 430 3454; x_wconf 85' lang='lat' dir='ltr'><strong>celebrantur</strong></span> <span class='ocrx_word' id='word_1_164' title='bbox 449 3367 569 3437; x_wconf 88' lang='lat' dir='ltr'><strong>Bruti:</strong></span> <span class='ocrx_word' id='word_1_165' title='bbox 593 3365 725 3459; x_wconf 90' lang='lat' dir='ltr'><strong>primus</strong></span> <span class='ocrx_word' id='word_1_166' title='bbox 746 3366 806 3457; x_wconf 91' lang='lat' dir='ltr'><strong>qui</strong></span> <span class='ocrx_word' id='word_1_167' title='bbox 828 3365 1021 3458; x_wconf 88' lang='lat' dir='ltr'><strong>Superbum</strong></span> <span class='ocrx_word' id='word_1_168' title='bbox 1043 3387 1160 3457; x_wconf 84' lang='lat' dir='ltr'><strong>regem</strong></span> <span class='ocrx_word' id='word_1_169' title='bbox 1178 3387 1296 3459; x_wconf 87' lang='lat' dir='ltr'><strong>expu-</strong></span> 
     </span>
    </p>
   </div>
   <div class='ocr_carea' id='block_1_6' title="bbox 99 3486 1295 3594">
    <p class='ocr_par' dir='ltr' id='par_1_7' title="bbox 99 3486 1295 3594">
     <span class='ocr_line' id='line_1_26' title="bbox 99 3486 1295 3594; baseline 0 -36"><span class='ocrx_word' id='word_1_170' title='bbox 99 3582 106 3594; x_wconf 87' lang='lat'><strong>.</strong></span> <span class='ocrx_word' id='word_1_171' title='bbox 213 3489 272 3559; x_wconf 91' lang='lat' dir='ltr'><strong>lit:</strong></span> <span class='ocrx_word' id='word_1_172' title='bbox 308 3488 484 3559; x_wconf 89' lang='lat' dir='ltr'><strong>secundus</strong></span> <span class='ocrx_word' id='word_1_173' title='bbox 508 3488 569 3580; x_wconf 91' lang='lat' dir='ltr'><strong>qni</strong></span> <span class='ocrx_word' id='word_1_174' title='bbox 595 3487 720 3558; x_wconf 91' lang='lat' dir='ltr'><strong>lulium</strong></span> <span class='ocrx_word' id='word_1_175' title='bbox 746 3488 920 3558; x_wconf 84' lang='lat' dir='ltr'><strong>Caesarem</strong></span> <span class='ocrx_word' id='word_1_176' title='bbox 947 3486 1137 3558; x_wconf 85' lang='lat' dir='ltr'><strong>interfecit:</strong></span> <span class='ocrx_word' id='word_1_177' title='bbox 1170 3486 1295 3564; x_wconf 88' lang='lat' dir='ltr'><strong>tertius</strong></span> 
     </span>
    </p>
   </div>
   <div class='ocr_carea' id='block_1_7' title="bbox 159 3609 1305 4189">
    <p class='ocr_par' dir='ltr' id='par_1_8' title="bbox 159 3609 1305 4189">
     <span class='ocr_line' id='line_1_27' title="bbox 213 3609 1297 3702; baseline 0 -23"><span class='ocrx_word' id='word_1_178' title='bbox 213 3610 272 3701; x_wconf 92' lang='lat' dir='ltr'><strong>qui</strong></span> <span class='ocrx_word' id='word_1_179' title='bbox 298 3610 407 3680; x_wconf 89' lang='lat' dir='ltr'><strong>nostri</strong></span> <span class='ocrx_word' id='word_1_180' title='bbox 429 3610 594 3702; x_wconf 89' lang='lat' dir='ltr'><strong>temporis</strong></span> <span class='ocrx_word' id='word_1_181' title='bbox 616 3620 782 3702; x_wconf 84' lang='lat' dir='ltr'><strong>tyrannos</strong></span> <span class='ocrx_word' id='word_1_182' title='bbox 805 3617 841 3678; x_wconf 90' lang='lat' dir='ltr'><strong>et</strong></span> <span class='ocrx_word' id='word_1_183' title='bbox 861 3609 967 3678; x_wconf 83' lang='lat' dir='ltr'><strong>exilio</strong></span> <span class='ocrx_word' id='word_1_184' title='bbox 987 3617 1022 3678; x_wconf 89' lang='lat' dir='ltr'><strong>et</strong></span> <span class='ocrx_word' id='word_1_185' title='bbox 1041 3616 1297 3698; x_wconf 57' lang='lat' dir='ltr'><strong>morle‘perse-</strong></span> 
     </span>
     <span class='ocr_line' id='line_1_28' title="bbox 213 3729 1297 3821; baseline -0.001 -20"><span class='ocrx_word' id='word_1_186' title='bbox 213 3731 351 3821; x_wconf 88' lang='lat' dir='ltr'><strong>quitur:</strong></span> <span class='ocrx_word' id='word_1_187' title='bbox 374 3732 407 3800; x_wconf 92' lang='lat' dir='ltr'><strong>in</strong></span> <span class='ocrx_word' id='word_1_188' title='bbox 434 3731 501 3801; x_wconf 93' lang='lat' dir='ltr'><strong>boc</strong></span> <span class='ocrx_word' id='word_1_189' title='bbox 527 3729 698 3803; x_wconf 90' lang='lat' dir='ltr'><strong>ambobus</strong></span> <span class='ocrx_word' id='word_1_190' title='bbox 725 3730 856 3813; x_wconf 90' lang='lat' dir='ltr'><strong>similis,</strong></span> <span class='ocrx_word' id='word_1_191' title='bbox 876 3729 970 3821; x_wconf 85' lang='lat' dir='ltr'><strong>quod</strong></span> <span class='ocrx_word' id='word_1_192' title='bbox 1001 3729 1151 3820; x_wconf 84' lang='lat' dir='ltr'><strong>geminae</strong></span> <span class='ocrx_word' id='word_1_193' title='bbox 1178 3730 1297 3800; x_wconf 90' lang='lat' dir='ltr'><strong>laudis</strong></span> 
     </span>
     <span class='ocr_line' id='line_1_29' title="bbox 214 3850 1298 3951; baseline 0.005 -32"><span class='ocrx_word' id='word_1_194' title='bbox 214 3852 405 3937; x_wconf 90' lang='lat' dir='ltr'><strong>materiam,</strong></span> <span class='ocrx_word' id='word_1_195' title='bbox 426 3874 531 3944; x_wconf 91' lang='lat' dir='ltr'><strong>quam</strong></span> <span class='ocrx_word' id='word_1_196' title='bbox 553 3852 651 3922; x_wconf 76' lang='lat' dir='ltr'><strong>inter·</strong></span> <span class='ocrx_word' id='word_1_197' title='bbox 665 3873 703 3921; x_wconf 90' lang='lat' dir='ltr'><strong>se</strong></span> <span class='ocrx_word' id='word_1_198' title='bbox 724 3852 865 3923; x_wconf 89' lang='lat' dir='ltr'><strong>aliiduo</strong></span> <span class='ocrx_word' id='word_1_199' title='bbox 881 3851 1009 3951; x_wconf 85' lang='lat' dir='ltr'><strong>unitam</strong></span> <span class='ocrx_word' id='word_1_200' title='bbox 1032 3850 1207 3933; x_wconf 89' lang='lat' dir='ltr'><strong>dividunt,</strong></span> <span class='ocrx_word' id='word_1_201' title='bbox 1228 3852 1298 3924; x_wconf 89' lang='lat' dir='ltr'><strong>iste</strong></span> 
     </span>
     <span class='ocr_line' id='line_1_30' title="bbox 159 3971 1297 4067; baseline 0.006 -27"><span class='ocrx_word' id='word_1_202' title='bbox 159 3983 162 3989; x_wconf 79' lang='grc'>’</span> <span class='ocrx_word' id='word_1_203' title='bbox 214 3982 320 4042; x_wconf 90' lang='lat' dir='ltr'><strong>totam</strong></span> <span class='ocrx_word' id='word_1_204' title='bbox 353 3983 521 4067; x_wconf 90' lang='lat' dir='ltr'><strong>occupet;</strong></span> <span class='ocrx_word' id='word_1_205' title='bbox 549 3971 655 4067; x_wconf 91' lang='lat' dir='ltr'><strong>priori</strong></span> <span class='ocrx_word' id='word_1_206' title='bbox 684 3987 795 4044; x_wconf 88' lang='lat' dir='ltr'><strong>tamen</strong></span> <span class='ocrx_word' id='word_1_207' title='bbox 817 3973 969 4066; x_wconf 88' lang='lat' dir='ltr'><strong>quadarn</strong></span> <span class='ocrx_word' id='word_1_208' title='bbox 995 3993 1131 4044; x_wconf 88' lang='lat' dir='ltr'><strong>morum</strong></span> <span class='ocrx_word' id='word_1_209' title='bbox 1153 3995 1193 4045; x_wconf 90' lang='lat' dir='ltr'><strong>ac</strong></span> <span class='ocrx_word' id='word_1_210' title='bbox 1213 3997 1297 4066; x_wconf 86' lang='lat' dir='ltr'><strong>pro-</strong></span> 
     </span>
     <span class='ocr_line' id='line_1_31' title="bbox 216 4094 1305 4189; baseline 0.008 -28"><span class='ocrx_word' id='word_1_211' title='bbox 216 4094 316 4182; x_wconf 91' lang='lat' dir='ltr'><strong>positi</strong></span> <span class='ocrx_word' id='word_1_212' title='bbox 350 4096 577 4167; x_wconf 88' lang='lat' dir='ltr'><strong>occultatione</strong></span> <span class='ocrx_word' id='word_1_213' title='bbox 612 4094 776 4179; x_wconf 86' lang='lat' dir='ltr'><strong>similior;</strong></span> <span class='ocrx_word' id='word_1_214' title='bbox 817 4094 952 4168; x_wconf 87' lang='lat' dir='ltr'><strong>iuvenis</strong></span> <span class='ocrx_word' id='word_1_215' title='bbox 986 4104 1154 4188; x_wconf 51' lang='lat' dir='ltr'><strong>¹uterque,</strong></span> <span class='ocrx_word' id='word_1_216' title='bbox 1188 4098 1305 4189; x_wconf 83' lang='lat' dir='ltr'><strong>longe·</strong></span> 
     </span>
    </p>
   </div>
   <div class='ocr_carea' id='block_1_8' title="bbox 0 0 1478 4650">
    <p class='ocr_par' dir='ltr' id='par_1_9' title="bbox 0 0 1478 4650">
     <span class='ocr_line' id='line_1_32' title="bbox 0 0 1478 4650; baseline 0 0"><span class='ocrx_word' id='word_1_217' title='bbox 0 0 1478 4650; x_wconf 95' lang='lat' dir='ltr'><strong> </strong></span> 
     </span>
    </p>
   </div>
  </div>
 </body>
</html>
