2730 4680
217 297 257 358 ll
554 309 596 356 ue
618 309 718 358 nunus
740 308 962 356 rnnnnnruus

219 447 409 518 maximum
431 444 526 515 Laelii
553 467 679 516 nomeu
705 444 782 528 fuit,
807 446 933 516 surdas
959 445 1173 517 delatoribus
1195 468 1299 517 aures

218 569 363 650 hahent,
385 577 489 660 atque
510 569 627 638 omnia
648 579 819 660 respuunt
834 590 917 659 quae
930 589 1027 639 verae
1043 569 1206 641 amicitiae
1220 580 1301 641 suut

218 694 379 765 adversa.
402 692 521 784 Neque
541 691 633 762 euim
656 692 742 761 satis
759 704 815 762 est
834 693 921 762 falsa
939 713 1118 784 respuere.
1142 693 1212 764 Hac
1234 718 1300 765 una

219 818 254 887 in
280 838 318 886 re
344 817 419 886 veri
443 815 591 907 falsique
617 814 782 886 discretio
815 815 1000 886 inhonesta
1024 826 1089 887 est.
1125 805 1302 908 Quidquid

218 938 391 1010 adversus
412 937 513 1008 amici
531 936 636 1009 fidem
657 936 801 1020 dicitur,
826 937 894 1009 fide
920 950 1037 1010 careat
1062 960 1208 1010 necesse
1236 951 1300 1011 est.

218 1064 402 1154 Nunquam
425 1085 472 1132 ex
493 1083 563 1153 quo
584 1061 692 1130 semel
713 1060 757 1131 de
780 1062 892 1132 amico
913 1061 1127 1146 decreveris,
1150 1062 1194 1132 de
1216 1065 1303 1133 ami-

218 1189 298 1259 citia
323 1185 554 1259 dubitandum
573 1185 663 1257 erit:
686 1184 838 1277 alioquin
864 1195 1034 1278 perpetuo
1055 1186 1192 1256 nutabit
1215 1187 1303 1257 ami-

219 1313 310 1385 citiae
336 1310 611 1391 fundamentum,
641 1307 739 1380 fides.
768 1309 890 1400 ltaque
915 1307 1098 1379 consilium
1128 1309 1303 1380 Biantisa

219 1433 359 1506 Valerio
376 1431 567 1516 laudatum,
585 1454 656 1524 quo
675 1454 855 1502 monemur
870 1424 1050 1503 sicamare
1066 1433 1303 1524 utaliquando

221 1557 333 1640 usuri,
370 1557 404 1626 in
431 1555 627 1625 meretricio
652 1557 768 1625 forsan
794 1577 914 1626 amore
939 1557 1053 1625 locum
1083 1554 1223 1638 habeat,
1259 1554 1304 1624 ab

222 1677 373 1749 amicitia
393 1679 584 1768 relegetur,
606 1700 711 1769 quam
730 1701 810 1748 cum
826 1678 892 1749 nisi
906 1677 997 1748 inter
1010 1676 1121 1748 honos
1136 1698 1218 1748 esse
1233 1699 1303 1749 uon

222 1822 325 1893 posse
349 1800 504 1871 omnium
530 1799 697 1871 nobilium
723 1801 878 1872 iudicum
905 1801 1087 1873 sententiis
1119 1801 1302 1872 diffinitum

222 1923 284 2008 sit,
306 1923 420 1994 omnis
442 1922 522 1994 inde
544 1926 714 1994 malarum
737 1926 833 1994 lraus
856 1924 995 2009 artium,
1018 1925 1131 1994 omnis
1150 1925 1305 2016 degener

221 2058 257 2118 et
283 2047 445 2118 indecora
473 2048 635 2118 vafricies
660 2047 881 2119 excludenda
906 2061 971 2120 est.
1000 2049 1098 2118 Nulla
1120 2048 1187 2117 iarn
1215 2047 1304 2117 diffi-

218 2172 352 2254 dentia,
375 2173 490 2244 nullus
512 2183 639 2244 metus
662 2174 749 2244 Cum
770 2173 863 2243 enim
886 2171 1047 2241 amicitiae
1068 2172 1202 2262 glutino
1228 2172 1304 2240 iun-

223 2303 350 2386 gantur
371 2293 491 2376 animi,
514 2305 549 2364 et
569 2316 589 2363 ε
615 2293 763 2376 duobus,
792 2302 828 2363 ut
855 2294 990 2377 dicitur,
1019 2315 1125 2363 unum
1144 2290 1220 2377 liat,
1243 2315 1305 2386 par

223 2427 277 2486 est
291 2426 444 2507 utquam
459 2415 610 2508 quisque
626 2416 671 2487 de
688 2438 727 2487 se
744 2418 830 2508 ipso,
850 2417 1009 2487 eamdem
1025 2416 1068 2487 de
1081 2415 1194 2486 amico
1205 2437 1303 2508 spem

223 2538 402 2632 concipiat.
429 2539 537 2610 Multo
568 2562 653 2631 ergo
683 2541 809 2612 melius
844 2543 1021 2632 multoque
1054 2540 1179 2610 iustius
1213 2539 1306 2633 apud

224 2661 372 2731 Tullium
397 2643 524 2732 [mlius
545 2662 729 2761 consilium
752 2664 837 2734 illud
857 2673 891 2735 et
918 2665 1062 2734 rationis
1083 2687 1146 2757 ope
1172 2675 1207 2734 ct
1233 2664 1305 2732 Sci-

223 2784 335 2877 pionis
349 2784 552 2856 auctoritate
571 2785 759 2877 redarguit,
778 2788 878 2858 cuius
896 2797 934 2858 ut
948 2787 1096 2859 nominis
1115 2789 1165 2857 sic
1182 2796 1216 2856 te
1233 2809 1305 2857 mo-

116 2999 121 3008 )
225 2929 301 2976 rum
314 2917 350 2978 et
362 2908 522 2980 amicitiae
544 2930 796 3005 successorem,
815 2912 938 2982 eadem
955 2933 1025 3003 qua
1043 2911 1099 2981 ille
1116 2910 1189 2993 luit,
1204 2909 1305 2979 decet

225 3049 305 3099 esse
333 3033 522 3103 sententia:
551 3054 616 3103 nec
637 3033 786 3104 amando
810 3033 929 3104 odium
959 3030 1128 3124 cogitare,
1159 3032 1222 3103 sed
1257 3034 1306 3101 sic

225 3173 343 3223 amare
371 3163 409 3223 ut
434 3153 554 3225 odisse
577 3176 733 3248 nequeas
756 3158 785 3227 si
808 3158 905 3227 velis.
932 3157 1060 3247 Magna
1084 3154 1246 3247 quaedam
1273 3167 1306 3224 et

225 3273 345 3344 divina
362 3296 418 3346 res
439 3286 493 3348 est
514 3277 678 3361 amicitia,
703 3278 766 3349 sed
785 3279 949 3371 simplex;
972 3300 1109 3370 magnae
1131 3279 1306 3349 consulta-

227 3397 328 3470 tionis
349 3420 473 3490 egens,
498 3400 561 3470 sed
587 3401 701 3471 unius.
729 3400 925 3493 Antequam
953 3403 1079 3493 diligas
1106 3401 1305 3492 eligendum

138 3510 141 3514 ¹
226 3532 302 3594 est:
318 3545 397 3592 cum
410 3523 573 3614 elegeris
594 3523 830 3615 diligendum:
851 3537 928 3617 post
948 3525 1166 3596 dilectionem
1188 3523 1308 3594 electio

228 3669 307 3719 sera
332 3656 397 3719 est.
424 3646 550 3718 Actum
577 3669 684 3739 agere
718 3649 827 3718 veteri
857 3647 1046 3740 proverbio
1071 3646 1306 3742 prohibemur.

227 3769 351 3841 Nullus
376 3770 505 3842 exinde
532 3771 803 3864 suspicionibus,
833 3775 947 3844 nullus
975 3772 1055 3845 odio
1082 3774 1191 3855 locuS,
1225 3771 1308 3841 nilril

228 3890 380 3984 denique
402 3894 523 3986 reliqui
546 3904 599 3964 est
625 3895 691 3965 nisi
718 3917 845 3965 amare.
881 3895 1062 3980 Quomodo
1093 3917 1179 3965 vero
1214 3894 1308 3965 illum

229 4037 325 4087 ames
353 4019 470 4103 hodie,
501 4041 605 4112 quem
627 4017 760 4110 cogites
785 4040 862 4089 cras
883 4019 1022 4091 odisse?
1040 4020 1118 4088 lure
1145 4017 1250 4108 igitur
1277 4027 1311 4086 et

231 4160 435 4231 responsum
470 4143 554 4215 illud
595 4142 807 4216 Platonicum
844 4143 1023 4225 laudatur,
1066 4141 1165 4213 cuius
1205 4163 1310 4235 supra
