2934 4650
232 303 289 364 398
667 315 830 365 ἿΑΙίΙΑΙίΗΜ

232 481 287 529 me
304 461 406 552 longo
424 459 551 544 labore,
572 460 720 533 sednon
739 460 814 530 sine
830 459 949 531 dolore
966 455 1135 528 liberavit.
1157 456 1210 526 Tu
1229 454 1320 526 vive

231 582 372 655 feliciter
393 584 501 654 nostri
522 604 671 668 memor,
692 591 727 655 et
744 584 837 653 vale.
1145 596 1146 601 ’

371 730 488 800 Patavii,
503 730 529 784 X
542 729 671 800 Augusti,
687 746 759 784 sero.

518 1162 519 1167 ¹
607 1140 784 1204 EPISTOLA
804 1140 924 1204 XXXVl.

256 1302 451 1362 Fannclscus
472 1303 640 1352 PETRARCA
660 1304 842 1365 annumero
864 1304 1022 1354 COLUMNAE
1043 1305 1093 1353 ΕΡ.
1115 1300 1287 1368 rusorum

720 1402 746 1451 S.
769 1403 797 1449 Ρ.
819 1403 850 1450 D.

501 1557 661 1613 Gratulatur
674 1558 835 1628 dignitatem
848 1557 888 1612 illi
902 1558 1038 1613 collatam.

330 1800 405 1870 Non
429 1801 537 1872 aliter
553 1802 686 1872 litteras
712 1808 791 1872 tuas
819 1803 886 1892 legi
920 1823 1024 1894 quam
1050 1803 1197 1872 frontem
1225 1823 1316 1873 ocu-

233 1911 355 2016 losque
369 1938 446 1996 tuos
462 1935 622 2020 spectare
642 1947 905 1998 consueveram.
924 1926 1015 2009 Quid
1033 1924 1092 1997 tibi
1108 1927 1162 1995 vis
1176 1925 1310 2008 dicam,

231 2053 351 2143 pater‘.l
372 2050 623 2122 Conscientiam
646 2071 756 2120 meam
782 2059 911 2122 testor:
938 2070 1075 2143 semper
1099 2070 1166 2140 ego
1191 2058 1311 2118 tecum

233 2196 325 2260 sum,
340 2186 379 2248 ,et
396 2175 521 2268 cupide
538 2185 651 2246 tecum
670 2195 805 2257 versor,
825 2184 992 2266 quantum
1015 2173 1109 2242 sinor
1129 2171 1313 2240 interiecto

232 2308 327 2370 tanto
349 2299 453 2368 maris
474 2305 515 2368 ae
536 2307 704 2369 terrarum
729 2299 849 2391 spatio.
870 2299 1039 2368 Caeterum
1062 2297 1118 2366 illo
1139 2295 1196 2367 die
1217 2297 1310 2364 mul-

231 2422 344 2513 tisque
366 2420 592 2512 sequentibus
613 2421 695 2491 dum
720 2421 862 2492 alternis
887 2422 1065 2514 epistolam
1094 2428 1187 2490 tuam
1213 2439 1310 2511 pono

229 2553 265 2614 et
285 2544 429 2636 positam
451 2562 600 2625 resumo,
624 2543 778 2634 dumque
799 2545 889 2614 illam
917 2565 1008 2615 nunc
1030 2545 1108 2634 lego
1129 2563 1221 2613 nunc
1247 2562 1310 2613 co-
1402 2632 1405 2638 ¹

230 2664 318 2754 gito,
339 2663 399 2734 diu
421 2672 492 2733 toto
511 2663 626 2733 animo
649 2677 763 2734 tecum
794 2665 852 2736 fui.
876 2664 949 2735 Tibi
977 2645 1061 2736 sane
1087 2666 1121 2733 in
1147 2684 1308 2756 praesens

229 2787 426 2880 occupatior
445 2787 550 2857 etiam
570 2785 791 2879 fragiliorque
812 2802 917 2881 quam
940 2791 1048 2869 soleo,
1068 2787 1161 2880 quod
1182 2796 1218 2857 et
1239 2788 1306 2859 loci

229 2911 373 2983 mutatio
393 2931 496 2983 curas
521 2911 619 2982 auxit
643 2921 678 2982 et
704 2911 797 2983 vires
823 2933 1007 3005 corporeas
1028 2887 1176 2984 morbus
1192 2913 1304 2982 immi-

229 3034 319 3120 nuit,
347 3035 412 3105 hoc
442 3059 547 3106 unnrn
578 3056 641 3128 pro
667 3037 892 3133 responsione
917 3035 1138 3107 reddiderim.
1161 3035 1305 3107 Gaudeo

229 3156 487 3228 mediusfidius
509 3167 543 3229 te
563 3136 787 3260 adproprias
815 3159 918 3231 sedes
946 3161 1154 3232 incolumem
1179 3181 1305 3253 perve-

228 3281 337 3364 nisse,
361 3291 464 3373 atque
485 3282 627 3353 feliciter
654 3283 872 3377 Tyrrhenum
904 3284 986 3354 litus
1019 3282 1191 3355 Adriatico
1223 3305 1304 3376 per-.

231 3417 396 3476 mutasse.
434 3405 597 3490 Gaudeo,
640 3418 743 3498 atque
784 3406 914 3477 utinam
952 3408 1153 3502 propediem
1188 3409 1304 3476 locum

231 3527 322 3600 hunc
342 3517 493 3600 feliciore
513 3531 642 3620 aliquo,
665 3527 710 3598 ad
726 3537 923 3600 extremum
946 3551 1031 3601 vero
1052 3531 1305 3623 permutatione

231 3652 426 3722 felicissima
448 3662 575 3722 terram
594 3651 793 3723 eoelestibus
813 3666 1061 3746 permutemus.
1076 3657 1167 3740 Quid
1188 3664 1305 3727 autem

231 3784 328 3845 vetat
344 3776 509 3869 augurari
527 3775 594 3845 cito
611 3784 644 3845 te
663 3775 832 3871 Tyrrheni
850 3778 957 3851 maris
974 3801 1070 3852 oram
1089 3783 1303 3864 renisurum,

231 3917 272 3969 ac
291 3920 399 3992 prope
424 3899 603 3971 Theanum
622 3908 728 3998 ‚tuum
753 3904 949 3996 antiquum,
975 3905 1033 3975 vel
1052 3904 1306 3998 Parthenopeio

231 4023 323 4092 litori
362 4018 417 4094 vel
459 4025 618 4096 Casilinis
657 4024 802 4098 collibus
842 4028 1095 4120 praefuturum?
1130 4028 1308 4099 Romuleis

231 4148 380 4231 mallem,
401 4147 504 4240 idque
527 4148 639 4240 magis
660 4152 715 4221 vel
738 4151 861 4242 origini
885 4163 944 4225 tuo
962 4150 1132 4237 debitum,
1156 4152 1212 4222 vel
1234 4151 1307 4221 vir-
