2992 4664
374 304 465 351 tltdn
488 303 1023 364 vlcltSlllUSQllnlttlJS.-drlsrott
1048 308 1109 355 xlll.
1198 296 1256 354 305

584 639 762 704 EPISTULA
789 642 857 703 XIII.

334 811 527 862 Funnclscus
548 812 717 862 Parnlltcn
738 813 873 863 socnam
894 813 953 864 SUO
974 815 1000 865 S.
1024 817 1050 864 P.
1073 818 1102 865 D.

197 955 332 1027 Epistolas
348 954 431 1009 hasce
449 955 485 1009 de
503 953 588 1009 rebus
604 953 801 1024 familiaribus,
818 954 853 1009 de
868 972 987 1027 quarum
1001 956 1098 1012 ordine
1112 958 1238 1029 qttaedam

495 1046 620 1110 enarrat,
636 1041 675 1095 illi
689 1059 787 1097 rursus
802 1042 935 1099 InscrIbit.

273 1315 303 1385 Α
325 1326 360 1387 te
378 1315 599 1408 principium,
622 1316 657 1386 in
685 1327 729 1413 le⁸
744 1313 834 1385 linis,
862 1314 979 1386 Habes
1005 1336 1104 1407 ergo,
1128 1318 1175 1387 mi
1196 1317 1259 1389 So-

175 1448 304 1521 crateS,
322 1437 415 1530 quod
435 1437 572 1531 optasti.
595 1438 737 1509 Librum
755 1460 775 1508 e
794 1438 881 1509 meis
896 1439 1000 1528 nugis
1014 1441 1121 1511 multa
1142 1461 1258 1510 rerum

176 1585 217 1634 ac
236 1559 424 1632 verborum
445 1561 640 1655 imparitate
659 1570 873 1644 contextum,
896 1559 991 1633 haud
1009 1561 1179 1634 immerito
1199 1562 1260 1633 de-

176 1685 296 1755 licatas
316 1704 421 1754 aures
443 1684 657 1754 offensurum
679 1705 786 1776 opus:
807 1684 980 1775 quamvls,
998 1695 1038 1754 ut
1048 1692 1103 1755 est
1123 1683 1259 1755 animus

178 1805 375 1877 mortalium
395 1826 510 1896 vagus
530 1817 566 1875 et
586 1805 721 1888 varius,
749 1815 784 1874 et
804 1806 894 1877 velle
912 1826 1014 1875 suum
1041 1806 1167 1898 cuique
1191 1818 1258 1891 cst,

176 1926 386 2020 quibusdam
402 1926 701 2019 sortasse,quibus
716 1929 865 2019 qualitas
882 1950 1003 1998 rerum·
1015 1950 1083 1998 non
1100 1928 1258 2022 placebit,

176 2050 253 2143 ipsa
274 2050 349 2121 haec
375 2050 420 2121 sit
439 2049 606 2142 placitura
632 2050 796 2123 venetas.
823 2050 1011 2140 Ignoscent
1035 2073 1121 2122 vero
1146 2051 1204 2120 alii
1230 2054 1259 2121 si

176 2171 397 2242 meminerint
414 2171 481 2242 huc
498 2194 554 2253 me
571 2193 641 2242 nou
658 2193 734 2242 mea
754 2182 878 2265 sponte
897 2172 958 2243 sed
977 2172 1098 2243 amicis
1115 2182 1258 2244 tractum

176 2295 337 2389 precibus
362 2295 602 2378 descendisse,
625 2294 840 2390 parendique
865 2294 1041 2387 cupidine,
1065 2315 1129 2366 noc
1150 2296 1261 2366 allona

177 2418 302 2490 iudicia
316 2441 381 2490 nec
393 2419 640 2513 occupationes
654 2439 750 2490 meas
763 2429 869 2511 alque
883 2416 1142 2509 irreparabilem
1155 2416 1261 2489 huius

176 2539 298 2632 exigui
325 2549 360 2611 et
385 2540 505 2611 incerti
534 2542 701 2634 temporis
727 2540 953 2632 pertimuisse
974 2539 1152 2611 iacturam.
1173 2539 1261 2622 Nam

177 2650 224 2744 tu,
245 2661 274 2730 si
295 2659 382 2752 quid
400 2659 594 2744 offenderit,
615 2685 683 2734 non
703 2661 803 2745 mibi,
824 2661 888 2733 sed
909 2660 968 2734 tibi
987 2660 1127 2732 veniam
1146 2659 1258 2744 dabis

177 2794 213 2854 et
237 2783 351 2855 dices:
378 2782 444 2854 hoc
471 2784 582 2855 volui:
609 2807 740 2875 negare
774 2784 830 2854 ille
863 2784 911 2854 nil
936 2784 1047 2876 poluit
1073 2794 1168 2855 tanto
1194 2784 1260 2855 mei

176 2907 484 2996 amantiorquanto
498 2906 728 2996 negligenlim
746 2903 1036 2995 sulscdquidem
1055 2907 1171 2976 nullus
1184 2909 1260 2998 plu-

178 3027 228 3096 ris
246 3035 301 3095 est
321 3025 466 3107 amIcuS,
485 3049 590 3118 quam
608 3026 663 3097 cui
681 3029 784 3097 famae
801 3027 951 3119 propriae
969 3037 1106 3100 constat
1127 3029 1260 3124 impen-

177 3147 246 3219 dio.
275 3149 408 3231 Multis,
444 3158 479 3218 et
512 3133 707 3241 praeserlim
729 3149 845 3232 bonis,
867 3151 939 3221 vita
959 3160 1065 3243 atque
1096 3152 1259 3247 operibus

177 3271 290 3342 carior
316 3272 405 3342 lama
432 3281 502 3357 est,
525 3295 630 3364 quam
654 3273 711 3365 qui
736 3295 798 3368 pro
818 3273 930 3344 amico
952 3276 1141 3370 spreverit,
1165 3276 1259 3346 baud

177 3392 284 3464 dubie
309 3393 432 3463 villora
456 3403 666 3478 contemnet,
690 3393 718 3463 si
742 3415 800 3465 res
820 3396 951 3487 exigat.
971 3397 1014 3464 Et
1031 3395 1098 3465 boc
1118 3396 1259 3486 quidem

178 3537 265 3610 opus
283 3515 489 3587 adolescens
507 3516 609 3609 erupi,
630 3538 738 3588 senex
753 3539 897 3610 perago:
916 3517 986 3589 imo
1004 3538 1090 3588 vero
1108 3528 1259 3609 coeptum

179 3658 381 3731 prosequor.
401 3639 513 3709 Unum
535 3647 590 3709 est
610 3639 700 3709 enim
723 3640 788 3711 boc
810 3662 857 3710 ex
877 3640 1054 3723 omnibus
1069 3640 1124 3711 cui
1139 3661 1261 3732 supre-

180 3781 269 3831 mam
292 3762 365 3833 sola
387 3781 481 3831 mors
507 3749 658 3852 imponet
680 3785 831 3834 manum.
854 3764 1035 3847 Quomodo
1061 3786 1128 3855 ego
1154 3765 1258 3834 alium

179 3881 280 3951 amici
299 3883 459 3974 colloquii
476 3905 581 3975 quam
600 3883 683 3955 vitae
700 3883 804 3955 finem
827 3889 988 3976 sperem?
1009 3886 1078 3956 Aul
1097 3905 1259 3977 quaenam

179 4001 256 4074 dies
277 4026 332 4074 me
354 4005 540 4095 spirantem
562 4005 652 4076 inter
677 4028 739 4078 eos
754 3984 903 4077 ‘tacitum
925 4006 1061 4090 efficiet,
1084 4030 1162 4079 cum
1184 4006 1260 4098 qui-

155 4171 157 4176 .
180 4119 246 4193 bus
267 4145 327 4195 ore
342 4125 457 4214 gelido
475 4130 702 4221 sepultusque
721 4129 813 4220 loqui
833 4128 971 4219 cogito?
987 4132 1075 4201 Illuc
1093 4154 1176 4203 sane
1190 4151 1258 4202 non

309 4257 343 4292 tu
1075 4253 1103 4301 ‘20
