2730 4680
369 212 382 241 Ἴ

337 330 429 379 LIBER
451 327 626 379 vlessmssls.
640 348 676 359 ·-
688 329 842 378 crissoto
864 331 925 378 lllll.
1124 320 1157 378 51

91 468 245 551 cesserit,
268 468 378 537 multo
400 465 459 536 tibi
478 464 612 536 facilius
630 465 733 536 fuerit
745 465 944 556 cogitando,
959 486 1064 558 quam
1078 468 1163 537 mihi

89 589 257 683 loquendo
277 589 430 681 assequi.
458 587 513 659 Ad
538 608 708 658 summam
736 588 836 672 scito,
863 610 941 661 oum
968 590 1076 658 multa
1101 610 1163 680 per

89 734 220 784 omnem
243 711 351 782 vitam
375 711 459 782 mibi
480 709 677 803 gratissima
697 711 822 782 feceris
841 733 883 782 ac
902 709 1051 794 dixeris,
1076 711 1164 783 nihil

89 857 129 906 ex
149 834 315 907 omnibus
330 856 483 927 unquam
501 833 636 926 gratius
652 833 778 918 fuisse,
793 855 898 926 quam
912 834 1008 927 quod
1020 833 1162 906 domitis

88 958 266 1031 affectibus
282 959 349 1029 tuis
364 957 599 1049 radicitusque
619 958 812 1040 convulsis,
826 957 971 1028 consilio
983 979 1078 1042 meo,
1093 955 1164 1029 fido

88 1082 178 1167 licet,
205 1081 358 1176 opinioni
384 1091 500 1153 tamen
525 1092 559 1153 et
586 1079 751 1152 sensibus
780 1080 849 1151 tuis
876 1079 1041 1166 adverso,
1067 1091 1163 1152 tanta

88 1206 188 1278 animi
210 1198 373 1277 facilitate
393 1227 433 1277 ao
454 1205 582 1298 pietate
606 1220 674 1276 tam
698 1203 813 1276 subito
831 1205 992 1300 paruisti,
1016 1214 1055 1276 ut
1074 1226 1163 1298 quo-

87 1329 174 1400 niam
196 1339 228 1400 te
246 1350 344 1399 amor
361 1325 521 1420 urgebat,
544 1329 731 1421 nullasque
750 1349 866 1400 moras
888 1329 1015 1400 caritas
1042 1327 1162 1410 dabat,

88 1454 208 1525 litteris
230 1451 318 1522 meis
338 1451 402 1521 vix
417 1452 592 1545 perlectis,
608 1471 740 1543 easque
753 1452 850 1545 ipsas
864 1474 970 1524 manu
982 1454 1162 1546 proferens

86 1575 193 1646 nostri
214 1574 366 1646 Socratis
388 1574 423 1644 in
447 1576 648 1665 amplexum
668 1583 773 1665 atque
797 1577 934 1659 oscula,
962 1577 996 1645 in
1024 1577 1081 1647 illo
1106 1598 1163 1646 me

87 1701 186 1770 etiam
200 1700 449 1792 complexurus
461 1719 502 1768 ac
512 1694 781 1768 deosculaturus
794 1697 962 1781 irrueres,
972 1699 1161 1792 multisque

87 1831 150 1893 lam
187 1821 318 1892 vestris
343 1841 449 1912 quam
474 1818 687 1892 adstantium
713 1820 877 1904 lacrimis,
905 1842 985 1915 quae
1011 1823 1162 1894 ubertim

86 1967 143 2040 per
172 1954 314 2017 vestros
340 1944 459 2016 oculos
485 1943 529 2014 de
559 1942 647 2014 meis
677 1945 881 2038 praecordiis
911 1944 1159 2038 erumpebant,

87 2070 270 2141 fraternam
291 2068 326 2138 in
346 2065 492 2158 gratiam
513 2066 684 2138 rediretis.
702 2065 802 2137 Nunc
822 2066 906 2159 quid
923 2067 959 2136 in
977 2076 1011 2137 te
1029 2068 1161 2159 possim

86 2194 166 2276 scio,
188 2192 284 2284 quod
299 2211 366 2260 uec
385 2190 481 2284 prius
498 2187 718 2281 ignorabam
738 2188 800 2260 sed
816 2189 918 2260 novis
935 2190 1161 2283 experimen-

2 2333 3 2336 ’
86 2317 125 2388 tis
141 2328 250 2388 vetus
265 2315 386 2387 notitia
408 2311 555 2386 solidata
573 2322 639 2385 est.
667 2312 831 2404 Agnosco
857 2314 1002 2384 Laelium
1029 2333 1158 2383 meum.

85 2440 115 2511 ls
131 2451 188 2512 est
208 2459 312 2531 quem
345 2436 544 2531 sperabam:
564 2458 704 2532 semper
728 2435 942 2509 detractores
969 2437 1097 2522 oderit,
1125 2447 1162 2527 et

86 2583 175 2658 saepe
197 2562 265 2634 hoc
284 2560 456 2656 perditum
480 2572 616 2654 tempus
636 2558 741 2634 flebit.
757 2560 842 2632 Nam
862 2562 1036 2632 Socratem
1050 2563 1160 2632 multo

85 2699 161 2758 ante
174 2706 341 2756 noveram
357 2686 516 2756 lamentis
528 2707 569 2756 ac
582 2684 769 2777 gemitibus
784 2683 1032 2769 tabescentem,
1043 2697 1160 2757 tuum-

83 2831 149 2901 que
168 2806 355 2880 dissidium
370 2808 455 2879 illud
467 2807 555 2878 inter
569 2808 690 2900 gravia
705 2806 787 2878 vitae
800 2806 927 2878 damna
941 2816 1047 2899 atque
1060 2826 1159 2877 acer·

84 2933 187 3003 rimas
200 2933 351 3003 fortunae
363 2930 508 3002 iniurias
522 2940 773 3003 numerantem.
790 2931 912 3001 Totum
925 2931 986 3023 qui
1000 2931 1158 3023 sequitur

82 3056 238 3147 epistolae
257 3062 326 3123 tuta
347 3061 479 3123 textum
504 3054 618 3125 sciens
640 3062 790 3124 transeo.
810 3050 921 3124 Credo
939 3054 1067 3136 omnia,
1089 3051 1158 3125 imo

82 3199 165 3250 vero
187 3178 270 3248 scio.
293 3175 381 3247 Novi
398 3173 503 3247 fidem
524 3186 636 3260 tuam,
658 3186 693 3246 et
712 3175 822 3246 ouriae
840 3197 957 3246 mores
974 3175 1068 3247 novi.
1087 3173 1168 3249 Sed

82 3323 188 3372 unum
210 3299 397 3371 viceversa
417 3299 501 3371 mibi
522 3300 618 3371 credi
631 3298 762 3391 flagito,
777 3301 872 3393 quod
889 3323 933 3372 ue
949 3301 1034 3372 mihi
1048 3323 1157 3393 neges

81 3425 206 3494 caritas
227 3420 344 3493 iubet:
379 3421 551 3514 siquidem
573 3445 641 3494 non
663 3422 765 3494 modo
790 3421 945 3494 laborem
968 3424 1064 3495 illum
1082 3445 1155 3495 ma·

82 3570 198 3638 gnum,
218 3556 439 3641 perpetuum,
462 3546 662 3638 inglorium,
686 3546 883 3630 taediosum,
897 3558 933 3618 et
950 3548 1155 3619 servitutem

82 3672 169 3741 illam
198 3669 376 3742 bominum
403 3672 589 3740 multorum
615 3670 708 3740 nulla
733 3668 816 3740 mihi
836 3691 883 3740 ex
906 3683 1002 3762 parte
1020 3670 1156 3761 placen·

83 3792 176 3876 tium,
195 3802 373 3888 postremo
394 3792 652 3864 successionem
674 3792 770 3863 Calvi
791 3793 883 3864 illins
897 3791 1153 3888 Parthenopeii,

83 3911 158 3987 boni
193 3914 451 3987 hominislicst
479 3926 514 3986 et
536 3898 675 4000 soliciti,
704 3926 753 3998 nt,
783 3927 821 3986 ut
853 3913 969 3987 dicere
1002 3916 1152 4002 solebat,

85 4043 176 4114 amici
200 4042 283 4126 mei,
311 4023 382 4113 neo
402 4041 541 4130 litterati
566 4051 681 4114 tamen
707 4062 771 4113 nec
796 4041 940 4113 famosi:
969 4043 1033 4114 sed
1059 4044 1155 4116 rubi-

86 4165 231 4236 cundum
249 4185 388 4257 quoque
406 4164 533 4255 pileum
551 4186 620 4235 non
638 4163 716 4236 dico
732 4161 953 4235 ambiendum
973 4167 1152 4261 precibus,
