2730 4680
348 312 439 360 urano
461 311 684 363 vrossmus-
697 316 850 366 nersronn
872 319 912 369 rr.
1136 314 1172 373 lu

96 450 272 543 coeperint,
299 463 416 535 ruunt,
443 451 650 546 ruinamque
677 441 747 527 suo
763 456 917 549 pondere
938 473 1171 550 praegravant,

96 584 129 645 ut
148 597 227 647 cum
254 573 385 646 facilior
408 583 479 649 tum
501 579 645 667 gravior
671 579 835 650 amediis
858 581 902 652 ad
922 581 1004 666 ima,
1028 606 1131 675 quam
1154 607 1172 655 a

95 698 237 768 summis
256 696 302 767 ad
324 697 439 770 media
452 720 556 771 casus
575 699 631 771 sit.
646 699 746 773 Certe
763 711 802 772 ut
819 703 951 795 primus
970 727 989 773 a
1007 705 1173 779 doctrinae

94 821 288 917 multiplicis
307 830 343 892 et
359 821 512 893 coelestis
529 845 608 894 arce
626 823 799 896 laoundiae
815 826 860 897 ad
880 850 982 898 unam
1000 831 1175 922 aequitatis
1238 918 1240 922 f

94 967 129 1016 ac
153 944 269 1016 civilis
297 945 455 1017 scientiae
480 943 716 1040 disciplinam,
745 946 796 1020 sio
822 949 998 1021 secundus
1025 952 1104 1023 inde
1130 954 1174 1025 ad

94 1070 273 1161 loquacem
298 1069 684 1163 ignerantiamgradus
710 1071 788 1154 fuit,
818 1070 909 1143 unde
935 1072 1000 1142 iam
1028 1075 1176 1147 cadendi

95 1193 240 1286 amplius
262 1192 375 1283 plena,
395 1189 428 1260 ni
445 1191 558 1274 fallor,
580 1193 747 1266 securitas
765 1205 865 1286 parta
885 1207 949 1267 est.
972 1197 1064 1280 Quid
1083 1198 1176 1270 enim

94 1317 155 1386 iam
169 1316 262 1385 infra
276 1317 352 1385 est‘?
369 1313 484 1404 Leges
500 1333 520 1383 a
533 1313 691 1406 patribus
708 1327 800 1388 tanta
813 1321 868 1389 vel
884 1319 1058 1410 gravitate
1072 1322 1183 1392 animi

95 1440 146 1509 vel
169 1438 302 1529 ingenii
323 1437 486 1508 facilitate
504 1435 710 1530 descriptas,
733 1452 793 1513 aut
815 1462 882 1512 non
902 1444 1098 1535 intelligunt
1118 1455 1178 1515 aut

95 1563 281 1656 obliquant.
304 1562 473 1634 iustitiam
500 1573 597 1635 tanto
616 1564 661 1636 ab
687 1565 902 1638 illis‘cultam
930 1567 1047 1638 studio
1067 1566 1177 1639 deho-

96 1696 241 1771 nestant,
259 1707 365 1779 quam
383 1691 509 1762 venale
528 1687 790 1761 mercimonium
808 1690 930 1760 iecere.
945 1691 1080 1782 Lingua
1099 1691 1176 1774 illis,

97 1834 235 1896 manus,
257 1811 449 1903 ingenium,
472 1813 601 1895 anima,
624 1811 748 1896 decus,
770 1814 875 1894 lama,
899 1823 1051 1906 tempus,
1074 1811 1176 1896 fides,

98 1934 271 2019 amicitiae,
299 1934 345 2005 ad
369 1947 587 2028 postremum
614 1934 731 2008 omnia
749 1936 902 2019 venalia,
931 1958 1045 2027 neque
1071 1937 1179 2029 pluris

99 2057 195 2146 pretii
216 2078 325 2149 quam
338 2079 401 2149 par
414 2049 478 2128 ast.
501 2059 546 2128 Et
563 2077 668 2149 quam
682 2059 774 2128 nulla
790 2059 966 2150 proportio
986 2070 1178 2150 temporum

100 2201 135 2250 ac
167 2202 317 2251 morum.
350 2179 400 2251 llli
424 2180 590 2252 iustitiam
618 2179 729 2251 sacris
754 2178 893 2270 legibus
919 2179 1115 2263 armabant,
1144 2181 1180 2250 hi

100 2311 314 2374 exarmatam
335 2302 571 2394 nudatamque
592 2299 816 2394 prostituunt:
838 2303 933 2395 apud
953 2303 1029 2373 illos
1050 2302 1181 2375 veritas

101 2424 131 2494 in
150 2426 265 2519 pretio
286 2427 365 2508 luit,
387 2425 479 2519 apud
501 2425 567 2495 hos
588 2427 706 2501 fraus:
728 2423 775 2494 illi
800 2434 895 2496 certa
915 2434 951 2496 et
976 2425 1180 2498 inconvulsa

102 2571 266 2643 responsa
287 2546 418 2624 dabant
439 2548 591 2640 populis,
616 2547 650 2617 hi
670 2547 760 2618 dolis
780 2559 814 2618 et
834 2549 1085 2620 fallaciuneulis
1105 2550 1181 2621 lites

103 2673 206 2756 alunt,
234 2681 271 2750 et
290 2669 418 2763 quibus
445 2670 625 2741 iudiciaria
649 2670 794 2762 cuspide
821 2670 1032 2762 perimendis
1058 2672 1180 2744 adsciti

104 2807 191 2880 sunt,
220 2793 296 2866 [ieri
323 2796 466 2887 cupiunt
492 2794 715 2864 immortales.
749 2792 840 2876 Quid
866 2793 1024 2887 pluribus
1046 2798 1183 2867 morer?

103 2918 264 3011 Quisquis
292 2918 415 2988 horum
439 2917 635 3009 promptius
662 2917 886 2987 reluctantem
909 2925 945 2986 et
965 2917 1107 2987 invitam
1135 2919 1184 2991 le-

104 3062 176 3131 gem
191 3040 238 3112 ad
254 3039 434 3110 libidinem
452 3061 553 3112 suam
573 3038 687 3116 traxit,
703 3039 786 3114 ieet
800 3038 1036 3110 iurisconsulti
1056 3060 1182 3111 munus

106 3164 267 3257 inplevit,
302 3173 338 3234 et
362 3162 455 3235 docti
488 3162 554 3232 viri
579 3164 706 3237 meruit
730 3184 866 3234 nomen.
895 3161 931 3234 Si
958 3163 1038 3255 quis
1065 3174 1181 3235 autem

106 3309 199 3367 rarus
220 3289 341 3383 procul
363 3287 408 3356 ab
433 3287 487 3358 lnis
510 3285 642 3358 artibus
665 3297 798 3357 rectum
825 3285 929 3361 nudae
950 3288 1070 3359 callem
1095 3287 1184 3358 veri-

107 3413 179 3483 tatis
200 3410 358 3505 arripiat,
385 3419 619 3504 praeterquam
648 3409 743 3502 quod
763 3410 849 3482 lucri
875 3420 910 3480 et
935 3412 1183 3501 gratiaeexors

106 3546 162 3617 est,
182 3533 282 3606 rudis
301 3537 447 3629 insuper
467 3544 502 3606 et
519 3534 641 3605 insulsi
664 3533 814 3607 hominis
834 3533 878 3606 sit
896 3534 1077 3605 subiturus
1099 3533 1150 3602 inl
1169 3575 1184 3586 -

107 3658 213 3731 niam.
236 3658 292 3728 Ad
313 3657 379 3728 hoc
400 3659 464 3729 iter
490 3657 587 3729 tarde
609 3668 810 3749 susceptum
834 3656 894 3728 tihi
918 3656 1019 3749 quasi
1039 3653 1184 3725 difficul-

108 3783 178 3852 tatis
200 3783 369 3874 horaeque
391 3783 550 3854 conscius
577 3781 828 3851 adhortationis
857 3801 946 3850 meae
971 3780 1085 3850 calcar
1109 3778 1185 3873 exi-

108 3905 165 3993 gis.
180 3905 307 3991 blaseio
320 3904 449 3996 quibus
462 3903 581 3976 verbis
596 3904 632 3976 id
649 3905 786 3976 faciam.
806 3902 943 3974 Faciam
967 3913 1094 3973 tamen.
1109 3901 1185 3973 Nun

109 4036 183 4100 sunt
195 4027 289 4100 enim
304 4030 401 4119 leges
416 4031 533 4111 malae,
551 4027 713 4121 quamvis
727 4029 931 4101 adsalutem
948 4025 1119 4119 publicam
1135 4026 1187 4095 in-

110 4161 215 4223 ventae
230 4171 327 4243 saepe
347 4150 379 4218 in
398 4150 588 4242 perniciem
599 4157 862 4222 convertantur:
879 4145 968 4217 sicut
982 4172 1046 4220 nec
1062 4169 1184 4218 aurum
