2738 4680
255 303 349 351 uruca
372 303 536 353 vrcusurus
559 304 945 359 sucuuuus-urrsrouu
968 313 998 360 u.
1112 300 1165 361 lul

88 445 150 518 duo
173 445 251 518 haec
273 457 355 517 sunt
375 467 455 539 qnae
478 446 580 520 modo
601 448 756 520 aderaut.
779 452 831 523 Tu
851 454 879 524 si
907 457 1005 547 plura
1026 465 1170 529 notave-

88 572 142 652 ris,
165 574 226 642 vel
252 571 329 641 iure
354 581 414 642 tuo
434 571 585 662 corrige,
608 574 664 644 vel
689 595 746 645 me
771 575 983 647 familiariter
1008 577 1167 649 admone.

86 691 160 761 Mihi
175 694 269 763 euim
284 694 332 763 nil
350 694 486 785 gratius
505 704 565 765 aut
583 704 620 764 tu
637 705 738 787 potes
756 707 816 767 aut
829 698 968 768 omnino
984 700 1168 792 quisquam

85 816 290 900 amicorum,
313 840 420 910 quam
441 817 477 888 in
502 819 832 910 reprehensionibus
860 821 947 892 meis
973 845 1058 894 vere
1085 822 1170 894 ami-

86 960 159 1008 cum
185 947 223 1009 et
247 936 396 1008 liberum
422 962 463 1010 ac
488 940 699 1033 intrepidum
725 942 879 1013 animum
906 942 1044 1014 habere.
1070 945 1170 1017 Nulla

86 1082 165 1132 vero
200 1059 268 1131 hac
293 1062 468 1154 acceptior
493 1063 562 1133 nisi
588 1065 662 1135 sola
696 1086 832 1135 morum
863 1074 978 1159 potest
1007 1088 1089 1137 esse
1114 1088 1170 1137 re·

87 1183 294 1274 prehensio:
316 1184 519 1276 aequissimo
540 1186 655 1257 animo
676 1197 818 1280 paratus
840 1199 971 1260 sumet
996 1190 1111 1261 stilum
1135 1199 1171 1262 et

87 1305 189 1376 vitam
220 1326 291 1376 non
319 1316 452 1378 tautum
491 1308 681 1380 amicorum
714 1308 862 1380 vocibus
892 1310 1078 1397 moderari,
1106 1312 1170 1385 sed

89 1428 185 1500 etiam
207 1428 393 1500 latratibus
414 1431 636 1515 aemulorum,
666 1432 697 1501 si
718 1431 822 1504 modo
842 1431 932 1503 inter
957 1433 1099 1506 invidiae
1120 1445 1171 1506 te-

89 1548 209 1621 nebras
232 1551 415 1622 scintillam
438 1552 591 1645 aliquam
608 1552 766 1626 veritatis
788 1553 996 1647 adspexero.
1020 1558 1072 1628 Tu
1089 1557 1169 1630 vive

91 1672 224 1744 feliciter
245 1675 356 1746 nostri
378 1685 566 1747 memoret
586 1678 674 1749 vale.

508 2205 687 2304 uersuum
706 2208 750 2270 ur.

161 2371 359 2422 FlthClSCUS
381 2369 549 2419 PETRhRCh
570 2370 719 2419 BhRBhTO
741 2371 940 2421 SULMONENSI
961 2373 986 2423 S.
1005 2373 1033 2422 P.
1056 2374 1085 2422 D.

328 2525 411 2579 Mittit
426 2525 557 2598 espitolas
571 2525 692 2599 poeticas
706 2526 758 2599 ipsi
771 2525 928 2600 inscriptas.

184 2798 250 2868 Diu
271 2800 489 2890 multumque
508 2796 637 2868 dubius
656 2798 717 2880 fui,
737 2796 885 2868 Barbate
905 2797 1101 2883 carissime,
1128 2821 1173 2870 an

94 2920 251 3013 epistolas
272 2921 435 2992 melricas
456 2922 538 2991 olim
562 2920 622 2992 tibi
643 2921 828 3014 inscriptas
850 2920 1037 3012 aliquando
1060 2922 1172 2994 mitte-

94 3065 168 3130 rem,
184 3067 230 3115 an
247 3065 333 3115 vero
352 3044 606 3138 supprimerem
619 3054 654 3115 et
667 3045 808 3137 penitus
826 3042 1001 3115 abderam.
1015 3041 1173 3115 Alterum

93 3165 263 3240 desiderio
285 3177 353 3250 tuo,
377 3169 525 3240 alterum
549 3171 650 3239 famae
670 3188 758 3238 meae
779 3178 1054 3239 consentaneum
1075 3167 1174 3238 vide-

93 3287 201 3363 batur.
230 3291 362 3383 Nempe
384 3290 663 3385 expectationem
684 3302 789 3383 atque
810 3290 970 3362 ardorem
992 3291 1096 3362 animi
1124 3291 1173 3362 tui

92 3411 183 3498 novi,
212 3411 261 3480 nil
288 3410 383 3482 alind
408 3413 444 3482 in
470 3411 710 3483 huiuscemodi
741 3410 847 3483 rebus
874 3433 1035 3504 quaerere
1069 3412 1170 3494 soliti,

92 3536 152 3606 nisi
174 3557 220 3605 an
248 3557 314 3626 ego
339 3535 567 3619 dictaverim;
594 3535 695 3607 cuius
721 3537 838 3607 audito
865 3536 1002 3607 nomine
1027 3555 1172 3629 prorsus

92 3657 346 3753 Pythagoreum
365 3659 401 3729 in
419 3682 551 3733 morem
569 3662 683 3732 locum
702 3661 844 3732 rationis
862 3638 1049 3731 auctoritas
1069 3678 1173 3727 occu-

4 3788 7 3792 ’
94 3795 159 3872 pet,
186 3792 238 3869 et,
269 3785 350 3855 velo
376 3782 492 3874 magni
522 3782 650 3855 amoris
681 3781 904 3875 interposito,
934 3779 1050 3851 iudicii
1080 3778 1172 3849 acies

93 3906 354 3997 perstringatur.
382 3906 555 3999 Equidem
581 3907 659 3978 haec
684 3929 726 3979 ea
751 3908 808 3978 vel
829 3914 932 3974 aetate
959 3906 1014 3975 vel
1039 3902 1173 3974 desidia

95 4028 215 4121 scripta
239 4036 335 4114 sunt,
365 4039 490 4101 utnon
510 4029 608 4102 facile
630 4029 696 4102 suh
721 4029 878 4103 externis
899 4026 1072 4100 iudicibus
1098 4037 1172 4099 tuta

97 4149 176 4238 siut3
197 4176 282 4246 quae
302 4176 369 4246 ego
389 4154 464 4249 ipse
484 4153 567 4225 dum
589 4157 707 4245 relego
734 4157 768 4226 iu
788 4153 880 4226 illius
908 4153 1072 4245 temporis
1097 4173 1168 4224 me·
