2804 4656
195 305 254 367 att
521 315 562 363 na
584 312 686 362 annus
707 312 931 362 rauummnus

195 477 280 548 ergo
302 452 527 525 tendentibus
545 450 643 542 vigili
661 450 883 544 studio-opus
900 460 955 522 est
973 472 1035 542 per
1056 450 1215 542 singulos
1235 455 1291 520 vi-

197 588 243 649 tae
275 597 417 670 passus,
451 573 578 645 necubi
605 575 744 644 animus
771 573 905 644 labatur
928 581 988 644 ant
1012 573 1141 643 deviet.
1171 571 1290 643 Audio

195 723 262 792 ego
277 711 309 770 ιθ
320 699 593 791 Hierosolymam
607 694 780 790 proficisci
795 697 895 776 velle,
911 672 1291 788 sepulchrumque'nc

198 821 360 893 minicum
382 819 553 890 invisere:
580 817 699 900 audio,
720 817 880 910 inquam,
900 829 937 901 et
962 819 1085 910 probo,
1109 828 1145 888 et
1166 819 1286 900 laudo,

197 944 312 1038 etqui
336 943 440 1013 valde
468 952 501 1012 ιθ
529 940 689 1011 amabam
717 939 869 1011 validius
895 962 1014 1012 amare
1041 941 1105 1013 hoc
1131 951 1203 1012 tam
1230 943 1289 1035 pio

196 1069 375 1166 proposito
395 1079 455 1139 tuo
478 1087 595 1158 cogor.
624 1066 822 1157 Numquid
850 1067 980 1138 homini
1007 1066 1136 1159 pietate
1164 1070 1289 1159 prius?

198 1192 289 1276 Quid
309 1189 513 1281 antiquius?
531 1189 600 1258 Aut
617 1211 698 1281 quae
716 1188 827 1284 pietas
845 1188 980 1274 iustior,
1000 1213 1105 1282 quam
1125 1201 1164 1261 ut
1180 1191 1213 1260 ei
1225 1193 1287 1283 qui

198 1335 262 1408 pro
288 1321 322 1384 te
348 1311 459 1403 gratis
487 1311 693 1403 sanguinem
719 1311 824 1394 ludit,
853 1313 1001 1384 animam
1022 1313 1155 1404 posuit,
1177 1312 1287 1384 vitam

198 1433 294 1507 dedit
314 1447 501 1525 utcumque
521 1433 606 1503 tanti
623 1433 752 1504 amoris
770 1435 883 1505 vicem
898 1436 1054 1506 referas?
1066 1435 1111 1506 Et
1128 1436 1158 1505 si
1175 1434 1288 1505 maior

199 1557 335 1629 occasio
356 1578 424 1626 non
446 1555 555 1653 adsit,
578 1567 614 1627 at
634 1558 709 1627 loca
732 1559 855 1628 sallem
875 1557 934 1629 ubi
956 1558 1011 1628 ille
1032 1569 1066 1629 te
1084 1557 1233 1629 amando
1247 1579 1287 1628 se

145 1751 149 1761 ,
199 1679 367 1770 neglexit,
403 1681 545 1750 memori
580 1679 663 1751 lietu
696 1687 732 1751 et
762 1678 830 1773 piis
862 1680 1014 1752 lacrimis
1049 1681 1166 1771 riges?
1197 1681 1289 1752 Sane

199 1801 293 1896 quod
318 1802 446 1874 dehinc
470 1806 561 1873 lama
594 1804 746 1895 loquitur
775 1823 844 1873 non
870 1805 995 1875 laudo:
1022 1804 1228 1875 decrevisse
1255 1811 1289 1874 te

198 1927 335 1997 scilieetv
349 1926 419 1997 illic
439 1947 545 1999 aurea
565 1946 646 2019 quae
666 1929 825 1997 feruntur
845 1927 994 1998 calcaria
1018 1937 1054 1997 et
1079 1924 1211 1996 militiae
1232 1925 1290 1994 in·

198 2049 311 2141 signia
337 2049 545 2142 titulumque
575 2050 764 2144 suscipere.
796 2050 944 2121 Inolevit
968 2053 1079 2121 lateor
1109 2048 1166 2119 hic
1189 2068 1271 2119 mos

197 2172 290 2244 unde
311 2185 409 2244 ortus
435 2173 565 2245 nescio.
590 2173 694 2266 Apud
714 2184 852 2269 poetam
877 2175 970 2246 enim
996 2174 1115 2266 utique
1139 2176 1288 2244 ferratae²

199 2295 305 2368 calcis
331 2305 387 2368 est
412 2299 558 2369 mentio:
586 2308 719 2368 auratae
739 2321 832 2392 uero,
853 2296 947 2389 quod
960 2295 1189 2380 meminerim,
1205 2317 1291 2366 nus-

199 2441 316 2511 quam.
340 2418 409 2488 Sed
429 2429 523 2489 esto:
545 2440 629 2489 vera
650 2418 717 2488 viri
739 2419 853 2489 virtus
875 2442 944 2490 non
965 2420 1001 2505 in
1022 2417 1139 2490 animo
1160 2416 1223 2489 scd
1253 2420 1289 2488 in

197 2540 320 2611 habitu
342 2539 402 2609 sit:
425 2561 539 2632 neque
560 2541 593 2609 in
616 2540 753 2630 gladiis,
777 2541 894 2613 sedin
915 2541 1111 2613 calcaribus
1138 2542 1208 2612 sint
1233 2540 1287 2612 vi-

199 2687 273 2750 res,
295 2685 408 2757 eaque
435 2663 502 2734 nisi
529 2663 705 2734 rutilantia
731 2663 877 2748 fuerint,
895 2686 966 2736 non
990 2665 1102 2758 possit
1125 2685 1206 2743 esse
1233 2665 1288 2736 vir

197 2788 312 2870 fortis3
330 2786 437 2879 quod,
457 2797 494 2857 ut
506 2798 597 2880 puto,
617 2807 686 2856 nou
704 2795 773 2856 tarn
794 2787 932 2881 scriptis
946 2787 1163 2872 authenticis
1179 2811 1288 2880 quam

199 2911 293 2981 inani
313 2919 357 2994 et,
381 2908 416 2980 ni
437 2911 548 2995 fallor,
563 2909 663 2981 brevi
676 2909 931 2981 consuetudine
945 2922 1084 2981 cautum
1102 2922 1169 2981 est.
1186 2912 1288 2983 Certe

200 3033 227 3104 si
250 3034 296 3104 ad
317 3031 474 3102 militiam
495 3033 584 3103 hane
606 3034 726 3127 ipsam,
755 3032 799 3102 de
826 3053 895 3125 qun
909 3035 1046 3124 loquor,
1073 3034 1216 3124 quando
1237 3035 1284 3104 ita

199 3159 266 3226 fert
286 3175 372 3225 usus
396 3162 431 3224 et
456 3153 589 3245 opinio,
613 3166 645 3226 te
666 3176 900 3247 nonogenes,
923 3165 1018 3238 aetas,
1047 3158 1158 3227 forma
1173 3155 1287 3229 solici-

200 3288 286 3362 tant,
312 3299 381 3347 non
409 3276 524 3346 miror.
552 3276 639 3348 Illud
665 3279 785 3350 hortor
811 3285 891 3348 ante
922 3290 1037 3348 actum
1064 3279 1213 3370 cogiteS,
1240 3300 1284 3349 an

199 3399 327 3471 idcirco
347 3399 483 3482 deceat,
508 3410 548 3470 ut
568 3398 627 3470 ubi
648 3410 782 3472 creator
799 3411 834 3471 et
855 3401 1023 3471 Dominus
1044 3377 1124 3471 tuus
1146 3399 1286 3481 humli-

200 3533 272 3594 tate
293 3521 456 3592 ineffabili
479 3543 518 3592 ac
540 3523 713 3616 stupenda
733 3547 796 3616 pro
818 3525 1025 3629 tuistuique
1046 3524 1186 3614 generis
1206 3545 1285 3617 pec*

200 3645 286 3716 catis
308 3666 470 3728 coronam
493 3645 649 3738 spineam
674 3647 797 3737 gessit,
824 3668 963 3717 crucem
990 3645 1108 3728 subiit,
1135 3654 1283 3717 mortem

201 3767 289 3852 tulit,
312 3768 381 3838 illic
401 3781 439 3839 tu
456 3769 604 3839 stimulis
626 3771 770 3852 auratis,
793 3779 828 3840 et
846 3769 953 3840 nitido
974 3756 1190 3862 conspiciare
1209 3790 1284 3842 eor-

200 3887 340 3981 nipede:
354 3899 459 3982 atque
473 3888 533 3961 ubi
551 3892 647 3961 frons
660 3891 718 3962 illa
733 3891 962 3976 sanctissima,
983 3893 1083 3962 cuius
1100 3901 1187 3963 nutu
1206 3892 1284 3963 coeli

201 4011 400 4097 volvuntur,
428 4013 522 4083 venti
550 4011 666 4095 silent,
689 4012 798 4083 maria
823 4015 1092 4106 conquiescunt,
1118 4013 1218 4085 cuius
1237 4012 1284 4084 si-

202 4154 308 4223 guum
332 4133 449 4207 felices
468 4134 594 4227 angeli
619 4146 815 4229 expectant,
836 4137 990 4211 infelices
1012 4147 1178 4224 tremunt,
1205 4139 1283 4210 suso
