2992 4664
237 298 295 358 338
696 302 859 351 vaanenu

238 455 336 524 ritem
358 452 519 521 lacrimas
541 448 642 520 nobis
662 447 803 519 inutiles
813 454 862 530 et,
879 454 916 517 ut
944 465 1029 527 reor,
1056 443 1104 515 illi
1130 466 1233 536 quem
1258 466 1324 536 ge-

239 574 367 644 mimus
379 573 483 644 etiam
498 571 656 654 odiosas,
676 568 781 640 finem
795 570 915 639 laoiam
937 568 1003 639 hoe
1020 567 1147 638 addito.
1169 567 1243 636 Vos
1265 588 1325 636 me

239 694 396 787 quidem,
421 705 459 765 ut
492 694 604 765 literae
630 702 761 764 vestrae
791 699 930 772 sonant,
962 691 998 759 in
1025 698 1157 782 patrem
1191 686 1326 758 babere

240 815 439 908 disponitis,
459 825 494 884 et
520 825 666 905 urgente
692 813 863 882 calamum
890 809 1035 901 pietate,
1062 807 1189 880 additis
1215 819 1326 899 atque

240 940 275 1008 iu
295 937 484 1010 dominum.
503 937 654 1005 Primum
677 933 790 1004 libens
803 944 839 1004 et
852 930 1105 1024 gloriabundus
1120 932 1325 1022 amplector,

240 1048 306 1132 etsi
324 1058 452 1130 talibus
474 1056 553 1128 filiis
573 1078 643 1128 nou
665 1056 730 1126 sim
751 1053 891 1145 dignus.
918 1053 1138 1136 Secundum,
1166 1053 1247 1122 lieet
1278 1049 1327 1123 ab

241 1182 372 1274 ingenti
400 1181 641 1253 benevolentia
668 1179 858 1271 prolatum,
885 1197 1024 1268 respuo.
1058 1173 1229 1247 Habetote
1249 1194 1325 1259 me,

240 1325 380 1396 quaeso,
404 1302 497 1396 quod
517 1325 601 1373 vere
623 1323 716 1371 sum:
750 1321 817 1390 ego
843 1299 933 1372 enim
957 1321 1024 1370 non
1051 1319 1143 1368 nuno
1167 1295 1325 1378 noviter,

243 1425 306 1496 sed
323 1447 369 1495 ex
386 1446 455 1517 quo
474 1424 623 1517 primum
646 1425 730 1493 vitae
755 1424 859 1494 limen
883 1423 919 1491 iu
952 1424 1064 1491 luoem
1098 1419 1183 1490 editi
1214 1421 1327 1491 eonti-

242 1545 361 1636 gistis‚
385 1536 498 1615 animo
516 1565 581 1615 vos
603 1544 637 1614 in
655 1544 744 1615 lilios
775 1566 816 1615 ao
848 1543 1009 1615 dominos
1043 1540 1214 1632 adoptavi.
1247 1541 1324 1612 Non
1355 1564 1359 1571 ·

243 1678 339 1738 muto
360 1666 586 1737 sententiam:
606 1669 656 1738 sic
682 1666 772 1737 filios
797 1667 940 1737 memini
974 1687 1016 1736 ne
1045 1664 1205 1735 dominos
1232 1663 1328 1733 obli-

244 1789 372 1858 viscar.
396 1787 496 1869 Quod
522 1788 662 1860 domino
683 1810 759 1858 meo
785 1788 848 1872 fui,
881 1789 947 1859 boo
979 1797 1015 1858 et
1047 1785 1126 1857 filiis
1150 1788 1231 1864 eius
1262 1806 1330 1862 ero„

243 1911 327 1981 dum
346 1911 474 1981 vivam.
495 1912 591 2001 Rogo
609 1921 723 1980 autem
745 1922 849 2002 atque
868 1911 999 1993 hortor,
1019 1930 1084 1979 vos
1106 1907 1328 2013 udisque'rbr-

246 2028 398 2101 minibus
419 2031 574 2102 obtestor
594 2036 641 2101 ita
662 2032 796 2116 vivere,
819 2032 870 2102 sie
886 2032 930 2102 ad
949 2031 1111 2102 virtutem
1133 2053 1329 2122 veramque

247 2154 393 2244 gloriam
416 2154 496 2236 niti,
520 2163 558 2224 ut
583 2154 677 2246 quod
702 2153 835 2245 pridem
858 2155 941 2222 mihi
963 2154 1098 2226 indoles
1117 2165 1232 2224 vestra
1254 2157 1332 2246 pol-

246 2273 336 2344 licita
358 2287 426 2360 est,
446 2298 466 2346 e
485 2275 571 2345 flore
593 2286 779 2367 conspecto
797 2278 944 2346 fructum
965 2277 1103 2347 videam
1121 2287 1200 2346 ante
1219 2297 1327 2367 quam

245 2399 394 2480 moriar3
417 2405 452 2467 et
479 2405 596 2469 tantus
617 2409 716 2489 pater
736 2399 863 2488 dignos
889 2420 928 2468 se
961 2397 1050 2469 filios
1080 2399 1249 2489 genuisse
1275 2399 1331 2466 vi-

245 2517 391 2601 deatur,
427 2527 552 2607 elego
583 2519 769 2608 patientius
802 2521 933 2590 vulnus
966 2543 1080 2591 meum
1111 2521 1238 2604 leram,
1266 2542 1331 2612 pro

245 2661 315 2710 uno
341 2640 431 2710 duos
456 2640 504 2708 illi
534 2640 666 2710 similes
688 2641 770 2710 mihi
792 2650 897 2733 alque
923 2643 1000 2713 aliis
1032 2640 1092 2736 qui
1124 2640 1330 2711 memoriam

246 2761 322 2832 eius
341 2769 460 2831 amant
480 2761 677 2851 intelligens
702 2764 922 2833 remansisse.
948 2765 1049 2848 Quod
1076 2775 1112 2835 ut
1137 2764 1329 2833 maximum

247 2894 353 2974 utque
376 2883 563 2974 optimum,
589 2883 637 2954 sio
660 2887 729 2956 Deo
746 2885 848 2969 duee,
872 2887 1068 2956 facillimum
1090 2908 1131 2957 ae
1152 2885 1332 2956 iucundis-

247 3004 372 3076 simum
390 3005 493 3076 vobis
511 3007 590 3091 erit,
607 3007 634 3078 si
658 3008 941 3098 prudentissimae
956 3009 1075 3081 matris
1097 3017 1227 3079 vestrae
1249 3029 1333 3078 eon·
1423 3062 1425 3064 ψ

246 3125 332 3195 siliis
366 3127 576 3219 monitisque
607 3128 821 3210 salubribus,
852 3141 889 3202 ut
921 3129 1079 3214 debetis,
1114 3149 1262 3223 prorsus
1295 3131 1331 3198 in

247 3247 410 3318 omnibus
430 3249 633 3321 obedientes
648 3273 688 3321 ao
699 3251 830 3323 dociles
845 3252 978 3323 animos
997 3251 1333 3345 pr·aebeatis.Custos

246 3371 348 3442 vobis
373 3370 594 3464 directorque
627 3381 662 3441 et
693 3372 803 3465 erepti
835 3372 944 3464 patris
978 3373 1012 3443 in
1044 3376 1157 3445 locum
1192 3373 1238 3444 sit
1274 3372 1332 3444 ille

245 3494 398 3566 omnium
420 3495 453 3563 in
476 3515 514 3564 se
541 3468 753 3588 sperantium
780 3493 880 3564 Pater
900 3494 1072 3565 Christus.

389 3636 517 3692 Veneliis
531 3636 591 3691 XV.
607 3636 668 3690 Kal.
685 3635 854 3691 Decembris.
978 3691 988 3704 x

1042 3789 1056 3805 .
1112 3731 1147 3799 F.
1171 3730 1230 3802 Vr.
