2992 4664
195 304 252 367 318
645 317 808 366 ranilauu

102 539 104 544 ,
195 467 252 538 dio
272 474 307 536 et
329 475 457 556 patrem
485 463 620 547 liberet,
656 477 691 536 et
721 467 880 538 destituti
916 470 1016 556 regni
1042 467 1286 559 gubernacula

194 589 407 659 moderetur.
432 587 474 656 Et
498 585 556 655 tibi
575 609 660 678 ergo
681 588 879 660 devotionis
900 613 940 660 ac
962 589 1041 660 fidei
1062 611 1150 660 meae
1171 601 1285 661 testes

195 713 328 783 litteras
351 710 441 794 misi,
464 719 500 780 et
521 710 637 791 vobis,
656 733 746 804 quos
768 722 846 804 post
866 712 980 805 ipsum
1004 714 1114 782 solum
1136 726 1285 784 moesios

195 836 249 905 his
272 834 470 905 rumoribus
491 845 526 904 et
548 833 706 906 turbatos
730 835 817 915 scio,
835 835 901 906 hoc
921 835 1014 927 quod
1040 835 1282 906 interiectum

194 970 229 1028 et
246 958 492 1049 occupationes
518 979 614 1027 meas
638 959 732 1027 licuit
753 959 894 1052 scripsi,
917 980 986 1049 quo
1009 981 1064 1029 mc
1084 960 1194 1030 vestri
1221 958 1285 1030 do-

195 1081 277 1151 loris
296 1079 496 1173 participem
519 1079 720 1150 indicarem.
742 1080 960 1152 Persuadere
983 1081 1048 1150 sibi
1069 1080 1281 1171 dignemini,

194 1213 233 1275 ut
255 1227 309 1273 me
331 1226 396 1275 suo
417 1203 450 1271 in
473 1203 635 1272 omnibus
659 1201 867 1274 fiducialiter
892 1204 976 1275 velit
998 1205 1056 1273 uti.
1078 1203 1283 1274 Altissimus

194 1348 260 1398 vos
281 1333 486 1419 promoveat
507 1336 542 1396 et
563 1336 759 1396 conservet.

147 1572 150 1577 ,
287 1513 369 1562 Nom.
388 1511 507 1561 litteram
520 1511 585 1561 banc
597 1513 707 1576 itemque
724 1513 827 1563 alteram
844 1526 919 1577 quam
934 1513 983 1563 sub
999 1525 1069 1564 num,
1102 1511 1177 1562 thv
1200 1513 1282 1578 prole

194 1614 289 1661 remus,
303 1601 327 1648 in
342 1600 434 1649 Codice
446 1600 554 1662 quodam
567 1600 682 1650 Ribtiotb.
700 1601 803 1662 collegit
821 1601 925 1651 Romani
943 1608 1058 1663 repertas
1075 1601 1155 1651 edidit
1172 1601 1281 1663 primum

197 1681 286 1732 Petrus
301 1681 413 1731 Lazarus
426 1693 440 1730 e
452 1681 508 1730 Soc.
528 1680 584 1730 lesu
598 1679 788 1743 (ditectionem.
802 1681 887 1732 Romo
900 1680 968 1731 4754
984 1695 1023 1744 up.
1041 1681 1117 1744 fratr.
1134 1681 1283 1732 Palccrinca

197 1763 223 1814 Τ.
235 1762 257 1817 i.
270 1776 295 1827 p.
310 1761 389 1822 itt),
402 1775 449 1812 nee
460 1775 505 1812 eas
517 1762 541 1810 in
555 1763 602 1812 bac
614 1771 698 1812 nostra
706 1763 817 1814 editione
825 1762 964 1813 desiderari
975 1763 1042 1826 passi
1053 1775 1155 1823 sumus,
1168 1763 1218 1812 etsi
1232 1777 1281 1813 non

101 1834 113 1855 ¹
193 1844 259 1897 bene
276 1844 350 1895 nobis
366 1856 515 1911 persuasum
531 1843 630 1894 sitilias
645 1857 735 1907 reapse
750 1857 765 1894 a
782 1844 915 1894 Francisco
931 1843 1048 1892 Petrarea
1069 1842 1148 1892 inisse
1165 1843 1280 1893 dictatas.

193 1933 264 1984 linila
276 1933 345 1983 euim
355 1937 443 1981 extant
454 1931 618 1991 documenta,
633 1930 769 1995 exquibus
781 1930 835 1981 erui
846 1929 926 1994 possit
940 1929 1094 1980 Galeactinm
1104 1929 1200 1980 aliosve
1212 1929 1282 1979 Vice-

192 2015 299 2065 comites
310 2026 388 2078 opera
401 2013 468 2063 illius
480 2011 505 2062 iu
517 2012 631 2076 epistolis
643 2011 784 2063 scribendis
795 2023 856 2061 usos
870 2023 979 2075 unquam
990 2009 1082 2069 luisse,
1094 2023 1142 2060 nec
1152 2023 1182 2060 ea
1193 2011 1279 2061 dictio

194 2099 233 2150 nis
245 2106 270 2150 et
282 2099 333 2150 still
350 2099 414 2150 ratic
425 2105 479 2156 est,
488 2109 520 2148 ex
533 2110 582 2162 qua
596 2097 683 2161 procul
696 2097 773 2148 dnbio
784 2109 872 2148 earnm
883 2103 973 2146 auctor
985 2095 1101 2146 Petrarea
1113 2095 1163 2145 diei
1177 2097 1278 2146 debeat.

699 2285 776 2296 ..α-

612 2512 794 2576 EPISTULA
815 2513 871 2575 Vll.

425 2680 623 2732 unnuctscus
646 2680 816 2728 peruincit
838 2680 880 2728 ab
902 2677 1053 2728 luuuruut.

215 2829 317 2884 Narrat
331 2843 360 2881 se
375 2827 517 2909 dvenione
537 2824 700 2878 redeuntem
718 2823 848 2877 lobannis
862 2822 1038 2877 Vieecomitis
1052 2820 1261 2891 Arcbiepiseopi

143 2915 144 2918 ’
236 2923 263 2973 et
284 2918 405 2987 dynastae
421 2914 633 2970 Mediolanensis
648 2912 777 2983 precibus
792 2912 893 2966 victum
909 2910 1058 2964 Mediolani
1072 2908 1237 2963 constitisse.

285 3149 504 3243 Babylonicis
527 3150 665 3221 tandem
680 3150 814 3232 vinclis,
831 3158 867 3219 et
883 3168 1025 3219 carcere
1048 3147 1111 3216 vix
1131 3145 1276 3238 explici-

192 3282 248 3342 tus
265 3269 509 3363 Transalpino,
539 3273 640 3341 laetus
666 3293 707 3341 ac
727 3272 815 3342 liber
840 3270 874 3341 in
899 3271 1043 3362 patriam
1071 3265 1276 3342 revertebar

189 3396 373 3466 vobiscum
394 3416 441 3464 ex
463 3405 545 3464 voto
567 3395 648 3462 vitae
667 3395 832 3485 reliquias
850 3404 1002 3463 acturus.
1019 3390 1092 3461 Sed·
1106 3391 1274 3485 pervertit

189 3519 291 3589 dulce
306 3515 520 3612 propositum
540 3515 751 3587 dominatrix
767 3538 882 3586 rernm
899 3516 1049 3586 Fortuna
1063 3514 1272 3585 mortalium.

192 3640 256 3722 Qui
279 3662 334 3710 me
356 3636 578 3734 pontificibus
602 3637 773 3718 romanis,
792 3637 851 3727 qni
868 3637 989 3709 Galliae
1008 3635 1203 3728 Siciliaeque
1222 3656 1274 3705 re·

192 3760 294 3850 gibus
316 3772 437 3853 aperta
459 3759 559 3830 toties
582 3782 637 3831 mc
655 3763 766 3832 irunte
789 3780 1013 3851 negaveram,
1037 3757 1117 3829 huic
1139 3757 1274 3827 italico·

193 3906 268 3952 rum
285 3884 446 3966 maximo,
458 3883 543 3953 satis
557 3883 708 3953 humane
722 3883 921 3976 postulanti,
937 3903 1066 3973 negare
1081 3903 1151 3953 non
1165 3882 1270 3973 potui.

190 4005 321 4076 Subitis
341 4016 378 4075 et
402 4006 631 4101 inexpectatis
660 4005 819 4096 precibus
848 4029 888 4077 ac
914 4007 1095 4077 maiestate
1113 4004 1179 4075 viri
1207 4001 1272 4072 cir-

189 4111 398 4196 cumventus
429 4127 602 4219 obstupui.
638 4126 786 4198 Consilia
810 4127 986 4199 bominum
1014 4124 1269 4207 ina-nial'Qnod
