2934 4650
207 307 266 370 tta
668 321 831 370 vrnrtnuu

208 465 247 535 ln
268 462 334 534 hoo
354 462 459 553 igitur
480 485 609 554 genere
626 463 816 548 hominum,
849 484 913 535 seu
939 465 1054 556 potius
1077 461 1302 545 belluarum,
1403 492 1406 512 ι

208 586 322 656 dicam
341 584 426 676 quid
447 585 572 666 sentio,
598 584 712 657 omnis
738 585 909 657 severitas
944 585 1013 678 pia,
1048 583 1303 654 misericordia

208 706 321 780 omnis
342 705 531 777 inhumana
551 715 617 776 est.
640 707 691 776 Tu
711 706 851 798 quidem
880 706 956 791 tibi,
978 707 1035 776 vir
1055 705 1229 797 egregie,
1255 703 1300 776 ad

209 828 499 900 immortalitatem
520 828 670 899 nominis
694 828 859 920 aperuisti
889 827 1032 898 aditum.
1053 828 1298 897 Perseveran-

208 950 290 1023 dum
323 963 389 1035 est,
417 951 447 1021 si
473 949 575 1041 cupis
607 949 653 1021 ad
686 950 874 1021 terminum
894 950 1100 1044 pervenire:
1135 948 1297 1040 alioquin

209 1072 295 1144 scito
315 1073 410 1165 quod
433 1082 565 1164 quanto
590 1070 718 1141 clarius
744 1070 960 1164 principium,
981 1080 1077 1142 tanto
1107 1069 1295 1141 obscurior

208 1194 287 1267 finis
308 1195 384 1266 erit.
406 1195 479 1265 Hoc
499 1203 614 1264 autem
635 1194 721 1263 calle
743 1193 915 1284 gradienti
940 1196 1048 1265 multa
1073 1191 1292 1286 periculosa,

209 1319 316 1408 multa
338 1317 518 1408 perplexa,
544 1317 652 1385 multa
671 1336 798 1406 aspera
817 1336 855 1386 se
873 1315 1076 1398 ostendunt3
1096 1314 1162 1384 sed
1179 1313 1292 1384 virtus

207 1441 342 1524 arduis,
376 1439 541 1532 patientia
571 1438 769 1510 difficilibus
801 1440 1004 1512 delectatur.
1039 1439 1093 1511 Ad
1132 1439 1291 1509 laborem

209 1561 399 1651 gloriosum
434 1561 633 1632 nascimur:
669 1561 753 1652 quid
785 1562 831 1634 ad
861 1564 1013 1654 quietem
1040 1560 1293 1632 inertissimam

208 1683 451 1775 suspiramus?
483 1684 582 1755 Adde
614 1684 708 1776 quod
741 1687 849 1757 multa
875 1684 1026 1756 difficilia
1052 1684 1206 1779 primum
1229 1705 1290 1774 ag-

208 1803 450 1894 gredientibus
471 1804 548 1874 visa
575 1815 664 1888 sunt,
691 1825 772 1896 quae
797 1806 935 1896 longius
960 1804 1158 1898 progressis
1182 1826 1292 1898 appa-

209 1948 310 1997 ruere
323 1924 492 1997 facillima.
508 1926 727 2019 Quamquam
741 1927 825 2018 quid
839 1949 907 2018 ego
923 1927 968 1999 de
984 1926 1152 2019 qualitate
1171 1947 1291 1997 rerum

208 2046 363 2143 disputo,
386 2072 465 2121 cum
487 2051 596 2119 multa
616 2047 757 2141 quidem
780 2048 914 2132 amicis,
942 2051 1040 2142 plura
1066 2048 1287 2140 parentibus,

209 2171 325 2243 omnia
363 2173 485 2267 patriae
521 2169 740 2241 debeamus?
769 2170 888 2263 ltaque
918 2171 984 2241 etsi
1010 2170 1142 2241 infestis
1172 2171 1293 2266 cuspi-

50 2278 52 2284 ’
152 2313 154 2319 ·
208 2291 311 2364 dibus
344 2316 423 2364 eum
457 2294 635 2364 sceleratis
674 2293 834 2365 hostibus
863 2295 1140 2365 concurrendum
1168 2297 1291 2380 luerit,

208 2437 395 2487 concurras
415 2425 450 2485 tu
467 2436 613 2507 prorsus
631 2416 897 2508 imperterritus
919 2417 1016 2487 Bruti
1037 2416 1148 2510 ipsius
1168 2439 1294 2487 exem-

208 2542 278 2634 plo,
305 2537 365 2630 qui
398 2537 551 2608 oblatum
578 2537 612 2606 in
637 2539 712 2609 acie
733 2540 881 2631 Superbi
902 2539 997 2630 regis
1018 2536 1125 2609 filium
1147 2538 1289 2622 occidit,

209 2660 340 2733 mutuis
373 2660 448 2756 ipse
480 2659 686 2730 vulneribus
711 2661 945 2732 occumbens:
977 2660 1023 2732 ita
1056 2683 1160 2754 quem
1195 2658 1291 2741 Urbe

208 2782 388 2875 depulerat
407 2783 443 2851 in
464 2792 633 2854 tartarum
655 2765 778 2873 usquov
792 2791 998 2874 persecutus
1031 2793 1095 2853 est.
1123 2783 1175 2853 Tu
1204 2805 1292 2853 vero

207 2905 319 2976 victor
339 2904 532 2988 incolumis,
555 2904 623 2974 illis
648 2903 871 2998 pereuntibus
889 2906 1073 2988 consistes
1101 2914 1137 2975 et
1163 2903 1193 2975 si
1222 2905 1291 2976 uti·
1335 2911 1345 2925 ⁸

209 3049 277 3118 que
305 3025 500 3099 cadendum
534 3027 590 3108 sit,
626 3027 870 3120 reddendaque
896 3029 1020 3119 patriae
1042 3027 1124 3109 vita,
1147 3026 1216 3096 illis
1243 3027 1290 3098 ad

209 3149 342 3220 interna
362 3149 629 3240 properantibus
652 3152 778 3221 coelum
800 3159 918 3244 peteS,
940 3173 1011 3243 quo
1032 3148 1090 3220 tibi
1113 3148 1229 3219 virtus
1255 3161 1290 3220 et

210 3282 345 3341 tuorum
367 3271 494 3343 caritas
515 3272 606 3343 viam
629 3272 766 3352 stravit,
798 3284 941 3344 aeternae
961 3276 1064 3343 famae
1093 3269 1288 3361 vestigium

208 3393 264 3466 hic
301 3394 511 3486 relinquens.
550 3392 640 3474 Quid
673 3392 767 3464 aliud
800 3416 941 3488 sperare
980 3395 1083 3466 licet?
1115 3394 1289 3465 Romulus

210 3516 329 3588 urbem
348 3517 523 3589 condidit:
542 3516 611 3598 hic,
634 3514 849 3611 quem-saepe
862 3517 1015 3602 nominc,
1034 3519 1163 3587 Brutus
1181 3513 1292 3585 liber·

209 3650 326 3723 tatem,
355 3640 518 3710 Camillus
547 3650 729 3732 utramque
763 3640 921 3712 restituit.
957 3638 1048 3722 Quid
1080 3658 1165 3727 ergo
1198 3635 1293 3706 inter

173 3781 176 3785 ·
208 3762 272 3834 hos
309 3771 431 3848 tecum,
467 3762 659 3833 clarissime
690 3764 763 3849 vir,
797 3763 970 3847 intererit,
997 3761 1064 3832 nisi
1092 3759 1188 3852 quod
1219 3760 1294 3828 Ro-

209 3889 325 3957 mulus
356 3887 478 3957 urbem
511 3885 677 3976 exiguam
713 3887 823 3978 fragili
849 3889 941 3957 vallo
971 3880 1224 3956 circumdedit:
1255 3892 1296 3953 tu

209 4010 363 4080 omnium
386 4032 468 4102 quae
495 4020 577 4081 sunt
605 4019 641 4080 et
665 4029 747 4101 quae
771 4009 911 4081 luerunt
931 4007 1186 4101 permaximam
1208 4004 1297 4076 civi-

211 4140 315 4201 tatem
337 4133 562 4205 validissimis
587 4132 696 4204 muris
718 4133 849 4225 cingis?
868 4134 999 4204 Brutus
1020 4130 1065 4202 ab
1090 4150 1176 4213 uno,
1206 4138 1244 4200 tu
1275 4152 1297 4202 a
