<?xml version="1.0" encoding="UTF-8"?>
<!DOCTYPE html PUBLIC "-//W3C//DTD XHTML 1.0 Transitional//EN"
    "http://www.w3.org/TR/xhtml1/DTD/xhtml1-transitional.dtd">
<html xmlns="http://www.w3.org/1999/xhtml" xml:lang="en" lang="en">
 <head>
  <title>
</title>
<meta http-equiv="Content-Type" content="text/html;charset=utf-8" />
  <meta name='ocr-system' content='tesseract 3.04.00' />
  <meta name='ocr-capabilities' content='ocr_page ocr_carea ocr_par ocr_line ocrx_word'/>
</head>
<body>
  <div class='ocr_page' id='page_1' title='image "./franciscipetrar00fracgoog_0054.png"; bbox 0 0 2730 4680; ppageno 0'>
   <div class='ocr_carea' id='block_1_1' title="bbox 372 332 1189 394">
    <p class='ocr_par' dir='ltr' id='par_1_1' title="bbox 372 332 1189 394">
     <span class='ocr_line' id='line_1_1' title="bbox 372 332 1189 394; baseline 0.001 -2"><span class='ocrx_word' id='word_1_1' title='bbox 372 345 464 393; x_wconf 76' lang='lat' dir='ltr'><strong>LlBEll</strong></span> <span class='ocrx_word' id='word_1_2' title='bbox 486 342 878 393; x_wconf 75' lang='lat' dir='ltr'><strong>lllCESlllUS.-EPlSTOLA</strong></span> <span class='ocrx_word' id='word_1_3' title='bbox 899 344 940 391; x_wconf 83' lang='lat' dir='ltr'><strong>xl.</strong></span> <span class='ocrx_word' id='word_1_4' title='bbox 1153 332 1189 394; x_wconf 67' lang='grc'><strong>37</strong></span> 
     </span>
    </p>
   </div>
   <div class='ocr_carea' id='block_1_2' title="bbox 61 478 1201 2299">
    <p class='ocr_par' dir='ltr' id='par_1_2' title="bbox 61 478 1201 2299">
     <span class='ocr_line' id='line_1_2' title="bbox 110 478 1191 573; baseline 0.001 -23"><span class='ocrx_word' id='word_1_5' title='bbox 110 481 205 551; x_wconf 85' lang='lat' dir='ltr'><strong>aliter</strong></span> <span class='ocrx_word' id='word_1_6' title='bbox 229 502 336 573; x_wconf 88' lang='lat' dir='ltr'><strong>quam</strong></span> <span class='ocrx_word' id='word_1_7' title='bbox 357 478 402 550; x_wconf 89' lang='lat' dir='ltr'><strong>de</strong></span> <span class='ocrx_word' id='word_1_8' title='bbox 429 481 570 573; x_wconf 88' lang='lat' dir='ltr'><strong>propria</strong></span> <span class='ocrx_word' id='word_1_9' title='bbox 589 491 706 552; x_wconf 88' lang='lat' dir='ltr'><strong>certus</strong></span> <span class='ocrx_word' id='word_1_10' title='bbox 735 503 823 552; x_wconf 90' lang='lat' dir='ltr'><strong>sum.</strong></span> <span class='ocrx_word' id='word_1_11' title='bbox 848 479 954 552; x_wconf 90' lang='lat' dir='ltr'><strong>lllulta</strong></span> <span class='ocrx_word' id='word_1_12' title='bbox 978 480 1063 550; x_wconf 90' lang='lat' dir='ltr'><strong>mihi</strong></span> <span class='ocrx_word' id='word_1_13' title='bbox 1087 481 1131 551; x_wconf 87' lang='lat' dir='ltr'><strong>dc</strong></span> <span class='ocrx_word' id='word_1_14' title='bbox 1159 490 1191 552; x_wconf 88' lang='lat' dir='ltr'><strong>te</strong></span> 
     </span>
     <span class='ocr_line' id='line_1_3' title="bbox 61 585 1191 698; baseline 0.002 -25"><span class='ocrx_word' id='word_1_15' title='bbox 61 585 64 592; x_wconf 48' lang='grc'><em>’</em></span> <span class='ocrx_word' id='word_1_16' title='bbox 110 606 300 675; x_wconf 84' lang='lat' dir='ltr'><strong>litterarum</strong></span> <span class='ocrx_word' id='word_1_17' title='bbox 323 604 476 697; x_wconf 89' lang='lat' dir='ltr'><strong>ipsarum</strong></span> <span class='ocrx_word' id='word_1_18' title='bbox 499 603 712 674; x_wconf 88' lang='lat' dir='ltr'><strong>sententiosa</strong></span> <span class='ocrx_word' id='word_1_19' title='bbox 732 601 902 688; x_wconf 64' lang='lat' dir='ltr'><strong>brevitas</strong></span> <span class='ocrx_word' id='word_1_20' title='bbox 926 604 1033 673; x_wconf 85' lang='lat' dir='ltr'><strong>multa</strong></span> <span class='ocrx_word' id='word_1_21' title='bbox 1051 626 1191 698; x_wconf 88' lang='lat' dir='ltr'><strong>quoquc</strong></span> 
     </span>
     <span class='ocr_line' id='line_1_4' title="bbox 110 724 1188 820; baseline 0.001 -25"><span class='ocrx_word' id='word_1_22' title='bbox 110 738 227 798; x_wconf 86' lang='lat' dir='ltr'><strong>noster</strong></span> <span class='ocrx_word' id='word_1_23' title='bbox 247 725 304 798; x_wconf 89' lang='lat' dir='ltr'><strong>hic</strong></span> <span class='ocrx_word' id='word_1_24' title='bbox 330 726 452 819; x_wconf 90' lang='lat' dir='ltr'><strong>Cicero</strong></span> <span class='ocrx_word' id='word_1_25' title='bbox 475 727 719 818; x_wconf 79' lang='lat' dir='ltr'><strong>Pergamensis</strong></span> <span class='ocrx_word' id='word_1_26' title='bbox 746 724 921 820; x_wconf 81' lang='lat' dir='ltr'><strong>Arpinatis</strong></span> <span class='ocrx_word' id='word_1_27' title='bbox 948 727 1038 798; x_wconf 92' lang='lat' dir='ltr'><strong>illius</strong></span> <span class='ocrx_word' id='word_1_28' title='bbox 1065 726 1188 799; x_wconf 90' lang='lat' dir='ltr'><strong>hostis.</strong></span> 
     </span>
     <span class='ocr_line' id='line_1_5' title="bbox 111 848 1201 945; baseline -0.001 -23"><span class='ocrx_word' id='word_1_29' title='bbox 111 851 175 922; x_wconf 85' lang='lat' dir='ltr'><strong>Sed</strong></span> <span class='ocrx_word' id='word_1_30' title='bbox 201 850 248 937; x_wconf 87' lang='lat' dir='ltr'><strong>ad</strong></span> <span class='ocrx_word' id='word_1_31' title='bbox 269 849 553 945; x_wconf 88' lang='lat' dir='ltr'><strong>persuadendum</strong></span> <span class='ocrx_word' id='word_1_32' title='bbox 579 848 664 919; x_wconf 86' lang='lat' dir='ltr'><strong>mihi</strong></span> <span class='ocrx_word' id='word_1_33' title='bbox 685 849 729 920; x_wconf 88' lang='lat' dir='ltr'><strong>de</strong></span> <span class='ocrx_word' id='word_1_34' title='bbox 757 858 789 917; x_wconf 88' lang='lat' dir='ltr'><strong>te</strong></span> <span class='ocrx_word' id='word_1_35' title='bbox 811 871 913 919; x_wconf 87' lang='lat' dir='ltr'><strong>nemo</strong></span> <span class='ocrx_word' id='word_1_36' title='bbox 934 872 1002 919; x_wconf 93' lang='lat' dir='ltr'><strong>nou</strong></span> <span class='ocrx_word' id='word_1_37' title='bbox 1025 851 1109 921; x_wconf 88' lang='lat' dir='ltr'><strong>satis</strong></span> <span class='ocrx_word' id='word_1_38' title='bbox 1134 862 1201 923; x_wconf 76' lang='lat' dir='ltr'><strong>cst·</strong></span> 
     </span>
     <span class='ocr_line' id='line_1_6' title="bbox 112 973 1191 1066; baseline 0 -21"><span class='ocrx_word' id='word_1_39' title='bbox 112 977 299 1066; x_wconf 89' lang='lat' dir='ltr'><strong>eloquens:</strong></span> <span class='ocrx_word' id='word_1_40' title='bbox 324 975 439 1044; x_wconf 91' lang='lat' dir='ltr'><strong>nullus</strong></span> <span class='ocrx_word' id='word_1_41' title='bbox 457 983 571 1043; x_wconf 85' lang='lat' dir='ltr'><strong>auten</strong></span> <span class='ocrx_word' id='word_1_42' title='bbox 593 975 694 1064; x_wconf 88' lang='lat' dir='ltr'><strong>plura</strong></span> <span class='ocrx_word' id='word_1_43' title='bbox 714 993 818 1063; x_wconf 88' lang='lat' dir='ltr'><strong>quam</strong></span> <span class='ocrx_word' id='word_1_44' title='bbox 837 973 975 1043; x_wconf 88' lang='lat' dir='ltr'><strong>animus</strong></span> <span class='ocrx_word' id='word_1_45' title='bbox 998 973 1072 1066; x_wconf 90' lang='lat' dir='ltr'><strong>ipse</strong></span> <span class='ocrx_word' id='word_1_46' title='bbox 1092 997 1191 1045; x_wconf 86' lang='lat' dir='ltr'><strong>meus</strong></span> 
     </span>
     <span class='ocr_line' id='line_1_7' title="bbox 112 1094 1192 1190; baseline 0.003 -26"><span class='ocrx_word' id='word_1_47' title='bbox 112 1097 142 1166; x_wconf 92' lang='lat' dir='ltr'><strong>in</strong></span> <span class='ocrx_word' id='word_1_48' title='bbox 164 1096 312 1169; x_wconf 85' lang='lat' dir='ltr'><strong>silentio.</strong></span> <span class='ocrx_word' id='word_1_49' title='bbox 335 1095 444 1190; x_wconf 90' lang='lat' dir='ltr'><strong>Cupio</strong></span> <span class='ocrx_word' id='word_1_50' title='bbox 464 1107 498 1166; x_wconf 90' lang='lat' dir='ltr'><strong>te</strong></span> <span class='ocrx_word' id='word_1_51' title='bbox 520 1096 657 1182; x_wconf 85' lang='lat' dir='ltr'><strong>videre,</strong></span> <span class='ocrx_word' id='word_1_52' title='bbox 679 1094 774 1188; x_wconf 92' lang='lat' dir='ltr'><strong>quod</strong></span> <span class='ocrx_word' id='word_1_53' title='bbox 794 1098 861 1167; x_wconf 85' lang='lat' dir='ltr'><strong>etsi</strong></span> <span class='ocrx_word' id='word_1_54' title='bbox 883 1106 1014 1168; x_wconf 87' lang='lat' dir='ltr'><strong>taceam</strong></span> <span class='ocrx_word' id='word_1_55' title='bbox 1036 1100 1136 1181; x_wconf 86' lang='lat' dir='ltr'><strong>nosti,</strong></span> <span class='ocrx_word' id='word_1_56' title='bbox 1157 1110 1192 1169; x_wconf 89' lang='lat' dir='ltr'><strong>et</strong></span> 
     </span>
     <span class='ocr_line' id='line_1_8' title="bbox 113 1219 1191 1314; baseline 0.004 -26"><span class='ocrx_word' id='word_1_57' title='bbox 113 1222 186 1293; x_wconf 87' lang='lat' dir='ltr'><strong>licet</strong></span> <span class='ocrx_word' id='word_1_58' title='bbox 210 1221 370 1314; x_wconf 92' lang='lat' dir='ltr'><strong>patribus</strong></span> <span class='ocrx_word' id='word_1_59' title='bbox 392 1219 598 1312; x_wconf 84' lang='lat' dir='ltr'><strong>conscriptis</strong></span> <span class='ocrx_word' id='word_1_60' title='bbox 624 1223 718 1292; x_wconf 93' lang='lat' dir='ltr'><strong>nulla</strong></span> <span class='ocrx_word' id='word_1_61' title='bbox 743 1241 888 1312; x_wconf 87' lang='lat' dir='ltr'><strong>prorsus</strong></span> <span class='ocrx_word' id='word_1_62' title='bbox 915 1221 1024 1292; x_wconf 85' lang='lat' dir='ltr'><strong>nostri</strong></span> <span class='ocrx_word' id='word_1_63' title='bbox 1048 1222 1191 1294; x_wconf 90' lang='lat' dir='ltr'><strong>divortii</strong></span> 
     </span>
     <span class='ocr_line' id='line_1_9' title="bbox 113 1342 1189 1427; baseline 0.006 -15"><span class='ocrx_word' id='word_1_64' title='bbox 113 1365 191 1414; x_wconf 88' lang='lat' dir='ltr'><strong>cura</strong></span> <span class='ocrx_word' id='word_1_65' title='bbox 214 1345 275 1427; x_wconf 84' lang='lat' dir='ltr'><strong>sit,</strong></span> <span class='ocrx_word' id='word_1_66' title='bbox 299 1344 367 1414; x_wconf 91' lang='lat' dir='ltr'><strong>illis</strong></span> <span class='ocrx_word' id='word_1_67' title='bbox 382 1351 498 1414; x_wconf 89' lang='lat' dir='ltr'><strong>tamen</strong></span> <span class='ocrx_word' id='word_1_68' title='bbox 516 1343 644 1427; x_wconf 74' lang='lat' dir='ltr'><strong>invitis</strong></span> <span class='ocrx_word' id='word_1_69' title='bbox 665 1353 698 1414; x_wconf 88' lang='lat' dir='ltr'><strong>te</strong></span> <span class='ocrx_word' id='word_1_70' title='bbox 719 1343 823 1415; x_wconf 89' lang='lat' dir='ltr'><strong>video</strong></span> <span class='ocrx_word' id='word_1_71' title='bbox 845 1342 1046 1416; x_wconf 87' lang='lat' dir='ltr'><strong>melioribus</strong></span> <span class='ocrx_word' id='word_1_72' title='bbox 1067 1345 1189 1418; x_wconf 89' lang='lat' dir='ltr'><strong>oculis:</strong></span> 
     </span>
     <span class='ocr_line' id='line_1_10' title="bbox 113 1464 1191 1560; baseline 0.009 -28"><span class='ocrx_word' id='word_1_73' title='bbox 113 1464 188 1537; x_wconf 93' lang='lat' dir='ltr'><strong>illos</strong></span> <span class='ocrx_word' id='word_1_74' title='bbox 209 1488 297 1538; x_wconf 90' lang='lat' dir='ltr'><strong>vero</strong></span> <span class='ocrx_word' id='word_1_75' title='bbox 316 1466 393 1538; x_wconf 89' lang='lat' dir='ltr'><strong>licet</strong></span> <span class='ocrx_word' id='word_1_76' title='bbox 410 1465 568 1538; x_wconf 89' lang='lat' dir='ltr'><strong>absentia</strong></span> <span class='ocrx_word' id='word_1_77' title='bbox 587 1488 663 1538; x_wconf 85' lang='lat' dir='ltr'><strong>inca</strong></span> <span class='ocrx_word' id='word_1_78' title='bbox 681 1467 904 1552; x_wconf 80' lang='lat' dir='ltr'>delectentur,</span> <span class='ocrx_word' id='word_1_79' title='bbox 923 1489 993 1560; x_wconf 88' lang='lat' dir='ltr'><strong>qua</strong></span> <span class='ocrx_word' id='word_1_80' title='bbox 1012 1468 1046 1538; x_wconf 92' lang='lat' dir='ltr'><strong>in</strong></span> <span class='ocrx_word' id='word_1_81' title='bbox 1066 1492 1102 1541; x_wconf 87' lang='lat' dir='ltr'><strong>rc</strong></span> <span class='ocrx_word' id='word_1_82' title='bbox 1124 1494 1191 1542; x_wconf 93' lang='lat' dir='ltr'><strong>una</strong></span> 
     </span>
     <span class='ocr_line' id='line_1_11' title="bbox 115 1588 1192 1682; baseline 0.007 -26"><span class='ocrx_word' id='word_1_83' title='bbox 115 1609 246 1660; x_wconf 89' lang='lat' dir='ltr'><strong>mecum</strong></span> <span class='ocrx_word' id='word_1_84' title='bbox 270 1589 437 1674; x_wconf 85' lang='lat' dir='ltr'><strong>sentiunt,</strong></span> <span class='ocrx_word' id='word_1_85' title='bbox 463 1589 539 1661; x_wconf 90' lang='lat' dir='ltr'><strong>illos</strong></span> <span class='ocrx_word' id='word_1_86' title='bbox 561 1588 702 1682; x_wconf 90' lang='lat' dir='ltr'><strong>inquam</strong></span> <span class='ocrx_word' id='word_1_87' title='bbox 728 1592 784 1660; x_wconf 89' lang='lat' dir='ltr'><strong>vel</strong></span> <span class='ocrx_word' id='word_1_88' title='bbox 811 1590 938 1663; x_wconf 90' lang='lat' dir='ltr'><strong>invitos</strong></span> <span class='ocrx_word' id='word_1_89' title='bbox 960 1590 1074 1664; x_wconf 88' lang='lat' dir='ltr'><strong>video.</strong></span> <span class='ocrx_word' id='word_1_90' title='bbox 1102 1593 1192 1677; x_wconf 90' lang='lat' dir='ltr'><strong>Quid</strong></span> 
     </span>
     <span class='ocr_line' id='line_1_12' title="bbox 114 1712 1193 1806; baseline 0.004 -24"><span class='ocrx_word' id='word_1_91' title='bbox 114 1712 207 1782; x_wconf 75' lang='lat' dir='ltr'><strong>dixi?</strong></span> <span class='ocrx_word' id='word_1_92' title='bbox 227 1713 335 1796; x_wconf 84' lang='lat' dir='ltr'><strong>Quasi</strong></span> <span class='ocrx_word' id='word_1_93' title='bbox 359 1713 405 1783; x_wconf 92' lang='lat' dir='ltr'><strong>nil</strong></span> <span class='ocrx_word' id='word_1_94' title='bbox 427 1714 576 1806; x_wconf 85' lang='lat' dir='ltr'><strong>amplius</strong></span> <span class='ocrx_word' id='word_1_95' title='bbox 598 1735 704 1806; x_wconf 90' lang='lat' dir='ltr'><strong>quam</strong></span> <span class='ocrx_word' id='word_1_96' title='bbox 725 1716 901 1784; x_wconf 87' lang='lat' dir='ltr'><strong>communi</strong></span> <span class='ocrx_word' id='word_1_97' title='bbox 921 1737 1018 1786; x_wconf 86' lang='lat' dir='ltr'><strong>more</strong></span> <span class='ocrx_word' id='word_1_98' title='bbox 1041 1717 1119 1788; x_wconf 90' lang='lat' dir='ltr'><strong>illos</strong></span> <span class='ocrx_word' id='word_1_99' title='bbox 1142 1719 1193 1787; x_wconf 92' lang='lat' dir='ltr'><strong>vi-</strong></span> 
     </span>
     <span class='ocr_line' id='line_1_13' title="bbox 114 1836 1193 1934; baseline 0.004 -28"><span class='ocrx_word' id='word_1_100' title='bbox 114 1837 235 1908; x_wconf 74' lang='lat' dir='ltr'><strong>deam?</strong></span> <span class='ocrx_word' id='word_1_101' title='bbox 256 1836 460 1929; x_wconf 88' lang='lat' dir='ltr'><strong>lntrospicio</strong></span> <span class='ocrx_word' id='word_1_102' title='bbox 480 1857 546 1930; x_wconf 78' lang='lat' dir='ltr'><strong>ego</strong></span> <span class='ocrx_word' id='word_1_103' title='bbox 563 1836 652 1921; x_wconf 71' lang='lat' dir='ltr'><strong>illos</strong></span> <span class='ocrx_word' id='word_1_104' title='bbox 677 1836 887 1930; x_wconf 85' lang='lat' dir='ltr'><strong>ubicumque</strong></span> <span class='ocrx_word' id='word_1_105' title='bbox 914 1838 993 1923; x_wconf 82' lang='lat' dir='ltr'><strong>siin,</strong></span> <span class='ocrx_word' id='word_1_106' title='bbox 1018 1850 1054 1908; x_wconf 89' lang='lat' dir='ltr'><strong>et</strong></span> <span class='ocrx_word' id='word_1_107' title='bbox 1079 1840 1193 1934; x_wconf 84' lang='lat' dir='ltr'><strong>lippus</strong></span> 
     </span>
     <span class='ocr_line' id='line_1_14' title="bbox 115 1960 1192 2055; baseline 0.002 -25"><span class='ocrx_word' id='word_1_108' title='bbox 115 1961 154 2031; x_wconf 89' lang='lat' dir='ltr'><strong>ad</strong></span> <span class='ocrx_word' id='word_1_109' title='bbox 172 1960 321 2052; x_wconf 84' lang='lat' dir='ltr'><strong>reliqua,</strong></span> <span class='ocrx_word' id='word_1_110' title='bbox 344 1962 468 2031; x_wconf 90' lang='lat' dir='ltr'><strong>mirum</strong></span> <span class='ocrx_word' id='word_1_111' title='bbox 484 1970 522 2030; x_wconf 88' lang='lat' dir='ltr'><strong>ut</strong></span> <span class='ocrx_word' id='word_1_112' title='bbox 540 1960 604 2031; x_wconf 89' lang='lat' dir='ltr'><strong>hac</strong></span> <span class='ocrx_word' id='word_1_113' title='bbox 627 1961 660 2030; x_wconf 92' lang='lat' dir='ltr'><strong>iu</strong></span> <span class='ocrx_word' id='word_1_114' title='bbox 682 1970 779 2051; x_wconf 87' lang='lat' dir='ltr'><strong>parte</strong></span> <span class='ocrx_word' id='word_1_115' title='bbox 802 1980 878 2031; x_wconf 84' lang='lat' dir='ltr'><strong>suin</strong></span> <span class='ocrx_word' id='word_1_116' title='bbox 901 1963 1058 2055; x_wconf 81' lang='lat' dir='ltr'><strong>lynceus.</strong></span> <span class='ocrx_word' id='word_1_117' title='bbox 1080 1962 1192 2032; x_wconf 85' lang='lat' dir='ltr'><strong>Video</strong></span> 
     </span>
     <span class='ocr_line' id='line_1_15' title="bbox 115 2083 1194 2179; baseline 0 -25"><span class='ocrx_word' id='word_1_118' title='bbox 115 2085 245 2156; x_wconf 87' lang='lat' dir='ltr'><strong>animos</strong></span> <span class='ocrx_word' id='word_1_119' title='bbox 269 2084 484 2176; x_wconf 87' lang='lat' dir='ltr'><strong>affectusque</strong></span> <span class='ocrx_word' id='word_1_120' title='bbox 511 2084 662 2168; x_wconf 86' lang='lat' dir='ltr'><strong>abditos,</strong></span> <span class='ocrx_word' id='word_1_121' title='bbox 691 2093 727 2154; x_wconf 93' lang='lat' dir='ltr'><strong>ct</strong></span> <span class='ocrx_word' id='word_1_122' title='bbox 750 2083 844 2175; x_wconf 91' lang='lat' dir='ltr'><strong>quod</strong></span> <span class='ocrx_word' id='word_1_123' title='bbox 869 2087 957 2155; x_wconf 84' lang='lat' dir='ltr'><strong>torte</strong></span> <span class='ocrx_word' id='word_1_124' title='bbox 985 2108 1051 2155; x_wconf 92' lang='lat' dir='ltr'><strong>non</strong></span> <span class='ocrx_word' id='word_1_125' title='bbox 1079 2088 1194 2179; x_wconf 89' lang='lat' dir='ltr'><strong>suspi-</strong></span> 
     </span>
     <span class='ocr_line' id='line_1_16' title="bbox 114 2207 1192 2299; baseline 0.002 -23"><span class='ocrx_word' id='word_1_126' title='bbox 114 2217 247 2293; x_wconf 89' lang='lat' dir='ltr'><strong>cantur,</strong></span> <span class='ocrx_word' id='word_1_127' title='bbox 280 2207 487 2299; x_wconf 79' lang='lat' dir='ltr'><strong>cogitatibus</strong></span> <span class='ocrx_word' id='word_1_128' title='bbox 522 2208 701 2279; x_wconf 86' lang='lat' dir='ltr'><strong>intersum.</strong></span> <span class='ocrx_word' id='word_1_129' title='bbox 728 2207 838 2278; x_wconf 83' lang='lat' dir='ltr'><strong>Actus</strong></span> <span class='ocrx_word' id='word_1_130' title='bbox 872 2208 963 2278; x_wconf 88' lang='lat' dir='ltr'><strong>enirn</strong></span> <span class='ocrx_word' id='word_1_131' title='bbox 999 2230 1067 2277; x_wconf 94' lang='lat' dir='ltr'><strong>non</strong></span> <span class='ocrx_word' id='word_1_132' title='bbox 1101 2231 1192 2278; x_wconf 89' lang='lat' dir='ltr'><strong>unus</strong></span> 
     </span>
    </p>
   </div>
   <div class='ocr_carea' id='block_1_3' title="bbox 115 2310 1194 3040">
    <p class='ocr_par' dir='ltr' id='par_1_3' title="bbox 115 2310 1194 3040">
     <span class='ocr_line' id='line_1_17' title="bbox 115 2310 1194 2423; baseline -0.002 -21"><span class='ocrx_word' id='word_1_133' title='bbox 115 2355 184 2423; x_wconf 81' lang='lat' dir='ltr'><strong>ego,</strong></span> <span class='ocrx_word' id='word_1_134' title='bbox 214 2332 276 2403; x_wconf 90' lang='lat' dir='ltr'><strong>sed</strong></span> <span class='ocrx_word' id='word_1_135' title='bbox 302 2342 394 2402; x_wconf 91' lang='lat' dir='ltr'><strong>totus</strong></span> <span class='ocrx_word' id='word_1_136' title='bbox 430 2339 600 2401; x_wconf 90' lang='lat' dir='ltr'><strong>terrarum</strong></span> <span class='ocrx_word' id='word_1_137' title='bbox 636 2310 752 2414; x_wconf 71' lang='lat' dir='ltr'><strong>orbis.</strong></span> <span class='ocrx_word' id='word_1_138' title='bbox 773 2332 852 2402; x_wconf 90' lang='lat' dir='ltr'><strong>licet</strong></span> <span class='ocrx_word' id='word_1_139' title='bbox 887 2331 1056 2401; x_wconf 88' lang='lat' dir='ltr'><strong>hactenus</strong></span> <span class='ocrx_word' id='word_1_140' title='bbox 1089 2330 1194 2402; x_wconf 89' lang='lat' dir='ltr'><strong>dissi-</strong></span> 
     </span>
     <span class='ocr_line' id='line_1_18' title="bbox 116 2451 1193 2546; baseline -0.003 -20"><span class='ocrx_word' id='word_1_141' title='bbox 116 2459 231 2538; x_wconf 88' lang='lat' dir='ltr'><strong>mulet,</strong></span> <span class='ocrx_word' id='word_1_142' title='bbox 265 2452 379 2546; x_wconf 77' lang='lat' dir='ltr'><strong>inagis</strong></span> <span class='ocrx_word' id='word_1_143' title='bbox 419 2475 458 2523; x_wconf 94' lang='lat' dir='ltr'><strong>ac</strong></span> <span class='ocrx_word' id='word_1_144' title='bbox 495 2451 608 2545; x_wconf 82' lang='lat' dir='ltr'><strong>magis</strong></span> <span class='ocrx_word' id='word_1_145' title='bbox 649 2453 684 2522; x_wconf 88' lang='lat' dir='ltr'><strong>in</strong></span> <span class='ocrx_word' id='word_1_146' title='bbox 723 2453 799 2525; x_wconf 87' lang='lat' dir='ltr'><strong>dies</strong></span> <span class='ocrx_word' id='word_1_147' title='bbox 837 2454 954 2526; x_wconf 89' lang='lat' dir='ltr'><strong>videt:</strong></span> <span class='ocrx_word' id='word_1_148' title='bbox 983 2475 1081 2546; x_wconf 75' lang='lat' dir='ltr'><strong>quos</strong></span> <span class='ocrx_word' id='word_1_149' title='bbox 1112 2453 1193 2524; x_wconf 85' lang='lat' dir='ltr'><strong>inihi</strong></span> 
     </span>
     <span class='ocr_line' id='line_1_19' title="bbox 116 2574 1191 2672; baseline -0.001 -26"><span class='ocrx_word' id='word_1_150' title='bbox 116 2576 223 2660; x_wconf 85' lang='lat' dir='ltr'><strong>credo,</strong></span> <span class='ocrx_word' id='word_1_151' title='bbox 243 2597 322 2647; x_wconf 88' lang='lat' dir='ltr'><strong>curn</strong></span> <span class='ocrx_word' id='word_1_152' title='bbox 344 2578 443 2667; x_wconf 86' lang='lat' dir='ltr'><strong>plene</strong></span> <span class='ocrx_word' id='word_1_153' title='bbox 464 2574 593 2646; x_wconf 87' lang='lat' dir='ltr'><strong>viderit</strong></span> <span class='ocrx_word' id='word_1_154' title='bbox 612 2597 682 2647; x_wconf 91' lang='lat' dir='ltr'><strong>nou</strong></span> <span class='ocrx_word' id='word_1_155' title='bbox 709 2578 805 2647; x_wconf 86' lang='lat' dir='ltr'><strong>leret.</strong></span> <span class='ocrx_word' id='word_1_156' title='bbox 828 2578 961 2649; x_wconf 85' lang='lat' dir='ltr'><strong>Vellem</strong></span> <span class='ocrx_word' id='word_1_157' title='bbox 988 2581 1088 2672; x_wconf 91' lang='lat' dir='ltr'><strong>plura</strong></span> <span class='ocrx_word' id='word_1_158' title='bbox 1109 2578 1191 2649; x_wconf 91' lang='lat' dir='ltr'><strong>scri-</strong></span> 
     </span>
     <span class='ocr_line' id='line_1_20' title="bbox 115 2678 1194 2790; baseline 0.004 -22"><span class='ocrx_word' id='word_1_159' title='bbox 115 2696 193 2770; x_wconf 88' lang='lat' dir='ltr'><strong>bere</strong></span> <span class='ocrx_word' id='word_1_160' title='bbox 213 2722 295 2770; x_wconf 90' lang='lat' dir='ltr'><strong>cum</strong></span> <span class='ocrx_word' id='word_1_161' title='bbox 321 2699 382 2767; x_wconf 81' lang='lat' dir='ltr'><strong>vix</strong></span> <span class='ocrx_word' id='word_1_162' title='bbox 408 2698 473 2768; x_wconf 88' lang='lat' dir='ltr'><strong>ista</strong></span> <span class='ocrx_word' id='word_1_163' title='bbox 493 2678 674 2790; x_wconf 86' lang='lat' dir='ltr'><strong>potuerim.</strong></span> <span class='ocrx_word' id='word_1_164' title='bbox 701 2699 827 2771; x_wconf 88' lang='lat' dir='ltr'><strong>Nescio</strong></span> <span class='ocrx_word' id='word_1_165' title='bbox 853 2702 944 2772; x_wconf 88' lang='lat' dir='ltr'><strong>enim</strong></span> <span class='ocrx_word' id='word_1_166' title='bbox 974 2702 1064 2772; x_wconf 88' lang='lat' dir='ltr'><strong>unde</strong></span> <span class='ocrx_word' id='word_1_167' title='bbox 1091 2700 1194 2772; x_wconf 89' lang='lat' dir='ltr'><strong>hodic</strong></span> 
     </span>
     <span class='ocr_line' id='line_1_21' title="bbox 115 2823 1193 2916; baseline 0 -23"><span class='ocrx_word' id='word_1_168' title='bbox 115 2832 238 2916; x_wconf 78' lang='lat' dir='ltr'><strong>practer</strong></span> <span class='ocrx_word' id='word_1_169' title='bbox 260 2823 400 2894; x_wconf 90' lang='lat' dir='ltr'><strong>solitum</strong></span> <span class='ocrx_word' id='word_1_170' title='bbox 424 2823 468 2892; x_wconf 89' lang='lat' dir='ltr'><strong>ad</strong></span> <span class='ocrx_word' id='word_1_171' title='bbox 488 2823 658 2893; x_wconf 85' lang='lat' dir='ltr'><strong>calamum</strong></span> <span class='ocrx_word' id='word_1_172' title='bbox 677 2825 791 2894; x_wconf 88' lang='lat' dir='ltr'><strong>lentus</strong></span> <span class='ocrx_word' id='word_1_173' title='bbox 811 2834 846 2894; x_wconf 88' lang='lat' dir='ltr'><strong>et</strong></span> <span class='ocrx_word' id='word_1_174' title='bbox 866 2833 945 2894; x_wconf 88' lang='lat' dir='ltr'><strong>aute</strong></span> <span class='ocrx_word' id='word_1_175' title='bbox 965 2824 1069 2895; x_wconf 88' lang='lat' dir='ltr'><strong>etiam</strong></span> <span class='ocrx_word' id='word_1_176' title='bbox 1090 2845 1193 2915; x_wconf 85' lang='lat' dir='ltr'><strong>quarn</strong></span> 
     </span>
     <span class='ocr_line' id='line_1_22' title="bbox 115 2945 1194 3040; baseline 0.001 -27"><span class='ocrx_word' id='word_1_177' title='bbox 115 2945 298 3040; x_wconf 83' lang='lat' dir='ltr'><strong>inciperem</strong></span> <span class='ocrx_word' id='word_1_178' title='bbox 325 2949 442 3017; x_wconf 85' lang='lat' dir='ltr'><strong>fessus</strong></span> <span class='ocrx_word' id='word_1_179' title='bbox 477 2945 619 3016; x_wconf 85' lang='lat' dir='ltr'><strong>accessi.</strong></span> <span class='ocrx_word' id='word_1_180' title='bbox 653 2945 752 3030; x_wconf 83' lang='lat' dir='ltr'><strong>Vale,</strong></span> <span class='ocrx_word' id='word_1_181' title='bbox 780 2945 834 3017; x_wconf 89' lang='lat' dir='ltr'><strong>vir</strong></span> <span class='ocrx_word' id='word_1_182' title='bbox 861 2946 1063 3032; x_wconf 82' lang='lat' dir='ltr'><strong>clarissime,</strong></span> <span class='ocrx_word' id='word_1_183' title='bbox 1087 2945 1194 3017; x_wconf 89' lang='lat' dir='ltr'><strong>nostri</strong></span> 
     </span>
    </p>
   </div>
   <div class='ocr_carea' id='block_1_4' title="bbox 116 3091 648 3284">
    <p class='ocr_par' dir='ltr' id='par_1_4' title="bbox 116 3091 648 3284">
     <span class='ocr_line' id='line_1_23' title="bbox 116 3091 255 3142; baseline -0.022 -2"><span class='ocrx_word' id='word_1_184' title='bbox 116 3091 255 3142; x_wconf 73' lang='lat' dir='ltr'><strong>memor.</strong></span> 
     </span>
     <span class='ocr_line' id='line_1_24' title="bbox 255 3215 648 3284; baseline 0 -15"><span class='ocrx_word' id='word_1_185' title='bbox 255 3215 416 3284; x_wconf 86' lang='lat' dir='ltr'><strong>Mediolani,</strong></span> <span class='ocrx_word' id='word_1_186' title='bbox 432 3215 478 3269; x_wconf 78' lang='lat' dir='ltr'><strong>vl.</strong></span> <span class='ocrx_word' id='word_1_187' title='bbox 497 3215 557 3269; x_wconf 85' lang='lat' dir='ltr'><strong>Kal.</strong></span> <span class='ocrx_word' id='word_1_188' title='bbox 576 3215 648 3269; x_wconf 87' lang='lat' dir='ltr'><strong>Maii.</strong></span> 
     </span>
    </p>
   </div>
   <div class='ocr_carea' id='block_1_5' title="bbox 0 0 1378 4680">
    <p class='ocr_par' dir='ltr' id='par_1_5' title="bbox 0 0 1378 4680">
     <span class='ocr_line' id='line_1_25' title="bbox 0 0 1378 4680; baseline 0 0"><span class='ocrx_word' id='word_1_189' title='bbox 0 0 1378 4680; x_wconf 95' lang='lat' dir='ltr'><strong> </strong></span> 
     </span>
    </p>
   </div>
  </div>
 </body>
</html>
