2992 4664
238 309 297 370 346
707 319 870 369 vammum

237 463 358 556 fragile
379 484 474 535 mors
496 464 563 532 iam
582 483 652 533 non
678 482 797 533 amara
821 465 1085 554 corpusculum,
1114 486 1220 555 quam
1247 467 1325 536 ani-

238 610 331 658 mum
354 587 447 657 hunc
472 585 617 656 invadat
639 594 812 657 tantorum
839 585 968 657 oblivio
994 585 1207 659 meritorum.
1229 589 1325 672 Quid

237 711 329 780 enim
346 707 467 779 deme
488 708 545 778 ille
566 712 635 778 non
657 708 817 790 meritus,
840 719 900 778 aut
916 708 1002 800 quid
1023 708 1196 780 mediocre
1217 712 1324 782 meri-

239 841 295 902 tus
313 831 343 902 is
363 840 547 902 contentus
568 831 655 902 fuit‘.l
681 830 772 914 Quid
792 832 880 922 plus,
902 853 1035 923 quaes0,
1063 832 1233 905 tribueret
1253 856 1324 905 non

237 955 372 1026 amicus
393 953 517 1035 amice,
541 952 604 1023 sed
622 954 682 1022 vel
699 954 805 1023 frater
819 953 925 1036 fratri,
948 954 1006 1024 vel
1026 954 1114 1046 patri
1136 952 1243 1037 filius,
1266 958 1325 1026 vel

238 1078 308 1149 filio
325 1060 449 1170 pater‘.l
476 1077 521 1148 Et
540 1077 695 1168 profecto
715 1074 772 1146 ille
798 1074 882 1146 mihi
907 1075 1039 1147 auxilio
1058 1075 1231 1161 dominus,
1252 1101 1324 1150 non

236 1200 450 1294 quicumque
469 1198 533 1270 sed
555 1197 762 1269 mitissimus
782 1197 936 1269 omnium
957 1199 1019 1292 qui
1044 1221 1065 1269 a
1093 1201 1232 1271 saeculis
1255 1200 1343 1270 visi-

239 1333 335 1406 sunt,
357 1316 502 1393 consilio
523 1332 638 1392 autem
660 1329 768 1412 pater,
784 1319 952 1413 obsequio
970 1319 1074 1404 filius,
1094 1322 1217 1394 solatio
1238 1322 1326 1391 ami-

237 1467 322 1528 cus,
361 1444 505 1516 caritate
542 1463 729 1532 germanus
758 1464 866 1534 prope
891 1463 955 1534 par
987 1445 1109 1514 fuerat.
1144 1443 1325 1534 Denique,

238 1566 333 1659 quod
366 1566 411 1636 de
442 1587 481 1636 se
505 1563 667 1636 omnibus
701 1565 748 1636 ait
780 1565 988 1659 Apostolus,
1023 1586 1107 1665 vere
1146 1565 1203 1634 ille
1236 1565 1324 1634 mihi

240 1688 356 1760 omnia
384 1690 495 1758 factus
520 1696 606 1758 erat.
631 1674 691 1760 ille
723 1711 779 1759 me
811 1690 1026 1760 fortunarum
1055 1689 1234 1769 omnium,
1263 1687 1326 1757 ille

240 1811 316 1896 otii,
339 1811 396 1882 ille
416 1810 561 1901 negotii,
588 1811 643 1881 ille
664 1832 719 1880 me
740 1812 876 1881 viarum
894 1810 1054 1881 comitem
1077 1831 1171 1902 saepe
1193 1809 1329 1900 longis·

239 1932 560 2005 simarum'habuit.
584 1933 670 2003 Cum
688 1935 746 2003 illo
766 1954 934 2028 prospera
954 1943 989 2003 et
1014 1933 1167 2004 adverse
1187 1932 1328 2027 partici-

238 2058 333 2149 pavi,
352 2056 511 2126 cumillo
531 2067 566 2129 et
587 2055 729 2126 urbanis
757 2076 851 2147 saepe
876 2054 1009 2127 deliciis
1035 2065 1070 2125 ct
1097 2054 1238 2127 rusticis
1265 2055 1328 2126 ali-

239 2179 381 2269 quando
410 2177 612 2252 secessibus
645 2179 796 2248 recreari
822 2176 977 2268 contigit.
1002 2178 1233 2275 Quocumque
1268 2196 1327 2246 res

239 2310 399 2390 posceret
427 2300 588 2388 gloriosis
614 2298 792 2369 laboribus
811 2299 1002 2379 exerceri,
1038 2322 1116 2369 cum
1151 2300 1209 2368 illo
1242 2297 1327 2368 vitae

239 2418 360 2491 brevis
388 2422 510 2510 longas
538 2435 654 2512 partes
681 2420 752 2511 egi,
780 2420 1003 2512 egissemque
1030 2441 1152 2491 omnes
1179 2419 1324 2502 utinam,

179 2534 181 2536 ’
241 2563 380 2613 rrecme
403 2541 544 2611 bustum
566 2563 586 2610 a
608 2553 679 2611 tam
698 2540 835 2634 placido
852 2551 887 2611 et
910 2553 977 2612 tam
1006 2540 1075 2612 fido
1097 2540 1329 2613 contubernio
1368 2593 1370 2597 ν

240 2673 449 2755 separasset.
480 2664 603 2734 Secum
624 2685 690 2754 ego
712 2674 824 2734 terras
844 2674 880 2734 ct
904 2662 1012 2734 maria
1034 2663 1224 2748 circumivi,
1248 2666 1327 2756 qui-

241 2783 322 2855 dem
342 2796 469 2856 cuncta
490 2807 568 2857 cum
592 2784 719 2876 gaudio
739 2797 774 2856 et
798 2784 1027 2857 oblectatione
1054 2785 1212 2856 mirabili.
1233 2787 1330 2856 Non-

242 2929 422 2999 nunquam
438 2929 522 2977 vero
541 2908 701 3000 periculis
720 2909 856 2999 magnis
874 2929 915 2978 ac
932 2907 1099 2998 gravibus
1112 2908 1240 2999 quibus
1258 2910 1325 2993 ille,

241 3028 324 3099 dum
345 3030 428 3098 mihi
450 3031 510 3121 qui
531 3031 597 3101 sibi
617 3053 712 3102 eram
741 3051 858 3102 comes
879 3031 1037 3100 comitem
1060 3030 1220 3123 praebuit,
1236 3035 1328 3103 ultro

244 3172 346 3222 suum
364 3163 469 3242 caput
488 3154 663 3244 exposuit.
686 3153 799 3224 Unum
822 3152 944 3237 deluit,
968 3161 1006 3224 ut
1031 3151 1125 3223 hunc
1141 3152 1254 3246 ipsum
1277 3165 1330 3225 to-

243 3275 331 3344 tiens
358 3273 402 3343 ad
423 3272 508 3343 alias
530 3284 633 3366 atque
660 3277 745 3347 alias
770 3277 970 3360 comitatuS,
1000 3277 1121 3347 saltem
1152 3275 1257 3346 vivus
1283 3276 1329 3346 ad

244 3397 397 3477 ultimam
419 3398 604 3469 comitarer
621 3395 775 3467 domum.
795 3399 932 3468 Mallem
953 3384 1125 3469 exanimis
1145 3419 1241 3468 esse:
1264 3398 1328 3468 sed

242 3520 400 3592 vivacior
415 3542 492 3590 sum
507 3543 610 3612 quam
626 3522 769 3605 vellem,
785 3540 978 3614 parumque
992 3521 1058 3589 iam
1074 3519 1198 3612 reliqui
1212 3530 1280 3604 est,
1292 3529 1330 3590 ut

242 3643 300 3713 ille
318 3663 385 3733 ego
398 3641 557 3713 amicitiis
572 3643 651 3712 olim
682 3641 857 3734 usquead
878 3642 1043 3714 invidiam
1068 3640 1169 3726 felix,
1189 3663 1328 3712 earum-

241 3763 323 3834 dem
349 3764 452 3835 modo
474 3765 578 3856 inops
595 3766 774 3855 solusque,
796 3772 831 3833 et
848 3786 956 3856 prope
981 3765 1049 3835 iam
1070 3766 1177 3856 vulgo
1191 3771 1327 3835 tautum

243 3887 331 3956 facie
352 3897 455 3958 notus
473 3887 551 3968 sim;
574 3887 640 3956 nisi
657 3886 751 3977 quod
768 3886 853 3956 mihi
867 3907 937 3956 non
946 3886 1060 3957 virtus
1080 3895 1142 3956 aut
1153 3886 1328 3966 meritum,

246 4007 307 4091 sed
320 4007 385 4079 hoc
402 4011 655 4102 qualecumque
669 4005 800 4097 nudum
812 4030 938 4080 nomen
957 4030 1068 4080 novas
1083 4008 1232 4086 subinde
1240 4008 1332 4099 parit

244 4130 424 4216 amicitias,
444 4131 571 4223 quibus
597 4141 785 4223 utcumque
818 4133 905 4204 mala
931 4141 1060 4203 caetera
1073 4131 1175 4203 lenio.
1198 4131 1331 4224 Nempe
