2804 4656
115 308 176 369 230
450 317 491 364 66
514 316 615 364 nunus
636 315 859 366 nnunrnnnus

117 461 214 534 ribus
247 459 450 538 audiantur,
477 478 546 527 non
572 457 763 552 principem
789 457 893 530 modo
917 480 1036 541 suurn,
1060 460 1200 530 661116-

116 585 241 657 dornm
262 603 364 673 reges
386 583 529 651 ultimos
552 582 621 651 sint
636 583 776 652 moturi:
793 589 908 664 tuate,
923 581 1073 672 inquam,
1090 582 1198 665 ltalia,

118 710 246 789 Caesar,
259 716 377 786 vocat;
401 705 536 787 Caesar‚
560 704 697 790 Caesar,
716 705 833 774 Caesar
851 702 1026 780 meusubi
1048 707 1112 774 es‘l
1132 706 1202 775 Cur
1304 786 1305 791 ,

117 855 174 902 me
193 831 349 902 deseris?
369 826 460 910 Quid
482 827 677 897 cunctaris?
702 827 803 896 Certe
828 848 894 916 ego
920 825 988 894 nisi
1013 825 1201 897 immobilis

115 955 240 1037 iorem,
264 961 299 1024 et
318 951 445 1022 dextra
466 953 626 1042 laevaque
648 951 734 1020 mari
755 950 907 1041 gemino
927 973 947 1020 a
966 959 1064 1040 tergo
1085 960 1200 1020 autem

118 1076 264 1169 Alpibus
285 1076 532 1165 circumsepta,
561 1073 637 1164 ipsa
660 1072 862 1164 iampridem
885 1094 1000 1143 meum
1026 1073 1202 1144 Caesarem

119 1203 222 1289 longe
242 1210 338 1271 trans
357 1196 554 1268 Danubium
574 1196 763 1288 petiissem.
783 1195 877 1278 Vale,
897 1195 1027 1278 Caesar,
1045 1205 1080 1266 et
1096 1195 1202 1283 vigila

119 1323 207 1392 dies.
278 1379 281 1385 .

263 1483 402 1548 Venetiis,
418 1483 452 1535 V.
470 1481 537 1536 Idus
552 1482 651 1535 Martii.

622 1708 697 1716 --

528 1916 706 1983 EPISTULA
726 1915 796 1977 XVI.

122 2080 315 2132 FRANCISCUS
336 2082 504 2131 Pnnnlncn
525 2083 658 2133 IOHANNI
678 2083 830 2132 EPISGOPO
853 2083 1045 2132 oenomaus!
1065 2083 1092 2131 S.
1111 2085 1139 2132 P.
1158 2087 1187 2132 1).

211 2207 312 2263 Carere
326 2224 356 2262 se
370 2208 471 2262 litteris
486 2209 546 2262 eius
562 2225 635 2278 aegre
649 2209 718 2277 fert,
734 2213 762 2262 et
776 2206 927 2278 quamdam
942 2222 1020 2277 spem
1035 2223 1116 2260 suam

408 2299 436 2351 in
450 2299 562 2353 irritum
577 2299 693 2353 cessisse
708 2297 822 2351 minirne
838 2296 921 2350 dolet.

223 2533 317 2622 Ergo
349 2534 430 2622 qnia
458 2552 527 2600 666
556 2543 653 2623 potes
679 2534 774 2625 quod
796 2536 904 2605 velles
927 2534 1095 2616 scribere,
1118 2533 1204 2603 nihil

124 2652 269 2725 scribis?
300 2655 391 2736 Noli,
426 2653 588 2738 obsecro,
621 2655 692 2725 noli
717 2656 849 2738 damno·
871 2657 1035 2729 damnum
1061 2656 1202 2726 addere.

123 2775 272 2846 Gravius
290 2778 398 2847 multo
414 2776 497 2846 mihi
517 2786 571 2848 cst
589 2777 712 2848 litteris
730 2779 799 2848 tuis
816 2778 944 2869 quibus
963 2798 1203 2856 assueveram,

123 2920 229 2990 qnam
266 2920 435 2970 successu
472 2900 547 2993 spei
587 2897 763 2989 ambignae
802 2903 969 2971 carnisse.
1011 2902 1070 2972 llla
1112 2902 1202 2971 enim

124 3029 306 3091 externam
327 3022 463 3114 corpori
488 3021 729 3092 sufficientiam
755 3033 954 3113 exoptatam
981 3022 1138 3107 forsitan,
1168 3033 1205 3093 ut

125 3151 180 3211 est
200 3141 420 3234 inexplebilis
442 3143 545 3213 animi
568 3142 702 3213 infinita
722 3142 908 3234 cupiditas
933 3143 996 3214 sed
1020 3153 1115 3214 certe
1136 3163 1204 3215 non

125 3264 357 3334 necessariam
380 3264 622 3354 promittebat:
652 3267 708 3337 hae
735 3265 860 3334 animae
886 3264 1001 3336 cibum
1029 3265 1203 3336 internum

126 3407 167 3457 ac
185 3388 347 3458 solatium
368 3383 568 3457 afferebant.
590 3389 661 3458 Hoc
680 3410 736 3458 me
756 3409 811 3457 ne
822 3388 1028 3478 privandum
1046 3409 1203 3469 censens,

125 3531 190 3603 per
210 3511 446 3602 temetipsum,
476 3514 750 3604 tuumqnemihi
778 3516 907 3584 cultum
936 3533 1073 3604 semper
1093 3523 1129 3583 et
1147 3531 1204 3582 co-

127 3629 269 3702 lendum
282 3643 396 3724 caput,
413 3642 448 3703 et
467 3633 495 3703 si
513 3635 592 3726 quis
610 3659 762 3728 unquam
783 3636 840 3707 tibi
860 3636 928 3705 mci
945 3635 1094 3706 nominis
1109 3658 1207 3707 amor

126 3754 199 3838 luit,
221 3776 283 3835 oro
303 3758 430 3826 anxins
448 3768 552 3848 atque
570 3757 733 3829 obtestor.
748 3759 802 3828 An
820 3759 901 3850 qnia
919 3781 988 3830 666
1003 3757 1207 3849 talesquod

127 3876 273 3967 optabas
295 3878 391 3962 dare,
415 3883 532 3950 aufers
550 3881 644 3970 quod
663 3879 821 3954 solebas?
837 3883 881 3949 Et
893 3884 974 3972 quia
989 3881 1113 3972 nequis
1127 3901 1209 3950 esse

128 3997 322 4084 1166611666,
359 4001 429 4072 eris
462 4006 613 4074 nocens?
644 4003 735 4086 Quid
760 4003 826 4077 boc
850 4006 944 4075 alind
976 4004 1078 4075 fuerit
1103 4026 1208 4096 quam

129 4119 319 4208 infirmum,
342 4146 447 4217 quem
481 4148 603 4199 curare
635 4149 702 4201 non
737 4128 867 4220 possis,
895 4128 1077 4202 occideret
1107 4126 1207 4209 Vide,
