2992 4664
169 286 227 346 328
633 292 794 340 rauranum

167 443 306 526 eodem,
330 453 386 513 est
398 445 587 534 capitulum
602 463 766 533 magnum
784 440 888 511 valde
905 439 949 510 de
963 442 1064 511 Petro
1084 440 1256 530 Eremia,
1379 542 1381 545 Ι

168 567 262 659 quod
283 587 352 637 non
372 564 511 636 memini
528 574 675 657 quotum
696 564 750 633 sit.
766 561 814 632 lhi
833 585 900 632 non
919 562 1021 633 nimis
1042 586 1063 634 a
1083 564 1259 657 principio

89 778 91 782 ι
169 691 287 782 procul
308 701 363 759 est
380 688 446 759 ita:
463 699 529 757 tam
546 689 631 757 citit
643 699 689 756 est
702 687 808 755 uuimi
824 708 1013 755 acinorum.
1030 686 1121 788 *Nolo
1140 709 1258 780 usque

168 814 256 885 adeo
281 816 408 884 famam
427 812 578 883 Caesaris
600 831 743 901 urgere;
769 821 805 881 et
824 810 905 881 ideo
930 812 965 880 in
990 822 1139 904 utroque
1165 811 1256 881 libro

168 937 309 1006 mutetis
325 946 361 1004 el
373 935 509 1027 ponatis
525 932 590 1004 sic:
605 934 700 1024 quusi
712 933 771 1000 sub
785 935 865 1000 coelo
878 931 1004 1022 aliquid
1015 934 1057 1002 sit
1065 934 1254 1025 pulchrius.

168 1058 287 1145 Valete
309 1055 376 1126 mei
397 1074 584 1137 memoreS,
605 1063 641 1124 et
658 1062 755 1124 orate
776 1055 884 1123 Deum
906 1075 969 1146 pro
985 1076 1052 1125 me.
1067 1054 1109 1121 X.
1133 1054 1244 1135 lunii„⁴

1013 1177 1068 1246 Fr.
1091 1176 1152 1245 Vr.

268 1425 352 1494 ltem
373 1423 496 1492 eodem
531 1421 619 1493 libro
654 1432 734 1514 post
770 1421 968 1493 Tractatum
995 1419 1039 1490 de
1063 1418 1257 1490 Benedicta

168 1557 224 1615 est
256 1544 300 1614 de
321 1543 473 1635 quodam
504 1543 657 1613 Eremita
688 1573 702 1605 a
727 1541 865 1613 Marsici
888 1543 1015 1613 montis
1041 1543 1161 1613 accola
1182 1553 1254 1613 etc.

168 1665 272 1738 debet
290 1686 370 1737 esse
391 1664 525 1736 Massici
549 1693 564 1728 r
587 1665 668 1736 licet
692 1667 813 1736 fere...
837 1664 983 1758 (Desunt
1002 1665 1163 1758 reliqua).

545 2193 547 2197 ι
576 2103 753 2168 semrom
775 2103 842 2167 xm.

216 2271 408 2321 FRANCISCUS
430 2269 598 2320 Parauaea
620 2270 780 2320 Gottsscno
801 2271 842 2319 DE
867 2269 1056 2319 Ptsnttttmto
1077 2271 1104 2318 S.
1126 2270 1155 2319 P.
1178 2272 1223 2341 Ι).Δ

286 2408 426 2463 Absentiae
441 2423 498 2462 suae
513 2406 548 2461 ab
561 2406 632 2462 urbe
646 2407 787 2463 Avenione
801 2424 914 2464 causam
927 2409 1022 2480 pandit
1036 2409 1133 2464 amico.
1156 2481 1165 2483 ‚

202 2714 208 2721 ,,
269 2648 378 2737 Digne
397 2647 537 2738 quidem
560 2647 754 2730 admirans
781 2647 910 2739 quibus
935 2669 1003 2739 ego
1029 2647 1172 2724 laetaris
1192 2646 1257 2719 de·

172 2771 367 2839 litescerem
386 2771 589 2860 quaerebaS,
617 2780 677 2840 aut
699 2769 783 2861 quid
817 2791 919 2840 novae
948 2771 998 2840 rei
1027 2770 1253 2859 contigisset,

76 2983 80 2993 Ι
172 2893 426 2985 propterquod
447 2893 505 2963 libi
526 2895 599 2964 oris
626 2893 693 2963 mei
719 2894 905 2985 praesentia
933 2893 1034 2964 solito
1061 2894 1173 2964 rarior
1197 2908 1257 2964 oc·

170 3023 341 3085 curreret:
360 3025 395 3083 et
416 3038 507 3086 nunc
528 3017 705 3107 aliquanto
722 3014 866 3106 dignius
885 3013 1077 3097 miraberis
1092 3013 1178 3107 quid
1191 3014 1259 3086 -hic

171 3134 337 3224 praestigii
358 3137 418 3219 sit,
439 3138 630 3228 quodcum
652 3139 771 3209 relicto
793 3161 890 3222 rure,
913 3139 998 3219 mihi„
1021 3139 1083 3208 truc
1105 3157 1256 3228 praeser-

172 3256 230 3325 tim
267 3256 348 3326 anni
373 3266 471 3350 parte
502 3262 719 3350 gratissime,
756 3261 875 3331 faciem
904 3271 998 3329 tuam
1032 3261 1175 3330 visurus
1210 3260 1257 3330 ad

167 3379 326 3450 odiosam
350 3401 485 3472 semper
505 3381 680 3453 civitatem
703 3381 897 3464 rediissem,
923 3391 956 3452 te
977 3382 1176 3465 insalutato,
1204 3383 1258 3452 sic

171 3515 312 3594 repente
332 3502 567 3574 discesserim.
602 3505 792 3596 Utriusque
821 3527 906 3596 ergo
934 3505 1101 3576 rationem
1135 3504 1255 3598 accipe

169 3646 273 3716 quam
291 3624 512 3696 brevissimis
530 3626 665 3710 uerbis,
689 3627 916 3720 digerendam
936 3629 1023 3698 torte
1039 3629 1143 3698 latius
1159 3628 1257 3722 apud

171 3755 219 3829 te,
237 3745 320 3816 mihi
341 3749 433 3818 enim
449 3759 484 3819 et
498 3747 646 3819 nuncius
668 3748 777 3819 hicet
797 3750 848 3819 sol
869 3748 914 3819 ad
931 3751 1105 3821 Oceanum
1125 3753 1256 3845 prope-

169 3889 251 3938 rans
272 3868 531 3962 breviloquium
550 3870 710 3941 suadent.
734 3870 927 3962 Sobagerat
953 3893 1009 3942 me
1032 3871 1255 3966 sibipridem

170 3990 240 4060 vita
268 3992 391 4064 lautior
411 4015 454 4064 ea
474 4013 554 4086 quae
574 3995 610 4063 in
633 3993 779 4066 urbibus
796 3996 936 4085 agitur,
971 4004 1006 4066 et
1038 3995 1072 4064 in
1099 4018 1141 4067 ea
1167 3994 1257 4065 urbe

170 4110 387 4202 potissimum
408 4114 465 4185 ubi
487 4125 520 4184 tn
543 4137 635 4185 nunc
650 4136 699 4185 es.
722 4116 792 4186 illic
813 4116 938 4186 multos
959 4139 1020 4209 per
1037 4136 1147 4186 annos
1164 4137 1254 4207 quas
