2730 4680
287 322 380 371 uraca
400 321 908 373 vrcssmusraruns.—nn1srour
930 323 961 370 u.
1123 313 1162 375 59

93 459 150 532 sed
177 477 293 530 caectm
326 457 414 539 sim;
446 454 678 551 nequeenim
705 458 814 532 verbo
840 470 973 532 tantum
1006 461 1161 534 animum

93 594 181 653 tuum
209 580 310 663 mihi,
338 580 402 652 sed
426 581 491 664 his,
518 600 608 674 quse,
632 592 670 654 ut
689 581 824 668 dicitur,
845 583 983 654 mentiri
1002 584 1163 656 nesciunt

91 704 203 788 rebus,
227 702 361 796 pandis.
392 704 479 775 Nam
496 704 589 796 quid,
611 725 671 798 per
691 726 812 776 omnes
830 726 954 798 quaeso
978 708 1161 793 coelicolas,

90 827 231 898 suavius
256 828 403 920 epistola
430 826 487 897 illa
510 836 583 911 tua,
611 848 681 919 qua
706 850 762 898 me
787 828 890 919 vagis
910 849 1164 924 usquequaque

89 951 300 1034 distractum,
315 961 351 1022 et
363 960 402 1022 ut
418 952 470 1023 sic
482 951 631 1024 dixerim
650 971 812 1044 sparsum
825 953 930 1034 curis,
949 953 994 1023 ad
1008 961 1041 1024 te
1056 976 1164 1025 unum

89 1075 307 1167 cogitandum
334 1072 587 1167 colendumque
607 1072 812 1146 dulcissimo
837 1073 988 1166 quodam
1010 1086 1046 1148 et
1070 1076 1164 1146 inso-

88 1200 140 1268 lito
159 1197 351 1270 verborum
372 1195 517 1270 artificio
533 1197 702 1290 coegisti?
715 1196 806 1281 Quid
828 1197 1028 1282 humanius,
1052 1208 1090 1270 ut
1110 1221 1164 1272 re-

87 1320 175 1414 liqua
196 1322 319 1393 sileam
345 1341 426 1414 quae
447 1321 640 1414 promptius
666 1320 783 1391 animo
809 1319 932 1391 metior
956 1341 1060 1412 quam
1089 1341 1163 1392 ser-

87 1464 193 1526 mone,
213 1442 300 1535 quid
317 1443 457 1535 inquam
481 1441 676 1525 humanius,
698 1439 783 1534 quid
803 1440 921 1519 mitius
942 1462 1048 1533 quam
1069 1442 1164 1533 quod

87 1565 115 1635 in
134 1566 297 1658 epistolae
313 1567 407 1638 calce
423 1565 554 1647 dixisti,
574 1586 753 1657 nunquam
774 1563 949 1636 Francisci
969 1565 1017 1634 tui
1035 1586 1163 1636 nomen

86 1688 250 1760 memoria
276 1689 439 1760 Iohannis
473 1687 670 1760 abiturum?
695 1687 857 1780 Ampium
884 1687 992 1759 fateor
1012 1697 1047 1758 et
1073 1708 1164 1780 prae·

86 1813 212 1883 clarum
233 1834 274 1882 ao
291 1812 432 1884 cuilibet
442 1814 599 1886 virorum
615 1812 860 1884 excellentium
883 1812 1106 1884 suffecturum
1127 1814 1162 1884 in

86 1935 248 2006 memoria
269 1944 329 2007 tua
348 1938 460 2007 locum
482 1937 613 2027 exiguo
629 1945 665 2007 et
685 1935 836 2009 obscuro
858 1956 935 2005 meo
952 1935 1082 2006 nomini
1099 1935 1163 2006 de·

84 2059 224 2150 putasti,
250 2057 308 2128 uhi
334 2060 403 2130 iam
425 2061 583 2132 securius
605 2058 787 2142 habitans,
811 2058 896 2128 nihil
917 2058 1054 2142 durum,
1077 2059 1162 2131 nihil

84 2180 293 2274 inhospitum
306 2183 341 2253 in
356 2184 577 2276 transalpinis
591 2179 795 2274 regionibus
813 2190 988 2252 vereatur.
1005 2181 1162 2253 Proiecto

85 2311 195 2373 autem
217 2325 396 2397 nunquam
418 2303 479 2374 tihi
498 2304 535 2374 in
556 2304 710 2376 animum
732 2303 871 2374 veniret
892 2312 931 2372 ut
952 2301 986 2372 id
1007 2302 1159 2386 diceres,

85 2423 146 2494 nisi
165 2437 248 2497 ante
273 2429 430 2500 venisset
454 2438 493 2500 ut
518 2428 679 2500 sentires.
707 2425 794 2509 Quae
822 2425 992 2496 sententia
1020 2434 1162 2518 quantae

86 2547 141 2619 tihi
161 2550 422 2623 mansuetudini
443 2562 654 2644 quantaeque
674 2550 761 2620 mihi
783 2549 830 2620 sit
851 2549 972 2640 gloriae
993 2550 1073 2641 quis
1093 2571 1161 2621 non

86 2669 197 2743 videt‘l
221 2672 353 2744 Natura
377 2673 538 2767 equidem
567 2684 700 2744 tantum
725 2673 841 2743 virum
868 2691 988 2763 parvae
1016 2673 1064 2744 rei
1090 2681 1161 2743 tam

87 2793 249 2872 tenaciter
268 2800 468 2871 meminisse
489 2820 558 2870 non
576 2798 713 2891 patitur.
735 2797 788 2867 lta
799 2817 887 2886 ergo
898 2803 934 2866 et
948 2795 1159 2887 magnitudi-

87 2946 158 2994 nem
173 2933 270 2994 tuam
287 2922 426 3017 probas,
441 2932 478 2994 et
494 2944 549 2993 me
566 2922 632 2994 hac
644 2932 704 2993 tua
720 2918 764 2992 de
778 2920 865 2990 meis
877 2918 984 2990 rebus
999 2919 1161 3012 opinione

88 3045 296 3138 magnificas.
317 3045 437 3118 Amori
457 3057 518 3119 tuo
538 3047 685 3138 gratiam
706 3042 820 3116 haheo
843 3051 975 3136 quanta
996 3043 1159 3115 humanis

88 3170 261 3243 affectibus
283 3168 403 3241 haberi
421 3182 548 3264 potest,
571 3171 630 3264 qui
644 3170 710 3242 hoc
724 3190 818 3262 saepe
832 3167 916 3239 mihi
938 3169 1102 3263 praestitit
1122 3179 1160 3240 ut

88 3291 361 3366 doctissimorum
390 3294 568 3365 hominum
593 3292 720 3365 iudicia
741 3293 780 3364 in
806 3293 876 3364 mei
901 3293 1159 3366 existimatione

87 3419 340 3510 perstringeret.
366 3419 443 3510 Ego
468 3427 583 3490 autem
610 3429 647 3490 ut
672 3427 781 3489 totum
808 3417 868 3489 tihi
896 3440 1011 3490 meum
1038 3429 1158 3510 pectus

87 3545 243 3634 aperiam,
260 3564 351 3615 neve
368 3544 456 3614 ullas
473 3542 520 3613 ihi
538 3540 690 3613 latebras
707 3542 827 3626 celem,
846 3541 931 3613 nihil
947 3563 1018 3634 quo
1031 3541 1069 3613 id
1086 3562 1158 3611 me-

87 3688 157 3739 rear
178 3668 213 3737 in
235 3688 292 3737 me
314 3667 396 3738 scio.
424 3666 492 3738 Sed
513 3666 560 3736 ita
580 3688 659 3737 sum
684 3666 787 3758 quasi
808 3666 962 3737 rusticus
989 3663 1157 3753 margari-

88 3797 126 3860 tae
139 3791 266 3864 nobilis
282 3791 452 3872 inventor,
472 3791 532 3882 qui
550 3810 647 3882 spem
667 3809 766 3860 suam
785 3787 1009 3859 successibus
1027 3787 1155 3857 vietam

88 3924 233 4007 stupens,
254 3935 295 3985 ac
315 3916 410 3983 lucro
430 3911 597 3983 attonitus
616 3921 859 4005 percunctatur
876 3909 1011 3991 obvios,
1029 3917 1065 3979 et
1081 3908 1156 3979 veri

87 4039 178 4127 pretii
201 4040 347 4129 ignarus
367 4061 387 4107 e
408 4036 537 4107 iudicio
557 4036 686 4128 pendet
706 4037 828 4107 alieno.
855 4034 911 4104 Sic
931 4054 998 4124 ego
1015 4050 1155 4127 parum·

88 4181 140 4251 per
169 4174 229 4233 tua
257 4161 290 4229 in
318 4161 437 4252 primis
464 4172 499 4231 ot
528 4158 714 4230 illustrium
744 4158 874 4250 aliquot
904 4156 1154 4230 aestimatorum
