2934 4650
555 307 711 356 ansrotn
732 307 837 356 xtvrn.
1176 293 1235 354 435

155 461 285 524 vestrae
312 451 376 522 sed
402 451 539 522 illorum
566 449 657 522 sint:
680 449 746 522 hoc
766 448 922 541 estquis
944 448 1159 541 potissimum
1183 472 1237 521 re·

156 581 252 661 ι(ςιιει,
287 573 369 664 quis
394 572 552 643 licentius
585 572 713 664 rapiat,
749 570 890 666 spoliet,
925 570 1042 655 laniet,
1078 582 1234 665 spargat,

156 693 302 766 occidat.
328 692 444 765 Ausus
476 717 539 787 pro
565 694 719 785 indignis
745 692 957 783 domiuispet
983 714 1047 787 pro
1072 693 1235 766 obseoena

158 816 328 886 servitute
350 822 419 886 tam
440 815 594 906 grandia,
617 815 748 888 audere
765 799 893 909 aliquid
914 837 978 910 pro
999 816 1099 888 vobis
1120 827 1156 888 et
1176 839 1237 909 pro

159 936 315 1010 libertate
332 938 476 1030 dignum
494 947 560 1021 est,
584 961 646 1032 pro
667 960 736 1032 qua
758 939 921 1010 inventus
944 948 999 1010 est
1018 950 1053 1011 et
1072 938 1132 1032 qui
1154 938 1239 1011 urbe

158 1080 261 1151 reges
294 1041 329 1130 et
361 1059 420 1151 qui
455 1059 528 1130 vita
549 1061 709 1131 Caesares
736 1059 912 1153 spoliaret.
940 1060 1050 1132 Dicite
1076 1060 1182 1131 mibi:
1209 1061 1239 1131 si

158 1181 393 1251 Romanorum
433 1202 555 1271 regum
594 1189 630 1252 ει
666 1181 913 1276 imperatorum
955 1182 1131 1253 licentiam
1170 1202 1239 1252 non

160 1301 308 1384 tulistis,
343 1301 628 1394 alienigenarum<
657 1303 860 1396 praedonum
901 1301 1032 1376 tamdiu
1058 1313 1239 1375 cruentam

159 1426 288 1499 rabiem
309 1437 345 1497 ει
364 1428 610 1519 inexpleudam
636 1428 817 1500 avaritiam
852 1429 1059 1522 perferetis?
1091 1428 1167 1500 Nou
1193 1428 1241 1498 ita

158 1549 314 1619 Deuma
347 1548 481 1642 piorum
514 1549 668 1620 consiliis
695 1570 858 1622 aversum
887 1572 975 1622 reor.
1002 1541 1132 1620 Vivere
1172 1548 1239 1620 sub

160 1669 224 1738 illis
259 1669 391 1741 tristius
423 1692 527 1764 quam
562 1671 636 1742 siue
675 1670 741 1741 illis
779 1673 878 1744 mori.
910 1670 1119 1743 Audendum
1149 1690 1240 1764 praef

159 1799 252 1861 terea
287 1792 417 1883 aliquid
449 1815 512 1888 pro
538 1792 619 1864 filiis
645 1795 789 1879 vestris
825 1815 888 1886 pro
917 1791 1140 1884 coniugibus
1176 1812 1239 1885 pro

159 1925 340 2004 pareutum
366 1916 505 1999 canitie,
529 1937 759 2009 proavorum
781 1915 936 1999 tumulis,
961 1927 1134 2008 postremo
1153 1915 1240 1986 nibil

159 2056 227 2106 uon
259 2035 464 2132 audendum
502 2059 565 2137 pro
591 2035 797 2129 Republica,
831 2037 931 2108 ouius
963 2037 1089 2107 caritas
1115 2034 1238 2107 Decios

159 2159 272 2250 coegit
299 2169 336 2230 nt
361 2160 499 2233 devotis
525 2159 730 2252 corporibus
757 2159 802 2230 ad
828 2170 974 2230 mortem
1001 2160 1114 2240 ireut;
1147 2158 1238 2244 Mar·

158 2303 236 2352 cnm
269 2280 425 2352 Curtium
459 2291 496 2353 ut
523 2302 561 2352 se
586 2281 619 2351 iu
646 2281 845 2353 horribilem
879 2282 971 2352 illam
1004 2290 1107 2352 terrae
1136 2301 1238 2350 vora-

158 2403 272 2492 gineru
299 2424 408 2496 eques
434 2403 848 2496 armatusimmergeret3
871 2403 1051 2487 Horatium
1072 2402 1236 2474 Coclitem

159 2533 196 2594 ut
221 2523 327 2594 armis
353 2536 517 2597 onustum
544 2547 681 2617 corpus
704 2527 800 2619 qnod
820 2526 910 2597 muri
937 2529 1012 2598 loco
1040 2522 1236 2616 legionibus

158 2644 337 2718 Hetruscis
357 2623 540 2732 obiecerat,
560 2647 595 2719 in
614 2647 776 2743 Tyberini
799 2647 912 2719 amnis
929 2646 1078 2719 vortices
1094 2647 1236 2718 effracto

96 2786 97 2790 ’
159 2778 263 2859 ponte
288 2768 492 2853 dimitteret;
515 2771 632 2843 Caium
659 2771 806 2842 Matium
833 2772 1027 2842 Scaevolam
1049 2781 1089 2842 ut
1107 2769 1236 2842 erranti

159 2889 317 2960 dexterae
341 2891 483 2963 inferret
518 2892 714 2963 mirandum
740 2892 827 2986 ipsis
865 2889 1024 2962 hostibus
1050 2891 1237 2964 formidan-

159 3011 314 3105 dumque
346 3013 573 3108 supplicium;
602 3011 756 3084 Attilium
779 3014 962 3104 Regulum,
988 3034 1068 3084 uum
1095 3033 1237 3085 manere

115 3172 118 3182 ·
159 3136 253 3207 domi
273 3145 402 3230 posset,
425 3146 463 3207 ut
481 3136 527 3206 ad
553 3135 631 3207 irati
657 3133 828 3207 carnificis
851 3144 1022 3208 tormenta
1045 3145 1233 3219 remearet;

159 3258 250 3329 duos
275 3259 452 3351 Scipiones
477 3268 516 3329 ut
540 3258 575 3327 in
601 3258 767 3351 Hispania
788 3259 975 3330 morientes
1002 3258 1067 3328 iter
1094 3257 1235 3328 Cartha·

159 3380 368 3472 giuensium,
384 3382 524 3474 quando
537 3381 637 3452 aliter
657 3402 725 3452 nou
747 3391 913 3474 poterant,
937 3377 1144 3472 corporibus
1163 3377 1237 3448 suis

159 3513 196 3576 ει
220 3515 331 3576 morte
356 3506 627 3600 praecluderent,
654 3505 848 3597 horumque
874 3502 1018 3575 alterius
1039 3510 1170 3589 natum,
1199 3510 1238 3571 ut

159 3627 259 3719 inops
276 3638 312 3698 et
328 3627 497 3718 inglorius
520 3627 604 3697 mori
626 3629 753 3710 mallet,
776 3648 880 3718 quarn
904 3625 1098 3695 libertatem
1120 3621 1237 3715 populi

160 3754 228 3821 ulla
254 3772 300 3823 ex
327 3762 425 3843 parte
449 3760 656 3822 concutere:
688 3749 831 3821 alterius
859 3757 895 3819 ut
920 3747 1077 3840 privatus
1109 3744 1235 3816 Tiberii

157 3874 302 3947 Gracchi
334 3873 492 3944 turbidos
523 3885 637 3945 motus
670 3883 780 3944 morte
817 3871 1081 3964 comprimeret;
1109 3870 1235 3940 multos

159 3995 240 4069 item
267 3995 354 4068 alios
381 4005 418 4067 ut
443 3993 614 4067 adversus
641 3997 872 4067 tumultuosos
899 3993 996 4063 cives
1025 3991 1146 4064 eodem
1181 4013 1236 4062 re·

160 4121 273 4193 medio
298 4132 499 4203 uterentur3
526 4119 680 4201 Marcum
707 4117 856 4210 denique
883 4113 1110 4187 recentiorem
1135 4115 1236 4215 Cato]
