2738 4680
218 313 256 373 ΘΞ
554 323 595 371 un
617 321 718 371 annus
740 320 963 370 nunnunmus

218 464 395 536 familiaris
417 457 568 544 abiiciat,
590 462 636 532 ad
656 461 722 531 boc
742 484 850 531 unum
873 460 955 531 mihi
981 458 1112 530 surdus
1134 467 1170 529 et
1188 462 1299 532 incre-

218 588 337 670 dulus
360 585 517 657 fabrilem
539 583 696 655 deseruit
721 583 909 664 officinam,
933 583 1156 678 gymnasium
1184 593 1221 655 et
1246 609 1300 657 ar-

219 714 304 782 tium
327 708 518 780 liberalium
554 707 742 799 magistros
776 707 871 791 colit,
903 705 1132 779 delectatione
1154 709 1299 797 eximia,

220 835 307 906 mira
328 855 401 928 spe,
423 853 529 924 quam
556 835 752 903 fortunatus
779 830 973 901 studiorum
994 830 1124 915 neseio,
1149 833 1213 904 sed
1240 855 1303 903 vo-

220 960 305 1043 tivo,
328 958 395 1028 nisi
414 959 526 1039 fallor,
544 956 672 1048 dignus
698 966 846 1041 eventu,
873 955 935 1047 qui
956 966 1051 1027 tanto
1072 954 1205 1049 impetu
1231 967 1300 1027 tam

220 1083 401 1155 honestam
423 1105 496 1152 rem
516 1090 679 1172 tantoque
697 1081 908 1171 reliquorum
928 1079 1082 1150 omnium
1101 1089 1302 1173 contemptu

220 1214 367 1301 appetat.
389 1207 434 1275 Et
454 1203 520 1274 sibi
541 1203 681 1296 quidem
704 1203 882 1295 ingenium
903 1204 1089 1297 fervorque
1110 1206 1232 1289 animi,
1256 1204 1303 1276 ci-

220 1329 319 1399 vitati
344 1338 459 1398 autem
485 1325 531 1395 illi
559 1325 805 1417 magistrorum
839 1326 938 1419 copia
973 1348 1112 1420 semper
1137 1329 1212 1400 fuit.
1235 1328 1302 1398 Ob

221 1463 315 1523 stare
336 1453 409 1523 sola
429 1449 569 1519 videtur
588 1459 675 1520 aetas
697 1449 864 1520 hominis:
885 1451 1048 1543 quamvis
1070 1459 1105 1522 et
1125 1451 1300 1523 Platonem

220 1587 256 1646 et
276 1576 440 1645 Catonem
463 1574 550 1644 tales
577 1573 690 1657 viros,
713 1574 808 1644 illum
831 1586 999 1666 provecta
1018 1582 1121 1645 aetate
1148 1574 1302 1668 philoso-

220 1697 328 1792 pbiae,
351 1697 444 1767 bunc
478 1696 514 1766 in
545 1706 723 1768 senectute
756 1695 879 1767 litteris
905 1695 1033 1768 Graiis·
1051 1697 1146 1769 baud
1172 1699 1302 1768 frustra

220 1842 363 1912 operam
395 1819 537 1891 dedisse
575 1830 789 1912 compertum
825 1819 882 1890 sit:
917 1821 1065 1892 fortasse
1097 1829 1214 1890 autem
1249 1819 1303 1890 hio

223 1964 320 2013 meus
341 1941 386 2014 ob
406 1940 473 2013 hoc
490 1942 601 2035 ipsum
625 1965 694 2012 non
717 1941 882 2033 indignus
904 1942 1021 2025 suerit,
1045 1944 1104 2036 qui
1125 1942 1243 2036 aliqua
1268 1942 1300 2011 in

222 2078 319 2160 parte
336 2067 402 2136 mei
422 2067 538 2159 operis
556 2065 712 2137 iuveniat
729 2068 855 2137 locum.
875 2067 939 2136 Est
955 2066 1061 2158 igitur
1080 2066 1156 2138 viro
1173 2089 1301 2137 nomen
1333 2139 1334 2143 ,

220 2191 402 2273 Henricus
425 2201 695 2282 cognomentum
718 2191 839 2282 Capra,
856 2188 1217 2284 animalexpeditum,
1240 2191 1303 2258 im-

220 2313 373 2405 pigrum,
397 2313 529 2384 bondis
551 2334 684 2396 amans,
708 2320 743 2382 et
764 2325 887 2384 natura
911 2334 1048 2405 semper
1068 2313 1103 2381 in
1121 2314 1228 2382 altum
1251 2309 1303 2380 ui-

221 2443 308 2504 teus.
330 2435 411 2505 lude
432 2445 548 2505 autem
575 2435 705 2506 dictum
732 2436 845 2507 Varro
871 2434 1023 2504 aestimat
1048 2433 1143 2528 quod
1168 2433 1302 2524 virgul-

222 2565 295 2626 tum
315 2568 448 2651 carpat,
465 2567 500 2627 ut
515 2557 559 2627 sit
573 2579 688 2649 capra,
712 2568 944 2651 transportata
967 2559 1088 2639 littera,
1110 2557 1212 2649 quasi
1229 2578 1305 2626 car-

220 2703 275 2773 pa.
297 2680 398 2764 Quod
420 2679 447 2751 si
470 2680 641 2773 cuiquam,
659 2680 752 2752 haud
773 2681 880 2753 dubie
901 2681 982 2753 huic
1002 2691 1122 2752 nostro
1145 2679 1301 2752 debitum

210 2805 326 2888 scias
353 2805 414 2898 qui
442 2804 472 2874 si
499 2827 600 2876 mane
628 2804 752 2877 silvam
779 2805 973 2897 attigisset,
1000 2805 1104 2876 crede
1126 2803 1223 2886 mihi,
1251 2802 1304 2873 di-

222 2936 373 2999 stentum
402 2912 490 2999 uber
515 2940 618 3021 atque
644 2937 783 2999 uterum
809 2928 998 2999 retulisset.
1026 2929 1107 2998 Haec
1136 2925 1196 2997 tibi
1222 2926 1301 2996 olim

221 3060 344 3121 cuncta
365 3051 561 3137 notissima,
581 3051 644 3123 sed
665 3050 842 3121 noscenda
872 3051 949 3148 aliis
978 3051 1070 3121 dicta
1104 3049 1182 3120 siut.
1202 3047 1304 3130 Quod

221 3174 380 3266 sequitur
401 3174 515 3245 adhue
536 3175 663 3245 nescis.
679 3176 740 3245 Hic
754 3196 839 3266 ergo
863 3172 939 3246 talis
961 3173 994 3243 in
1015 3197 1064 3259 se,
1087 3181 1123 3244 et
1143 3194 1230 3263 erga
1250 3192 1303 3241 me

222 3296 301 3368 talis
335 3295 535 3368 iamdudum
571 3319 672 3368 orare
704 3297 843 3383 institit,
867 3309 905 3369 ut
926 3319 1034 3389 seque
1057 3318 1230 3388 suumque
1256 3296 1305 3364 la-

221 3445 293 3495 rem
316 3421 469 3493 adventu
492 3421 656 3513 dignarer
678 3443 769 3506 meu,
789 3421 944 3493 etunius
966 3423 1086 3493 saltem
1105 3418 1305 3490 lueismora

222 3545 404 3638 sicutipse
423 3543 554 3630 aiebat,
573 3543 735 3615 omnibus
754 3545 891 3615 saeculis
910 3545 1101 3636 gloriosum
1115 3565 1156 3614 ac
1169 3541 1304 3613 felicem

220 3670 380 3741 facerem.
403 3669 476 3738 Hoc
496 3667 572 3738 eius
593 3665 807 3746 desiderium
841 3689 911 3737 non
944 3665 1078 3759 absque
1101 3664 1303 3736 difficultate

220 3791 352 3884 aliquot
384 3791 453 3862 iam
484 3813 545 3884 per
578 3810 688 3861 annos
720 3800 908 3860 traxeram.
950 3790 1051 3859 Nunc
1091 3786 1231 3859 tandem
1270 3796 1305 3860 et

220 3917 399 3988 vicinitate
425 3918 489 3987 loci
516 3924 550 3985 et
576 3938 645 3986 non
671 3912 834 4007 precibus
861 3915 973 3984 solnm
1000 3911 1064 3983 sed
1090 3911 1304 3983 obsecratio-

221 4037 324 4109 nibus
351 4048 386 4109 et
411 4039 562 4110 lacrimis
589 4039 694 4109 evicit
720 4047 758 4108 ut
783 4037 964 4121 flecteres,
998 4034 1199 4107 elatioribus
1225 4035 1305 4106 licet

221 4160 340 4232 amicis
355 4160 586 4247 obstantibus,
601 4160 730 4253 quibus
744 4160 875 4231 honore
890 4159 1031 4251 indigua
1045 4157 1227 4231 uideretur
1241 4158 1305 4228 hu-
