2738 4680
249 339 341 389 LIBER
363 338 528 390 vrousluus
549 337 938 388 succubus-uersatam
959 339 1011 387 Vll.
1112 326 1172 389 139

95 508 142 569 re,
154 503 254 556 meas
265 481 328 556 tibi
337 481 537 555 notissimas
549 481 686 576 vigilias
700 493 759 555 tuo
770 483 842 574 iugi
853 504 893 554 ac
907 483 1072 576 languido
1080 506 1172 556 mor-

95 607 189 699 tique
208 606 381 678 simillimo
395 626 543 699 sopore,
565 627 683 676 meum
708 615 744 676 et
770 604 962 677 amicorum
986 608 1117 679 cultum
1138 616 1173 677 et

93 729 322 804 amicitiarum
343 728 453 800 fidum
473 750 514 801 ac
534 749 686 821 perenne
708 726 860 798 studium
882 729 999 821 inepto
1020 729 1111 812 risu,
1138 738 1174 800 et

94 862 294 946 contemptu
308 852 500 934 hominum,
514 872 605 944 quos
623 850 744 922 videre
760 851 818 921 vel
838 850 958 922 audire
975 873 1046 923 non
1064 873 1103 923 es
1120 851 1173 922 di-

95 997 195 1070 guus,
210 973 362 1066 denique
374 985 544 1055 naturam,
561 973 677 1058 vitam,
689 993 812 1057 morea,
824 973 939 1045 studia
951 982 986 1045 et
1000 983 1173 1068 postremo

96 1121 172 1171 mea
192 1097 310 1170 omnia
327 1096 509 1169 contrariis
529 1094 684 1168 moribus
704 1105 810 1189 atque
827 1095 960 1168 artibus
980 1096 1174 1169 deformas-

97 1243 166 1304 ses3
203 1229 241 1292 ut
272 1230 439 1313 quantum
470 1219 553 1289 mihi
586 1219 705 1311 gaudii
734 1240 813 1290 mea
839 1241 939 1291 mens
968 1220 1075 1293 dabat
1104 1240 1173 1291 uon

96 1351 232 1416 exactae
250 1341 389 1434 quidem
410 1341 617 1413 innocentiae
641 1363 755 1434 neque
775 1363 914 1436 magum
934 1343 1088 1428 virtutis,
1112 1343 1175 1416 sed

96 1467 213 1538 hercle
248 1466 436 1537 voluntatis
483 1463 624 1556 optimae
673 1463 738 1536 sibi
779 1466 933 1552 conscia,
974 1466 1173 1540 tantundem

96 1592 245 1683 plusque
257 1587 387 1680 aliquid
404 1587 535 1659 doloris
547 1587 684 1658 animus
703 1583 786 1660 tuus
799 1610 841 1660 ae
854 1587 1067 1681 propositum
1080 1589 1175 1683 quod

96 1714 209 1784 celare
229 1733 294 1782 nec
316 1719 455 1803 poteras
477 1732 541 1781 nec
559 1709 713 1796 sciebaS,
730 1711 836 1784 credo
853 1710 1015 1803 equidem
1033 1734 1097 1783 nec
1112 1734 1175 1784 vo

96 1833 190 1905 lebas
215 1832 344 1927 (tantus
370 1831 487 1903 nescio
505 1831 597 1903 unde
616 1853 772 1904 mearum
790 1854 907 1904 rerum
925 1842 1028 1925 atque
1044 1834 1176 1928 opinio-

96 1979 178 2028 num
199 1965 415 2048 coutemptor
435 1953 614 2049 evaseras)
630 1966 665 2026 et
678 1953 931 2027 inaestimabilis
945 1955 1004 2026 illa
1023 1955 1176 2026 dissimi-

96 2077 203 2150 litudo
228 2088 379 2161 naturae,
406 2078 507 2171 (quae,
535 2079 566 2149 si
583 2078 736 2171 suspicio
756 2077 934 2149 hominum
958 2101 1042 2151 vera
1067 2087 1196 2165 esset,‘

97 2201 280 2292 persimilis
293 2221 374 2272 esse
392 2200 572 2293 debuerat)
597 2223 639 2272 ac
652 2201 823 2293 stupenda
843 2210 1004 2274 votorum
1021 2202 1174 2272 omnium

96 2321 282 2394 diversitas
302 2322 413 2396 daret.
436 2323 523 2407 Quae
544 2322 662 2395 omnia
686 2322 769 2395 dum
797 2322 893 2418 potui
920 2324 993 2409 tuli,
1016 2323 1079 2396 sed
1104 2333 1175 2395 tam

97 2447 250 2536 graviter
272 2454 375 2518 ulex
400 2445 563 2519 omnibus
590 2446 737 2518 sarcinis
762 2468 852 2539 quas
877 2449 944 2519 lert
970 2447 1121 2519 mundus
1141 2456 1177 2520 et

99 2569 167 2641 vita
186 2569 366 2641 hominum
388 2572 482 2642 nulla
496 2570 580 2641 mihi
599 2571 788 2655 molestior,
803 2571 896 2641 nulla
909 2580 1003 2643 esset
1020 2580 1079 2643 aut
1092 2571 1176 2643 luis·

98 2703 149 2763 set
166 2691 352 2784 indignior3
372 2714 497 2786 nempe
516 2692 573 2763 cui
592 2691 738 2764 baculus
758 2690 919 2764 imbecilli
941 2692 1038 2766 senio
1061 2693 1177 2787 provi-

98 2835 156 2886 sus
178 2816 212 2885 in
234 2814 373 2907 pondus
393 2837 434 2887 ac
455 2814 682 2907 praecipitium
708 2837 836 2887 uersus
860 2827 966 2888 esset.
994 2814 1175 2888 Substinui

99 2946 164 3008 tam
187 2935 288 3028 gravi
306 2944 341 3006 et
366 2935 566 3029 indignante
593 2936 775 3009 stomacho
799 2939 927 3009 multos
952 2936 1091 3029 quidem
1114 2961 1177 3031 per

97 3082 220 3145 annos
238 3059 333 3153 quod
355 3083 446 3132 nunc
466 3062 584 3133 miror:
600 3061 663 3132 sed
680 3060 775 3131 vires
793 3060 970 3153 patientiae
982 3062 1095 3156 pietas
1114 3062 1186 3133 da·-

98 3180 168 3268 bat,
189 3194 225 3255 et
243 3181 406 3255 obstabat
424 3188 568 3255 nauseae
587 3203 667 3277 spes
688 3183 756 3253 iam
783 3184 899 3254 tenuis
925 3185 1104 3257 mutandae
1124 3183 1177 3254 vi·

100 3313 155 3390 tae,
170 3326 252 3398 quae
264 3305 326 3376 ubi
338 3326 481 3397 prorsus
497 3305 642 3378 evanuit
655 3305 794 3378 tandem
814 3317 846 3377 te
858 3328 928 3377 non
942 3309 1060 3378 fessus
1075 3305 1176 3376 modo

99 3429 158 3500 sed
178 3430 310 3500 fractus
338 3428 438 3498 malis
464 3437 569 3520 atque
588 3437 813 3524 expugnatus
834 3429 991 3515 evomui,
1011 3439 1046 3500 et
1066 3428 1176 3498 inlau-

100 3560 188 3622 stum
213 3571 305 3621 onus
329 3549 434 3621 domo
459 3550 573 3642 exegi.
599 3551 642 3621 Et
669 3551 700 3622 si
720 3550 826 3623 linem
847 3550 944 3622 exilii
966 3551 1015 3621 tui
1031 3548 1173 3642 quaeris,

99 3669 197 3756 idem,
220 3670 316 3755 scito,
339 3694 408 3743 nou
425 3671 514 3744 alius
535 3695 640 3767 quam
660 3674 792 3767 peceati
811 3673 886 3745 erit.
911 3672 1030 3746 Victus
1056 3691 1173 3753 amor,

98 3795 272 3868 exhausta
292 3815 384 3888 spes,
404 3806 610 3889 consumpta
631 3796 796 3889 patientia
816 3818 893 3868 mea
914 3805 979 3880 est,
1003 3815 1067 3865 nec
1084 3793 1177 3864 lerre

101 3918 251 3989 telimen
273 3939 389 3989 meum
407 3928 533 4011 potest,
561 3940 626 3990 nec
646 3939 769 3989 murus
794 3939 933 4011 capere,
957 3937 1022 3988 uec
1048 3925 1177 3987 tectum

103 4045 223 4130 tegere,
244 4061 308 4111 uec
331 4040 452 4111 audire
467 4061 586 4125 aures,
601 4062 665 4112 nec
677 4038 799 4111 videre
815 4039 920 4111 oculi:
939 4036 1083 4132 proinde
1095 4037 1178 4109 dum

104 4157 129 4230 is
143 4183 181 4235 es
202 4163 266 4256 qui
285 4161 367 4234 hinc
386 4163 500 4248 abisti,
523 4172 559 4235 et
578 4174 699 4257 optare
716 4163 867 4236 reditum
889 4160 1030 4256 pudeat,
1049 4171 1083 4234 et
1100 4181 1180 4253 spe·
