2804 4656
312 313 402 359 ttttttlt
428 312 963 369 Vtubstttttsttttnlr'ltts.—Ertstutt
986 314 1017 361 ll.
1144 301 1198 361 “dlii

118 457 174 526 vel
200 455 228 524 si
256 476 325 546 quo
351 453 454 524 modo
480 475 620 545 posseS,
656 440 822 526 Tullianae
849 455 1052 526 constantiae
1073 478 1200 549 propu-

118 586 244 668 gnator
270 574 384 644 lieres
407 574 528 646 Laudo
550 576 713 659 animum,
737 599 777 648 ac
798 581 969 669 postulata
993 579 1199 661 transmitto,

118 698 213 769 dictu
236 695 392 766 mirabile
413 697 554 768 vincere
573 709 747 783 metuens,
768 699 862 769 vinci
879 701 1012 769 volens
1031 698 1076 767 Ar
1095 723 1200 770 unum

119 818 335 891 noveriszsi
361 816 488 902 vincis,
526 820 603 910 plus
640 817 698 889 tibi
732 820 862 910 negotii
889 841 1074 911 superesse
1096 842 1201 911 quam

119 938 245 1036 putasi
279 941 352 1035 pari
385 942 515 1011 etenim
547 940 663 1013 duello
692 941 848 1012 Annaeus
876 943 1008 1011 Seneca
1036 943 1204 1035 tepescit

119 1064 296 1149 athletam,
310 1085 415 1157 quem
429 1063 590 1157 proxima
605 1064 736 1134 scilicet
748 1063 858 1156 carpit
870 1063 1024 1156 epistola.
1040 1065 1125 1135 Lusi
1137 1087 1204 1156 ego

120 1209 201 1259 cum
224 1186 280 1256 his
301 1187 438 1277 magnis
459 1185 622 1275 ingeniis,
641 1186 824 1256 temerarie
841 1185 995 1270 forsitan,
1011 1185 1071 1258 sed
1086 1208 1203 1257 auran-

121 1322 188 1392 ter,
212 1308 275 1379 sed
295 1309 468 1391 dolenter,
492 1305 556 1378 sed
577 1320 615 1379 ut
636 1330 714 1379 reor
736 1330 834 1392 vere,
850 1309 1035 1399 aliquanto,
1051 1311 1202 1402 inquam,

121 1433 242 1502 verius
271 1433 379 1523 'quam
413 1431 551 1501 vellem.
586 1431 693 1501 Multa
726 1453 780 1501 me
814 1430 848 1499 in
886 1430 953 1500 illis
974 1430 1203 1514 delectabant,

122 1575 233 1645 pauca
267 1551 463 1624 turbabant.
489 1554 539 1627 De
564 1551 619 1623 his
646 1551 709 1623 tuit
734 1554 884 1646 impetus
921 1561 958 1623 ut
991 1553 1203 1634 scriberem,

120 1680 182 1770 qui
204 1678 308 1759 hodie
329 1679 417 1749 sorte
437 1698 505 1746 nou
527 1687 633 1747 esset.
656 1676 824 1761 Quamvis
850 1677 941 1747 enim
968 1676 1046 1747 haee
1066 1687 1206 1770 propter

121 1799 438 1872 dissimilitudinem
465 1799 622 1870 materiae
649 1798 694 1869 ad
719 1809 879 1869 extrema
905 1797 1098 1881 reiecerim,
1126 1809 1206 1870 aute

122 1921 264 2009 longum
287 1930 401 1990 tamen
424 1928 561 2010 tempus
581 1919 817 1990 excuderam:
845 1918 960 1991 adhuc
986 1918 1126 2009 quidem
1153 1918 1206 1987 vi-

123 2063 241 2112 rorum
262 2041 380 2113 talium
403 2042 575 2111 fortunam
602 2040 716 2122 doleo,
745 2040 898 2111 sednon
921 2039 1036 2110 minus
1057 2042 1204 2134 culpem.

123 2161 194 2232 Nec
216 2172 248 2232 te
269 2173 453 2255 praetereat
473 2183 540 2232 non
563 2183 619 2232 me
640 2162 784 2232 Senecae
806 2161 926 2245 vitam,
949 2169 1009 2233 aut
1030 2160 1205 2231 Ciceronis

122 2306 209 2375 erga
245 2282 503 2376 Rempubllcam
534 2284 701 2357 damnare
725 2283 952 2377 propositum.
987 2283 1084 2354 Neve
1113 2281 1204 2354 duas

127 2408 203 2477 lites
222 2405 379 2478 misceas.
402 2408 452 2476 De
473 2407 640 2480 Cicerone
661 2428 753 2477 nunc
774 2405 902 2497 agitur,
921 2427 1025 2497 quem
1057 2407 1206 2497 vigilan-

124 2530 296 2601 tissimum
334 2539 438 2621 atque
469 2530 636 2624 optimum
668 2539 703 2599 et
736 2531 921 2600 salutarem
956 2509 1135 2601 consulem
1165 2551 1206 2600 ac

124 2674 263 2746 semper
282 2652 559 2724 amantissimum
583 2653 704 2745 patriae
724 2652 837 2749 civem
861 2654 954 2723 novi.
982 2652 1072 2736 Quid
1098 2655 1206 2743 ergo?

123 2777 265 2848 Varium
287 2775 329 2855 in,
344 2776 504 2848 amicitiis
525 2779 687 2858 animum,
712 2785 747 2845 et
767 2796 814 2844 ex
831 2775 970 2845 levibus
989 2776 1106 2846 causis
1123 2774 1212 2846 alie

125 2902 281 2971 nationes
302 2899 531 2989 gravissimas
553 2912 658 2992 atque
679 2897 861 2989 pestiferas
884 2895 962 2980 sibi,
991 2909 1025 2968 et
1051 2899 1134 2967 nulli
1155 2898 1204 2968 rei

126 3023 244 3101 utiles,
271 3022 304 3090 in
338 3019 568 3091 discernendo
602 3022 747 3113 insuper
780 3040 844 3089 suo
878 3039 918 3088 ac
951 3017 1088 3110 publico
1114 3031 1206 3093 statu

124 3144 289 3218 iudicium
310 3143 445 3236 reliquo
462 3143 509 3213 illi
528 3164 592 3214 suo
609 3143 721 3234 impar
737 3141 908 3213 acumini:
927 3142 972 3237 ad
990 3153 1204 3233 postremum

125 3269 201 3340 sine
222 3269 334 3339 fructu
355 3265 506 3337 iuvenile
532 3264 717 3337 altercandi
745 3263 897 3335 studium
925 3265 957 3334 in
985 3286 1069 3337 sene
1094 3265 1206 3359 philo

125 3392 236 3482 sopho
256 3413 325 3462 non
345 3388 465 3471 laud0,
488 3411 636 3480 quorum
659 3386 754 3471 scito,
778 3409 891 3478 neque
914 3397 955 3471 te,
972 3409 1083 3480 neque
1097 3389 1203 3457 alium

125 3510 314 3602 quemlibet
342 3531 482 3602 aequum
509 3507 657 3580 iudicem
688 3507 762 3581 lieri
795 3529 912 3600 posse,
940 3507 1006 3576 nisi
1041 3506 1202 3579 omnibus

126 3632 301 3704 Ciceronis
322 3631 492 3723 epistolis,
515 3631 608 3703 unde
629 3653 671 3703 ea
693 3631 733 3701 lis
755 3632 878 3713 oritur,
902 3651 970 3700 non
989 3653 1008 3701 a
1027 3639 1203 3701 transcur-

127 3766 223 3826 rente
245 3755 415 3846 perlectis.
438 3754 534 3824 Vale.

268 3908 317 3962 lll.
334 3906 400 3963 ldus
416 3907 510 3962 Maiae.
529 3906 567 3961 Ex
583 3907 690 3962 itinero.

626 4147 702 4158 ‘-
