2804 4656
291 309 385 358 erasa
406 307 769 358 vrcusruusrsurrus-
783 309 936 358 nrrsrom
958 307 1031 357 xvrr.
1132 291 1193 355 233

114 458 340 541 negaturum3
363 446 426 518 sed
447 445 552 517 habet
574 444 641 517 sub
657 446 732 516 iure
748 445 885 517 Photini
905 445 1050 517 affectus
1071 465 1193 517 enses-

114 593 184 664 que
220 591 327 641 suos:
358 569 459 640 doleo
493 580 634 662 propter
660 569 783 661 ipsam,
815 579 1032 670 propterte,
1055 579 1194 661 propter

115 691 246 777 honos,
277 711 375 762 raros
409 692 502 774 licet,
536 690 686 782 denique
720 701 861 786 propter
893 690 1035 774 ltaliam,
1066 690 1196 783 inqua

116 815 270 909 aegyptia
303 823 459 885 monstra
490 813 637 905 regnare
667 813 952 885 molestissimum
977 814 1093 885 animo
1119 834 1196 885 meo

117 948 195 1019 est;
229 948 370 1030 propter
403 959 459 1007 me
490 946 606 1007 antem
638 936 744 1008 nihil:
780 937 874 1029 quod
907 947 942 1008 et
974 947 1045 1008 tam
1078 938 1196 1030 procul

117 1059 200 1132 inde
220 1058 332 1132 absim
356 1072 392 1130 ut
412 1081 466 1131 me
487 1059 554 1131 ista
576 1081 643 1130 non
666 1068 823 1151 tangant,
841 1069 877 1130 et
896 1071 977 1132 ante
996 1081 1106 1132 annos
1123 1061 1198 1152 plu-

119 1184 228 1253 rimos
254 1203 412 1274 praesens
446 1182 539 1274 apud
572 1181 683 1273 ipsam
714 1182 748 1251 in
782 1181 930 1254 confinio
963 1183 1134 1256 felicitatis
1159 1164 1221 1254 ac

120 1303 273 1376 miseriae
293 1303 440 1397 positam
461 1303 713 1397 Parthenopam
740 1326 828 1395 pene
848 1305 957 1376 oculis
979 1306 1106 1375 malum
1133 1303 1200 1376 hoo

121 1450 223 1499 omne
236 1425 466 1520 praeviderim,
481 1435 586 1518 atque
599 1426 832 1518 praedixerim,
842 1427 956 1518 deque
969 1427 1036 1498 lroc
1049 1427 1200 1520 scripse·
1238 1475 1242 1487 ,

121 1551 186 1621 rim
207 1549 302 1641 qued
324 1570 423 1618 mens
451 1549 548 1619 tulit:
585 1548 729 1642 proinde
760 1546 916 1619 divinum
951 1572 992 1621 ac
1024 1548 1199 1621 sidereum

122 1673 218 1743 illum
253 1693 369 1761 regem
395 1671 477 1740 olim
497 1671 597 1740 terris
623 1683 796 1764 ereptum,
818 1673 907 1742 coelo
927 1669 1112 1756 redditum,
1140 1672 1200 1763 qui

123 1792 338 1885 grandaevus
371 1791 586 1864 iuventutem
622 1813 733 1862 meam
767 1792 929 1884 quamvis
964 1794 1052 1863 ultra
1086 1814 1201 1863 meum

124 1917 301 1999 meritum,
325 1918 426 2007 longe
449 1926 561 1987 tamen
582 1916 667 1985 citra
690 1937 793 1985 suum
819 1914 1031 1985 desiderium
1057 1936 1099 1986 ac
1123 1936 1203 2009 pro

124 2038 287 2132 positum,
301 2039 421 2110 nescio
440 2061 544 2130 quam
567 2036 678 2120 claris,
701 2046 795 2107 certe
816 2036 1002 2108 admodum
1018 2036 1106 2108 raris
1118 2035 1203 2107 insi-

126 2161 253 2252 gnibus
279 2161 487 2243 honestavit,
507 2180 704 2252 nomenque
724 2159 801 2229 eius
821 2158 1026 2230 etcinerem
1048 2168 1083 2228 et
1103 2158 1199 2250 quid-

126 2284 210 2378 quid
224 2306 288 2355 suo
300 2286 344 2356 da
357 2283 526 2375 sangnine
540 2291 653 2353 ortum
664 2279 808 2354 eritfide
822 2291 988 2374 perpetua
999 2279 1202 2353 venerabor.

126 2403 164 2474 ld
185 2428 241 2476 me
261 2405 327 2476 sibi
351 2406 537 2498 pollicitum
561 2413 596 2474 et
621 2404 784 2496 implesse
811 2403 898 2486 scio,
922 2413 957 2475 et
982 2402 1202 2496 impleturum

67 2589 70 2594 .
128 2523 251 2590 saltem
285 2541 397 2614 spero,
423 2521 478 2590 Nil
507 2521 552 2592 ad
582 2520 647 2593 hoc
672 2519 871 2593 recentibus
903 2517 1083 2590 beneficiis
1114 2539 1203 2612 opus

127 2653 193 2726 est,
214 2664 293 2712 cum
314 2642 453 2714 abunde
475 2644 519 2714 sit
543 2653 713 2716 veterum.
735 2642 836 2726 Quod
857 2641 902 2713 ad
923 2651 957 2713 te
977 2650 1093 2712 autem
1111 2639 1202 2712 idem

127 2762 225 2835 dico:
247 2786 372 2856 nempe
393 2765 487 2854 quod
508 2766 543 2834 in
562 2778 594 2836 te
611 2766 674 2835 luit
691 2763 901 2856 praestitisti,
930 2765 996 2833 etsi
1025 2763 1205 2833 caritatem

127 2887 217 2956 livor
247 2884 386 2970 vicerit,
423 2899 459 2957 ut
492 2907 567 2956 mos
599 2894 667 2970 est,
696 2886 878 2976 cariorque
905 2884 987 2953 mihi
1017 2887 1126 2956 multo
1151 2893 1207 2958 est

127 3007 289 3077 inefficax
310 3003 415 3091 fides,
437 3027 540 3096 quarn
561 3007 687 3076 efficax
707 3003 863 3099 perfidia.
889 3003 935 3076 At
959 3006 1053 3098 quod
1080 3006 1125 3077 ad
1144 3029 1206 3078 au-

127 3131 215 3202 licos
236 3132 357 3213 caue's,
375 3127 460 3198 nihil
481 3128 560 3199 dico
580 3128 675 3212 aliud
696 3149 760 3199 nee
779 3127 883 3199 video
903 3128 998 3221 quod
1018 3130 1121 3200 altius
1139 3127 1205 3199 diei

128 3251 256 3346 possit,
279 3250 382 3321 modo
407 3250 489 3320 milri
514 3250 712 3335 conveniat,
748 3272 852 3343 quam
879 3251 1076 3322 Caesareum
1103 3248 1204 3320 illud:

129 3376 222 3459 altit,
244 3374 336 3444 eninr
357 3372 477 3465 inquit,
499 3368 584 3445 anolo
608 3395 706 3462 quom
726 3384 757 3442 et
777 3395 828 3442 rrae
847 3374 913 3442 urai
926 3374 1065 3443 similent
1085 3391 1150 3438 aare
1176 3380 1207 3438 et

129 3498 200 3566 illos
219 3497 280 3565 rui.
303 3495 405 3566 Certa
425 3516 491 3584 ego
513 3505 714 3587 paupertate
742 3516 819 3566 mea
845 3494 945 3564 dives
972 3513 1063 3574 sum,
1092 3512 1206 3581 neque

130 3618 166 3689 id
185 3640 263 3689 meo
283 3627 416 3690 tautum
440 3615 502 3687 sed
524 3619 708 3687 multorum
733 3616 860 3688 iudicio
883 3627 918 3686 et
941 3634 1137 3685 consensu:
1159 3612 1206 3682 illi

130 3740 254 3833 opibus
277 3742 350 3811 suis
372 3740 491 3831 inopes
513 3761 553 3810 ac
576 3738 738 3823 mendici,
774 3753 878 3830 atque
910 3735 1042 3807 utinam
1066 3732 1207 3804 dolituri

131 3862 245 3932 acrius
267 3862 296 3932 si
321 3860 411 3932 scire
437 3871 593 3953 possent,
621 3871 751 3952 quanto
785 3858 867 3928 milri
902 3856 962 3926 uni
992 3855 1207 3947 tranquillior

130 3983 327 4076 feliciorque
343 3984 419 4055 dias
443 4005 543 4067 unde,
566 4006 670 4076 quam
692 3983 759 4052 illis
781 3977 943 4049 omnibus
966 3987 1035 4049 tota
1055 3986 1110 4048 est
1135 3976 1208 4047 vita

131 4105 277 4178 obsessa
300 4107 395 4178 curis
422 4107 600 4200 pessimis,
637 4103 872 4200 voluptatibus
902 4101 1004 4173 loedis
1030 4119 1204 4182 marcens,
