2992 4664
192 274 251 334 3ll
656 285 817 335 rualenum

196 464 212 500 s
240 446 294 506 tos
316 436 434 505 valeas
452 453 638 527 percurare
660 435 883 523 languentes:
906 443 941 504 et
962 436 1082 526 siqua
1104 436 1199 506 ferro
1220 436 1281 504 vel

196 587 211 623 n
242 571 321 629 ustu
343 565 464 628 curata
491 530 558 626 nou
586 566 685 641 sunt,
715 556 784 627 tuis
809 554 1024 628 orationibus
1051 579 1130 628 cum
1155 557 1280 652 Moyse

196 709 211 747 n
240 683 316 752 leva
340 702 477 751 manum
505 679 548 750 ad
573 680 699 749 coelum
723 689 942 772 pugnaturus
968 680 1130 774 precibus
1151 689 1187 751 et
1207 702 1280 751 non

197 833 211 869 a
239 805 328 876 telis.
356 803 474 873 Aaron
496 813 531 874 et
550 803 663 887 losue,
686 802 852 879 fortitudo
878 803 1008 874 scilicet
1033 801 1139 872 animi
1164 814 1200 876 et
1225 803 1280 874 di-

194 954 209 989 »
238 927 397 997 lectionis
435 924 581 1008 caritas,
620 933 651 993 te
678 923 801 996 sedere
829 925 955 996 faciant
983 946 1088 1018 super
1117 936 1276 1017 petram,
1367 1011 1373 1018 ⁵

195 1078 211 1114 n
240 1070 434 1142 manusque
462 1057 661 1119 sustentent
683 1057 761 1118 tuas
787 1059 825 1120 ut
854 1046 901 1119 ad
939 1047 1056 1120 infima
1083 1071 1151 1119 non
1172 1048 1280 1119 decli-

196 1201 211 1237 »
241 1183 333 1243 nent.
359 1172 583 1252 Venenosum
616 1182 812 1241 monstrum
844 1171 1034 1241 humanum
1070 1169 1277 1261 sanguinem

196 1323 211 1360 s
240 1317 371 1369 vorans
407 1293 632 1376 Constantini,
669 1294 838 1365 Silvester
868 1295 953 1364 vicit
985 1305 1021 1365 et
1053 1293 1213 1384 alligavit
1244 1296 1278 1363 in

109 1503 110 1507 Ἴ
199 1450 214 1485 s
243 1419 382 1492 eremis.
405 1417 461 1487 Sic
489 1426 523 1485 tu
546 1416 714 1487 Silvester
740 1418 843 1502 alter,
868 1416 897 1486 si
917 1437 985 1486 uon
1007 1413 1142 1487 recedis
1166 1438 1187 1488 a
1209 1437 1276 1500 me,
1307 1512 1310 1521 Ι

197 1573 212 1606 s
241 1542 318 1611 istic
348 1540 508 1630 alligabis
538 1539 696 1631 aspidem
731 1541 963 1626 virulentum,
996 1550 1031 1611 et
1063 1561 1143 1609 cum
1176 1539 1279 1609 losue

199 1693 213 1728 s
243 1674 365 1756 gentes
391 1661 627 1733 amalechitas
652 1661 885 1734 conculcabis.
905 1664 1126 1755 Expressum
1148 1672 1279 1756 myste-

197 1817 211 1850 n
248 1787 337 1857 rium
358 1786 423 1857 sed
453 1786 555 1856 latius
581 1787 667 1857 alias
700 1784 979 1878 exprimendum.
1011 1758 1113 1868 Qdod
1146 1784 1279 1854 simeo

198 1940 212 1974 n
243 1932 311 1980 non
333 1910 541 2002 adquiescas
563 1907 731 1993 hortatui,
754 1908 787 1976 in
810 1906 902 1977 viam
926 1905 986 1976 tibi
1007 1905 1125 1977 obviet
1144 1906 1204 1998 qui
1225 1926 1280 1974 re-

196 2060 212 2095 »
242 2033 382 2125 spondit
396 2034 498 2102 Petro
512 2029 698 2102 recedenti:
720 2058 734 2095 n
757 2030 834 2112 Quo
844 2028 947 2100 vadis
963 2026 1127 2099 domine?
1145 2057 1160 2093 s
1180 2024 1279 2099 Vade

197 2181 212 2217 n
242 2156 384 2228 Romam
403 2155 527 2226 iterum
545 2151 713 2244 crucifigi.
737 2153 810 2223 Deo
831 2151 975 2242 gratias.
998 2150 1119 2222 Amen.
1142 2180 1157 2214 r

614 2591 793 2655 urts'ltttt
818 2596 864 2657 ll'.

311 2783 505 2832 runuclscus
527 2783 696 2833 Purutact
718 2785 818 2834 MODIO
840 2787 1002 2835 Plausus!
1023 2790 1049 2837 S.
1072 2789 1100 2837 P.
1122 2791 1153 2837 D.

237 2919 287 2975 vIle
302 2920 378 2976 obitu
392 2922 493 2976 Azouis
507 2923 542 2977 de
558 2921 691 2994 corrigio.
714 2924 847 2988 Queritur
861 2925 992 2995 epistolas
1006 2940 1071 3003 suas
1085 2924 1226 2997 intercipi,

456 3017 483 3066 et
498 3013 631 3068 nonnulla
646 3013 680 3067 de
696 3013 805 3084 scriptis
820 3014 877 3070 suis
893 3014 1015 3068 mandat.

245 3316 247 3319 .
288 3239 425 3326 Amice,
447 3241 575 3333 qulbus
597 3245 715 3329 oculis,
738 3267 809 3339 quo
825 3250 941 3320 animo
958 3249 1090 3321 litteras
1113 3261 1193 3321 tuas
1214 3249 1276 3321 du·

192 3364 366 3457 miuaeque
392 3373 521 3434 nostrae
547 3387 588 3438 ac
617 3367 784 3438 iuvenum
805 3371 1025 3442 dominorum
1053 3372 1209 3464 legerim,
1237 3379 1276 3441 ut

192 3487 326 3567 sileam,
351 3488 463 3572 nosti;
497 3491 661 3580 quamvis
688 3491 971 3566 ,infelicissimum
1006 3518 1180 3568 rumorem
1202 3496 1275 3570 vdiu

190 3621 271 3682 ante
286 3612 384 3680 -fama
405 3621 567 3682 narrante
584 3633 844 3704 cognoscerem,
868 3640 937 3709 quo
954 3619 1072 3691 audito
1092 3619 1181 3690 inter
1204 3620 1275 3689 sin-

191 3735 308 3822 gultus
336 3741 371 3801 et
400 3733 560 3804 lacrimas
587 3735 710 3829 scripsi
739 3739 855 3809 nescio
887 3741 972 3831 quid
998 3743 1272 3833 longiusculum,

192 3853 286 3943 quod
307 3874 376 3923 non
398 3856 478 3924 misi
503 3857 634 3927 veritus
660 3874 780 3929 eorum
810 3861 926 3946 taedia,
953 3864 1115 3955 quicum
1139 3863 1185 3932 nil
1211 3861 1273 3933 de-

192 3983 343 4060 gustent,
359 3975 474 4071 omnia
491 3977 707 4063 mortificant,
723 3992 758 4052 et
771 4004 852 4074 quae
874 4006 940 4056 non
963 3986 1115 4080 capiunt,
1130 3985 1276 4078 cupiunt

192 4112 233 4162 ac
251 4096 404 4187 rapiunt:
434 4097 618 4173 bellatores
637 4103 804 4194 Ligurum
830 4088 976 4200 loquor,
992 4109 1052 4202 qui
1078 4109 1275 4202 importuna
