<?xml version="1.0" encoding="UTF-8"?>
<!DOCTYPE html PUBLIC "-//W3C//DTD XHTML 1.0 Transitional//EN"
    "http://www.w3.org/TR/xhtml1/DTD/xhtml1-transitional.dtd">
<html xmlns="http://www.w3.org/1999/xhtml" xml:lang="en" lang="en">
 <head>
  <title>
</title>
<meta http-equiv="Content-Type" content="text/html;charset=utf-8" />
  <meta name='ocr-system' content='tesseract 3.04.00' />
  <meta name='ocr-capabilities' content='ocr_page ocr_carea ocr_par ocr_line ocrx_word'/>
</head>
<body>
  <div class='ocr_page' id='page_1' title='image "./franciscipetrar00fracgoog_0272.png"; bbox 0 0 2804 4656; ppageno 0'>
   <div class='ocr_carea' id='block_1_1' title="bbox 310 287 1198 371">
    <p class='ocr_par' dir='ltr' id='par_1_1' title="bbox 310 287 1198 371">
     <span class='ocr_line' id='line_1_1' title="bbox 310 287 1198 371; baseline -0.008 -8"><span class='ocrx_word' id='word_1_1' title='bbox 310 313 403 364; x_wconf 81' lang='lat' dir='ltr'>tiana</span> <span class='ocrx_word' id='word_1_2' title='bbox 425 287 966 371; x_wconf 77' lang='lat' dir='ltr'>vrunsntusoulnrus—naisr&#39;ona</span> <span class='ocrx_word' id='word_1_3' title='bbox 988 309 1007 356; x_wconf 90' lang='lat'>1.</span> <span class='ocrx_word' id='word_1_4' title='bbox 1139 294 1198 357; x_wconf 80' lang='lat'>255</span> 
     </span>
    </p>
   </div>
   <div class='ocr_carea' id='block_1_2' title="bbox 73 451 1205 4224">
    <p class='ocr_par' dir='ltr' id='par_1_2' title="bbox 112 451 1201 2386">
     <span class='ocr_line' id='line_1_2' title="bbox 113 451 1197 548; baseline -0.006 -22"><span class='ocrx_word' id='word_1_5' title='bbox 113 454 203 526; x_wconf 74' lang='lat' dir='ltr'>mihi.</span> <span class='ocrx_word' id='word_1_6' title='bbox 218 457 321 548; x_wconf 87' lang='lat' dir='ltr'>quale</span> <span class='ocrx_word' id='word_1_7' title='bbox 343 464 424 526; x_wconf 89' lang='lat' dir='ltr'>tunc</span> <span class='ocrx_word' id='word_1_8' title='bbox 444 457 571 537; x_wconf 83' lang='lat' dir='ltr'>tuerat,</span> <span class='ocrx_word' id='word_1_9' title='bbox 591 475 663 525; x_wconf 93' lang='lat' dir='ltr'>non</span> <span class='ocrx_word' id='word_1_10' title='bbox 684 452 762 524; x_wconf 90' lang='lat' dir='ltr'>dico</span> <span class='ocrx_word' id='word_1_11' title='bbox 782 452 866 524; x_wconf 91' lang='lat' dir='ltr'>dum</span> <span class='ocrx_word' id='word_1_12' title='bbox 893 451 1077 545; x_wconf 86' lang='lat' dir='ltr'>epistolam</span> <span class='ocrx_word' id='word_1_13' title='bbox 1104 451 1197 521; x_wconf 87' lang='lat' dir='ltr'>illam</span> 
     </span>
     <span class='ocr_line' id='line_1_3' title="bbox 114 570 1200 672; baseline -0.006 -23"><span class='ocrx_word' id='word_1_14' title='bbox 114 575 266 672; x_wconf 75' lang='lat' dir='ltr'>scripsi,</span> <span class='ocrx_word' id='word_1_15' title='bbox 285 575 347 647; x_wconf 91' lang='lat' dir='ltr'>sed</span> <span class='ocrx_word' id='word_1_16' title='bbox 380 575 466 646; x_wconf 91' lang='lat' dir='ltr'>dum</span> <span class='ocrx_word' id='word_1_17' title='bbox 496 574 586 645; x_wconf 88' lang='lat' dir='ltr'>hanc</span> <span class='ocrx_word' id='word_1_18' title='bbox 616 570 771 646; x_wconf 85' lang='lat' dir='ltr'>scribere</span> <span class='ocrx_word' id='word_1_19' title='bbox 804 573 927 664; x_wconf 85' lang='lat' dir='ltr'>incepi.</span> <span class='ocrx_word' id='word_1_20' title='bbox 961 571 1059 642; x_wconf 90' lang='lat' dir='ltr'>Nunc</span> <span class='ocrx_word' id='word_1_21' title='bbox 1080 593 1136 654; x_wconf 88' lang='lat' dir='ltr'>eo,</span> <span class='ocrx_word' id='word_1_22' title='bbox 1163 582 1200 643; x_wconf 89' lang='lat' dir='ltr'>et</span> 
     </span>
     <span class='ocr_line' id='line_1_4' title="bbox 115 695 1199 788; baseline -0.003 -18"><span class='ocrx_word' id='word_1_23' title='bbox 115 700 206 771; x_wconf 90' lang='lat' dir='ltr'>sicut</span> <span class='ocrx_word' id='word_1_24' title='bbox 225 699 380 771; x_wconf 85' lang='lat' dir='ltr'>calamus</span> <span class='ocrx_word' id='word_1_25' title='bbox 401 697 459 769; x_wconf 92' lang='lat' dir='ltr'>hic</span> <span class='ocrx_word' id='word_1_26' title='bbox 478 708 647 780; x_wconf 91' lang='lat' dir='ltr'>movetur,</span> <span class='ocrx_word' id='word_1_27' title='bbox 670 697 722 768; x_wconf 86' lang='lat' dir='ltr'>sic</span> <span class='ocrx_word' id='word_1_28' title='bbox 742 718 809 788; x_wconf 89' lang='lat' dir='ltr'>ego</span> <span class='ocrx_word' id='word_1_29' title='bbox 831 716 986 778; x_wconf 89' lang='lat' dir='ltr'>moveor,</span> <span class='ocrx_word' id='word_1_30' title='bbox 1012 695 1074 766; x_wconf 92' lang='lat' dir='ltr'>sed</span> <span class='ocrx_word' id='word_1_31' title='bbox 1093 697 1199 767; x_wconf 92' lang='lat' dir='ltr'>multo</span> 
     </span>
     <span class='ocr_line' id='line_1_5' title="bbox 112 818 1198 913; baseline -0.003 -22"><span class='ocrx_word' id='word_1_32' title='bbox 112 821 292 893; x_wconf 91' lang='lat' dir='ltr'>velocius:</span> <span class='ocrx_word' id='word_1_33' title='bbox 326 819 384 890; x_wconf 93' lang='lat' dir='ltr'>hic</span> <span class='ocrx_word' id='word_1_34' title='bbox 414 819 507 890; x_wconf 91' lang='lat' dir='ltr'>enim</span> <span class='ocrx_word' id='word_1_35' title='bbox 533 820 633 913; x_wconf 88' lang='lat' dir='ltr'>pigre</span> <span class='ocrx_word' id='word_1_36' title='bbox 658 819 802 898; x_wconf 77' lang='lat' dir='ltr'>dictanti</span> <span class='ocrx_word' id='word_1_37' title='bbox 828 821 944 891; x_wconf 89' lang='lat' dir='ltr'>animo</span> <span class='ocrx_word' id='word_1_38' title='bbox 969 818 1198 911; x_wconf 83' lang='lat' dir='ltr'><strong>obsequitur:</strong></span> 
     </span>
     <span class='ocr_line' id='line_1_6' title="bbox 113 943 1200 1037; baseline -0.002 -21"><span class='ocrx_word' id='word_1_39' title='bbox 113 966 182 1036; x_wconf 88' lang='lat' dir='ltr'>ego</span> <span class='ocrx_word' id='word_1_40' title='bbox 201 943 286 1014; x_wconf 91' lang='lat' dir='ltr'>dum</span> <span class='ocrx_word' id='word_1_41' title='bbox 306 953 441 1013; x_wconf 82' lang='lat' dir='ltr'>naturae</span> <span class='ocrx_word' id='word_1_42' title='bbox 459 944 572 1034; x_wconf 86' lang='lat' dir='ltr'>legem</span> <span class='ocrx_word' id='word_1_43' title='bbox 595 963 736 1035; x_wconf 87' lang='lat' dir='ltr'>sequor,</span> <span class='ocrx_word' id='word_1_44' title='bbox 758 955 923 1037; x_wconf 88' lang='lat' dir='ltr'>propero,</span> <span class='ocrx_word' id='word_1_45' title='bbox 944 962 1064 1026; x_wconf 89' lang='lat' dir='ltr'>curro,</span> <span class='ocrx_word' id='word_1_46' title='bbox 1086 943 1200 1036; x_wconf 88' lang='lat' dir='ltr'>rapior</span> 
     </span>
     <span class='ocr_line' id='line_1_7' title="bbox 113 1063 1199 1158; baseline 0.001 -22"><span class='ocrx_word' id='word_1_47' title='bbox 113 1065 160 1149; x_wconf 78' lang='lat' dir='ltr'>sd</span> <span class='ocrx_word' id='word_1_48' title='bbox 185 1077 359 1146; x_wconf 85' lang='lat' dir='ltr'>extrema,</span> <span class='ocrx_word' id='word_1_49' title='bbox 394 1063 533 1157; x_wconf 90' lang='lat' dir='ltr'>iamque</span> <span class='ocrx_word' id='word_1_50' title='bbox 567 1065 677 1136; x_wconf 88' lang='lat' dir='ltr'>oculis</span> <span class='ocrx_word' id='word_1_51' title='bbox 711 1077 839 1136; x_wconf 91' lang='lat' dir='ltr'>metam</span> <span class='ocrx_word' id='word_1_52' title='bbox 873 1087 988 1137; x_wconf 90' lang='lat' dir='ltr'>cerno.</span> <span class='ocrx_word' id='word_1_53' title='bbox 1023 1064 1199 1158; x_wconf 86' lang='lat' dir='ltr'>Quidquid</span> 
     </span>
     <span class='ocr_line' id='line_1_8' title="bbox 114 1187 1199 1285; baseline 0 -25"><span class='ocrx_word' id='word_1_54' title='bbox 114 1190 243 1285; x_wconf 76' lang='lat' dir='ltr'>placuit</span> <span class='ocrx_word' id='word_1_55' title='bbox 261 1187 431 1281; x_wconf 87' lang='lat' dir='ltr'>displicet,</span> <span class='ocrx_word' id='word_1_56' title='bbox 460 1187 631 1280; x_wconf 84' lang='lat' dir='ltr'>quidquid</span> <span class='ocrx_word' id='word_1_57' title='bbox 656 1187 831 1280; x_wconf 80' lang='lat' dir='ltr'>displicuit</span> <span class='ocrx_word' id='word_1_58' title='bbox 864 1190 986 1282; x_wconf 89' lang='lat' dir='ltr'>placet.</span> <span class='ocrx_word' id='word_1_59' title='bbox 1022 1189 1097 1280; x_wconf 85' lang='lat' dir='ltr'>Ego</span> <span class='ocrx_word' id='word_1_60' title='bbox 1123 1188 1199 1282; x_wconf 88' lang='lat' dir='ltr'>ipse</span> 
     </span>
     <span class='ocr_line' id='line_1_9' title="bbox 114 1311 1200 1407; baseline 0.003 -24"><span class='ocrx_word' id='word_1_61' title='bbox 114 1312 199 1383; x_wconf 91' lang='lat' dir='ltr'>mihi</span> <span class='ocrx_word' id='word_1_62' title='bbox 221 1313 349 1406; x_wconf 86' lang='lat' dir='ltr'>placui,</span> <span class='ocrx_word' id='word_1_63' title='bbox 376 1332 432 1382; x_wconf 89' lang='lat' dir='ltr'>me</span> <span class='ocrx_word' id='word_1_64' title='bbox 458 1312 589 1384; x_wconf 83' lang='lat' dir='ltr'>dilexi:</span> <span class='ocrx_word' id='word_1_65' title='bbox 622 1335 728 1396; x_wconf 91' lang='lat' dir='ltr'>nunc,</span> <span class='ocrx_word' id='word_1_66' title='bbox 763 1312 856 1407; x_wconf 91' lang='lat' dir='ltr'>quid.</span> <span class='ocrx_word' id='word_1_67' title='bbox 878 1311 1014 1384; x_wconf 80' lang='lat' dir='ltr'>dicam?</span> <span class='ocrx_word' id='word_1_68' title='bbox 1035 1314 1103 1386; x_wconf 90' lang='lat' dir='ltr'>odi.</span> <span class='ocrx_word' id='word_1_69' title='bbox 1130 1312 1200 1386; x_wconf 86' lang='lat' dir='ltr'>Sed</span> 
     </span>
     <span class='ocr_line' id='line_1_10' title="bbox 115 1434 1197 1528; baseline 0.002 -23"><span class='ocrx_word' id='word_1_70' title='bbox 115 1435 288 1506; x_wconf 91' lang='lat' dir='ltr'>mentior:</span> <span class='ocrx_word' id='word_1_71' title='bbox 319 1457 424 1507; x_wconf 91' lang='lat' dir='ltr'>nemo</span> <span class='ocrx_word' id='word_1_72' title='bbox 456 1457 609 1528; x_wconf 89' lang='lat' dir='ltr'>unquam</span> <span class='ocrx_word' id='word_1_73' title='bbox 642 1456 782 1507; x_wconf 89' lang='lat' dir='ltr'>carnem</span> <span class='ocrx_word' id='word_1_74' title='bbox 818 1456 919 1506; x_wconf 87' lang='lat' dir='ltr'>suam</span> <span class='ocrx_word' id='word_1_75' title='bbox 952 1434 1033 1508; x_wconf 92' lang='lat' dir='ltr'>odio</span> <span class='ocrx_word' id='word_1_76' title='bbox 1063 1434 1197 1508; x_wconf 87' lang='lat' dir='ltr'>habuit.</span> 
     </span>
     <span class='ocr_line' id='line_1_11' title="bbox 115 1557 1198 1651; baseline -0.002 -22"><span class='ocrx_word' id='word_1_77' title='bbox 115 1558 239 1630; x_wconf 84' lang='lat' dir='ltr'>Dicam</span> <span class='ocrx_word' id='word_1_78' title='bbox 265 1579 335 1629; x_wconf 90' lang='lat' dir='ltr'>non</span> <span class='ocrx_word' id='word_1_79' title='bbox 360 1579 416 1628; x_wconf 94' lang='lat' dir='ltr'>me</span> <span class='ocrx_word' id='word_1_80' title='bbox 442 1557 573 1649; x_wconf 79' lang='lat' dir='ltr'>diligo?</span> <span class='ocrx_word' id='word_1_81' title='bbox 593 1557 631 1629; x_wconf 91' lang='lat' dir='ltr'>ld</span> <span class='ocrx_word' id='word_1_82' title='bbox 652 1578 792 1650; x_wconf 90' lang='lat' dir='ltr'>quoque</span> <span class='ocrx_word' id='word_1_83' title='bbox 810 1580 918 1651; x_wconf 86' lang='lat' dir='ltr'>qnam</span> <span class='ocrx_word' id='word_1_84' title='bbox 943 1581 1027 1631; x_wconf 85' lang='lat' dir='ltr'>vere</span> <span class='ocrx_word' id='word_1_85' title='bbox 1053 1559 1120 1630; x_wconf 91' lang='lat' dir='ltr'>sim</span> <span class='ocrx_word' id='word_1_86' title='bbox 1146 1557 1198 1630; x_wconf 89' lang='lat' dir='ltr'>di·</span> 
     </span>
     <span class='ocr_line' id='line_1_12' title="bbox 115 1679 1201 1776; baseline 0.002 -25"><span class='ocrx_word' id='word_1_87' title='bbox 115 1691 238 1752; x_wconf 87' lang='lat' dir='ltr'>cturus</span> <span class='ocrx_word' id='word_1_88' title='bbox 259 1680 389 1751; x_wconf 87' lang='lat' dir='ltr'>nescio.</span> <span class='ocrx_word' id='word_1_89' title='bbox 412 1679 499 1751; x_wconf 92' lang='lat' dir='ltr'>Illud</span> <span class='ocrx_word' id='word_1_90' title='bbox 524 1680 697 1773; x_wconf 84' lang='lat' dir='ltr'>intrepide</span> <span class='ocrx_word' id='word_1_91' title='bbox 722 1679 888 1751; x_wconf 82' lang='lat' dir='ltr'>dixerim:</span> <span class='ocrx_word' id='word_1_92' title='bbox 907 1704 977 1754; x_wconf 92' lang='lat' dir='ltr'>non</span> <span class='ocrx_word' id='word_1_93' title='bbox 993 1681 1101 1773; x_wconf 79' lang='lat' dir='ltr'>diligo</span> <span class='ocrx_word' id='word_1_94' title='bbox 1118 1702 1201 1776; x_wconf 90' lang='lat' dir='ltr'>pec·</span> 
     </span>
     <span class='ocr_line' id='line_1_13' title="bbox 116 1802 1196 1896; baseline 0.001 -23"><span class='ocrx_word' id='word_1_95' title='bbox 116 1813 231 1873; x_wconf 88' lang='lat' dir='ltr'>catum</span> <span class='ocrx_word' id='word_1_96' title='bbox 253 1822 387 1885; x_wconf 89' lang='lat' dir='ltr'>meum,</span> <span class='ocrx_word' id='word_1_97' title='bbox 408 1822 522 1895; x_wconf 90' lang='lat' dir='ltr'>neque</span> <span class='ocrx_word' id='word_1_98' title='bbox 543 1823 659 1873; x_wconf 89' lang='lat' dir='ltr'>mores</span> <span class='ocrx_word' id='word_1_99' title='bbox 680 1822 778 1873; x_wconf 91' lang='lat' dir='ltr'>meos</span> <span class='ocrx_word' id='word_1_100' title='bbox 799 1802 917 1894; x_wconf 79' lang='lat' dir='ltr'>dilige,</span> <span class='ocrx_word' id='word_1_101' title='bbox 940 1805 1009 1873; x_wconf 92' lang='lat' dir='ltr'>nisi</span> <span class='ocrx_word' id='word_1_102' title='bbox 1028 1826 1098 1896; x_wconf 89' lang='lat' dir='ltr'>qua</span> <span class='ocrx_word' id='word_1_103' title='bbox 1119 1824 1196 1892; x_wconf 86' lang='lat' dir='ltr'>mu·</span> 
     </span>
     <span class='ocr_line' id='line_1_14' title="bbox 116 1923 1200 2018; baseline 0.002 -24"><span class='ocrx_word' id='word_1_104' title='bbox 116 1924 178 1997; x_wconf 87' lang='lat' dir='ltr'>tati</span> <span class='ocrx_word' id='word_1_105' title='bbox 197 1923 232 1995; x_wconf 93' lang='lat' dir='ltr'>in</span> <span class='ocrx_word' id='word_1_106' title='bbox 253 1924 377 1996; x_wconf 88' lang='lat' dir='ltr'>melius</span> <span class='ocrx_word' id='word_1_107' title='bbox 399 1925 615 2017; x_wconf 82' lang='lat' dir='ltr'>correctique</span> <span class='ocrx_word' id='word_1_108' title='bbox 636 1934 725 1996; x_wconf 90' lang='lat' dir='ltr'>sunt.</span> <span class='ocrx_word' id='word_1_109' title='bbox 750 1925 836 2010; x_wconf 94' lang='lat' dir='ltr'>lmo,</span> <span class='ocrx_word' id='word_1_110' title='bbox 859 1926 945 2018; x_wconf 89' lang='lat' dir='ltr'>quid</span> <span class='ocrx_word' id='word_1_111' title='bbox 965 1926 1146 1998; x_wconf 82' lang='lat' dir='ltr'>haesitemt</span> <span class='ocrx_word' id='word_1_112' title='bbox 1165 1934 1200 1996; x_wconf 90' lang='lat' dir='ltr'>et</span> 
     </span>
     <span class='ocr_line' id='line_1_15' title="bbox 117 2048 1198 2141; baseline 0.002 -23"><span class='ocrx_word' id='word_1_113' title='bbox 117 2058 309 2139; x_wconf 89' lang='lat' dir='ltr'>peccatum,</span> <span class='ocrx_word' id='word_1_114' title='bbox 332 2056 368 2119; x_wconf 91' lang='lat' dir='ltr'>et</span> <span class='ocrx_word' id='word_1_115' title='bbox 388 2068 503 2119; x_wconf 91' lang='lat' dir='ltr'>mores</span> <span class='ocrx_word' id='word_1_116' title='bbox 526 2049 651 2132; x_wconf 86' lang='lat' dir='ltr'>malos,</span> <span class='ocrx_word' id='word_1_117' title='bbox 672 2057 707 2119; x_wconf 90' lang='lat' dir='ltr'>et</span> <span class='ocrx_word' id='word_1_118' title='bbox 727 2049 914 2141; x_wconf 90' lang='lat' dir='ltr'>meipsum</span> <span class='ocrx_word' id='word_1_119' title='bbox 935 2050 1037 2119; x_wconf 88' lang='lat' dir='ltr'>talem</span> <span class='ocrx_word' id='word_1_120' title='bbox 1054 2048 1123 2119; x_wconf 91' lang='lat' dir='ltr'>odi.</span> <span class='ocrx_word' id='word_1_121' title='bbox 1142 2048 1198 2121; x_wconf 88' lang='lat' dir='ltr'>Ab</span> 
     </span>
     <span class='ocr_line' id='line_1_16' title="bbox 117 2168 1197 2265; baseline 0.003 -25"><span class='ocrx_word' id='word_1_122' title='bbox 117 2170 316 2263; x_wconf 78' lang='lat' dir='ltr'>Augustino</span> <span class='ocrx_word' id='word_1_123' title='bbox 336 2172 427 2242; x_wconf 94' lang='lat' dir='ltr'>enim</span> <span class='ocrx_word' id='word_1_124' title='bbox 448 2170 554 2243; x_wconf 91' lang='lat' dir='ltr'>didici</span> <span class='ocrx_word' id='word_1_125' title='bbox 569 2170 743 2243; x_wconf 90' lang='lat' dir='ltr'>neminem</span> <span class='ocrx_word' id='word_1_126' title='bbox 757 2168 830 2242; x_wconf 90' lang='lat' dir='ltr'>fieri</span> <span class='ocrx_word' id='word_1_127' title='bbox 844 2191 950 2265; x_wconf 87' lang='lat' dir='ltr'>posse</span> <span class='ocrx_word' id='word_1_128' title='bbox 964 2171 1078 2264; x_wconf 90' lang='lat' dir='ltr'>qualis</span> <span class='ocrx_word' id='word_1_129' title='bbox 1091 2171 1197 2264; x_wconf 90' lang='lat' dir='ltr'>cupit,</span> 
     </span>
     <span class='ocr_line' id='line_1_17' title="bbox 120 2291 561 2386; baseline -0.002 -22"><span class='ocrx_word' id='word_1_130' title='bbox 120 2291 189 2364; x_wconf 88' lang='lat' dir='ltr'>nisi</span> <span class='ocrx_word' id='word_1_131' title='bbox 211 2315 249 2366; x_wconf 90' lang='lat' dir='ltr'>se</span> <span class='ocrx_word' id='word_1_132' title='bbox 269 2294 343 2366; x_wconf 90' lang='lat' dir='ltr'>odit</span> <span class='ocrx_word' id='word_1_133' title='bbox 362 2295 476 2386; x_wconf 87' lang='lat' dir='ltr'>qualis</span> <span class='ocrx_word' id='word_1_134' title='bbox 496 2303 561 2364; x_wconf 89' lang='lat' dir='ltr'>est.</span> 
     </span>
    </p>

    <p class='ocr_par' dir='ltr' id='par_1_3' title="bbox 73 2415 1205 4224">
     <span class='ocr_line' id='line_1_18' title="bbox 215 2415 1204 2521; baseline 0 -34"><span class='ocrx_word' id='word_1_135' title='bbox 215 2416 305 2488; x_wconf 84' lang='lat' dir='ltr'>Ecce</span> <span class='ocrx_word' id='word_1_136' title='bbox 325 2418 371 2490; x_wconf 87' lang='lat' dir='ltr'>ad</span> <span class='ocrx_word' id='word_1_137' title='bbox 392 2418 484 2489; x_wconf 91' lang='lat' dir='ltr'>hunc</span> <span class='ocrx_word' id='word_1_138' title='bbox 503 2420 616 2489; x_wconf 91' lang='lat' dir='ltr'>locum</span> <span class='ocrx_word' id='word_1_139' title='bbox 637 2417 797 2512; x_wconf 81' lang='lat' dir='ltr'>epistolae</span> <span class='ocrx_word' id='word_1_140' title='bbox 820 2437 1061 2521; x_wconf 87' lang='lat' dir='ltr'>perveneram</span> <span class='ocrx_word' id='word_1_141' title='bbox 1073 2415 1204 2492; x_wconf 89' lang='lat' dir='ltr'>delibe-</span> 
     </span>
     <span class='ocr_line' id='line_1_19' title="bbox 119 2539 1202 2635; baseline 0 -25"><span class='ocrx_word' id='word_1_142' title='bbox 119 2561 272 2632; x_wconf 89' lang='lat' dir='ltr'>ransque</span> <span class='ocrx_word' id='word_1_143' title='bbox 297 2540 382 2632; x_wconf 91' lang='lat' dir='ltr'>quid</span> <span class='ocrx_word' id='word_1_144' title='bbox 406 2539 558 2613; x_wconf 85' lang='lat' dir='ltr'>dicerem</span> <span class='ocrx_word' id='word_1_145' title='bbox 584 2541 732 2635; x_wconf 86' lang='lat' dir='ltr'>amplius</span> <span class='ocrx_word' id='word_1_146' title='bbox 755 2563 818 2612; x_wconf 90' lang='lat' dir='ltr'>seu</span> <span class='ocrx_word' id='word_1_147' title='bbox 839 2539 925 2633; x_wconf 84' lang='lat' dir='ltr'>qnid</span> <span class='ocrx_word' id='word_1_148' title='bbox 947 2561 1017 2612; x_wconf 93' lang='lat' dir='ltr'>non</span> <span class='ocrx_word' id='word_1_149' title='bbox 1038 2540 1202 2626; x_wconf 88' lang='lat' dir='ltr'>dicerem,</span> 
     </span>
     <span class='ocr_line' id='line_1_20' title="bbox 119 2661 1204 2758; baseline 0.002 -26"><span class='ocrx_word' id='word_1_150' title='bbox 119 2661 196 2733; x_wconf 89' lang='lat' dir='ltr'>haec</span> <span class='ocrx_word' id='word_1_151' title='bbox 213 2662 311 2747; x_wconf 88' lang='lat' dir='ltr'>inter,</span> <span class='ocrx_word' id='word_1_152' title='bbox 333 2670 372 2734; x_wconf 92' lang='lat' dir='ltr'>ut</span> <span class='ocrx_word' id='word_1_153' title='bbox 388 2665 533 2748; x_wconf 87' lang='lat' dir='ltr'>assolet,</span> <span class='ocrx_word' id='word_1_154' title='bbox 555 2684 725 2758; x_wconf 78' lang='lat' dir='ltr'>papyrum</span> <span class='ocrx_word' id='word_1_155' title='bbox 743 2684 893 2735; x_wconf 89' lang='lat' dir='ltr'>vacuam</span> <span class='ocrx_word' id='word_1_156' title='bbox 911 2663 1054 2734; x_wconf 89' lang='lat' dir='ltr'>inverso</span> <span class='ocrx_word' id='word_1_157' title='bbox 1071 2664 1204 2734; x_wconf 87' lang='lat' dir='ltr'>calamo</span> 
     </span>
     <span class='ocr_line' id='line_1_21' title="bbox 119 2785 1204 2881; baseline -0.005 -23"><span class='ocrx_word' id='word_1_158' title='bbox 119 2786 295 2859; x_wconf 82' lang='lat' dir='ltr'>ferieham.</span> <span class='ocrx_word' id='word_1_159' title='bbox 329 2788 399 2858; x_wconf 87' lang='lat' dir='ltr'>Res</span> <span class='ocrx_word' id='word_1_160' title='bbox 431 2788 508 2881; x_wconf 82' lang='lat' dir='ltr'>ipse</span> <span class='ocrx_word' id='word_1_161' title='bbox 543 2787 723 2858; x_wconf 88' lang='lat' dir='ltr'>materiam</span> <span class='ocrx_word' id='word_1_162' title='bbox 761 2785 885 2855; x_wconf 91' lang='lat' dir='ltr'>obtulit</span> <span class='ocrx_word' id='word_1_163' title='bbox 917 2785 1081 2876; x_wconf 86' lang='lat' dir='ltr'>cogitanti</span> <span class='ocrx_word' id='word_1_164' title='bbox 1114 2785 1204 2854; x_wconf 88' lang='lat' dir='ltr'>inter</span> 
     </span>
     <span class='ocr_line' id='line_1_22' title="bbox 119 2906 1204 3001; baseline -0.002 -22"><span class='ocrx_word' id='word_1_165' title='bbox 119 2908 351 2980; x_wconf 86' lang='lat' dir='ltr'>demersionis</span> <span class='ocrx_word' id='word_1_166' title='bbox 372 2912 526 2982; x_wconf 89' lang='lat' dir='ltr'>morulas</span> <span class='ocrx_word' id='word_1_167' title='bbox 553 2921 691 3001; x_wconf 89' lang='lat' dir='ltr'>tempus</span> <span class='ocrx_word' id='word_1_168' title='bbox 717 2907 798 2989; x_wconf 86' lang='lat' dir='ltr'>labi,</span> <span class='ocrx_word' id='word_1_169' title='bbox 825 2927 951 2997; x_wconf 89' lang='lat' dir='ltr'>meque</span> <span class='ocrx_word' id='word_1_170' title='bbox 969 2906 1108 2977; x_wconf 91' lang='lat' dir='ltr'>interim</span> <span class='ocrx_word' id='word_1_171' title='bbox 1134 2908 1204 2977; x_wconf 91' lang='lat' dir='ltr'>col-</span> 
     </span>
     <span class='ocr_line' id='line_1_23' title="bbox 120 3027 1205 3122; baseline -0.002 -19"><span class='ocrx_word' id='word_1_172' title='bbox 120 3029 205 3115; x_wconf 88' lang='lat' dir='ltr'>labi,</span> <span class='ocrx_word' id='word_1_173' title='bbox 234 3027 346 3114; x_wconf 87' lang='lat' dir='ltr'>abire,</span> <span class='ocrx_word' id='word_1_174' title='bbox 374 3029 524 3102; x_wconf 89' lang='lat' dir='ltr'>deficere</span> <span class='ocrx_word' id='word_1_175' title='bbox 543 3042 594 3112; x_wconf 86' lang='lat' dir='ltr'>et,</span> <span class='ocrx_word' id='word_1_176' title='bbox 617 3041 654 3100; x_wconf 91' lang='lat' dir='ltr'>ut</span> <span class='ocrx_word' id='word_1_177' title='bbox 675 3027 814 3122; x_wconf 88' lang='lat' dir='ltr'>proprie</span> <span class='ocrx_word' id='word_1_178' title='bbox 839 3028 968 3113; x_wconf 87' lang='lat' dir='ltr'>dicam,</span> <span class='ocrx_word' id='word_1_179' title='bbox 992 3028 1088 3100; x_wconf 89' lang='lat' dir='ltr'>mori.</span> <span class='ocrx_word' id='word_1_180' title='bbox 1116 3029 1205 3101; x_wconf 86' lang='lat' dir='ltr'>Con·</span> 
     </span>
     <span class='ocr_line' id='line_1_24' title="bbox 122 3149 1200 3244; baseline 0.001 -22"><span class='ocrx_word' id='word_1_181' title='bbox 122 3151 217 3223; x_wconf 92' lang='lat' dir='ltr'>tinne</span> <span class='ocrx_word' id='word_1_182' title='bbox 242 3151 419 3234; x_wconf 85' lang='lat' dir='ltr'>morimur,</span> <span class='ocrx_word' id='word_1_183' title='bbox 448 3173 515 3242; x_wconf 93' lang='lat' dir='ltr'>ego</span> <span class='ocrx_word' id='word_1_184' title='bbox 534 3152 618 3223; x_wconf 92' lang='lat' dir='ltr'>dum</span> <span class='ocrx_word' id='word_1_185' title='bbox 652 3150 729 3222; x_wconf 85' lang='lat' dir='ltr'>haec</span> <span class='ocrx_word' id='word_1_186' title='bbox 760 3149 888 3237; x_wconf 88' lang='lat' dir='ltr'>scribo,</span> <span class='ocrx_word' id='word_1_187' title='bbox 918 3160 955 3222; x_wconf 92' lang='lat' dir='ltr'>tu</span> <span class='ocrx_word' id='word_1_188' title='bbox 979 3151 1063 3223; x_wconf 92' lang='lat' dir='ltr'>dum</span> <span class='ocrx_word' id='word_1_189' title='bbox 1089 3154 1200 3244; x_wconf 89' lang='lat' dir='ltr'>leges,</span> 
     </span>
     <span class='ocr_line' id='line_1_25' title="bbox 120 3273 1200 3368; baseline 0 -22"><span class='ocrx_word' id='word_1_190' title='bbox 120 3275 178 3346; x_wconf 85' lang='lat' dir='ltr'>alii</span> <span class='ocrx_word' id='word_1_191' title='bbox 211 3275 295 3347; x_wconf 92' lang='lat' dir='ltr'>dum</span> <span class='ocrx_word' id='word_1_192' title='bbox 328 3275 472 3347; x_wconf 87' lang='lat' dir='ltr'>audient</span> <span class='ocrx_word' id='word_1_193' title='bbox 490 3274 645 3368; x_wconf 90' lang='lat' dir='ltr'>dumque</span> <span class='ocrx_word' id='word_1_194' title='bbox 669 3297 738 3346; x_wconf 91' lang='lat' dir='ltr'>non</span> <span class='ocrx_word' id='word_1_195' title='bbox 764 3273 916 3345; x_wconf 89' lang='lat' dir='ltr'>audient.</span> <span class='ocrx_word' id='word_1_196' title='bbox 944 3276 1020 3366; x_wconf 75' lang='lat' dir='ltr'>ligo</span> <span class='ocrx_word' id='word_1_197' title='bbox 1046 3296 1200 3368; x_wconf 90' lang='lat' dir='ltr'>quoque,</span> 
     </span>
     <span class='ocr_line' id='line_1_26' title="bbox 121 3397 1200 3491; baseline -0.004 -20"><span class='ocrx_word' id='word_1_198' title='bbox 121 3399 205 3471; x_wconf 90' lang='lat' dir='ltr'>dum</span> <span class='ocrx_word' id='word_1_199' title='bbox 228 3399 306 3471; x_wconf 90' lang='lat' dir='ltr'>haec</span> <span class='ocrx_word' id='word_1_200' title='bbox 326 3402 438 3491; x_wconf 89' lang='lat' dir='ltr'>leges,</span> <span class='ocrx_word' id='word_1_201' title='bbox 461 3399 601 3484; x_wconf 89' lang='lat' dir='ltr'>moriar,</span> <span class='ocrx_word' id='word_1_202' title='bbox 626 3408 664 3470; x_wconf 92' lang='lat' dir='ltr'>tu</span> <span class='ocrx_word' id='word_1_203' title='bbox 684 3397 831 3469; x_wconf 89' lang='lat' dir='ltr'>moreris</span> <span class='ocrx_word' id='word_1_204' title='bbox 849 3398 932 3469; x_wconf 92' lang='lat' dir='ltr'>dum</span> <span class='ocrx_word' id='word_1_205' title='bbox 966 3398 1044 3469; x_wconf 89' lang='lat' dir='ltr'>haec</span> <span class='ocrx_word' id='word_1_206' title='bbox 1070 3397 1200 3479; x_wconf 89' lang='lat' dir='ltr'>scribo,</span> 
     </span>
     <span class='ocr_line' id='line_1_27' title="bbox 122 3496 1201 3610; baseline -0.006 -18"><span class='ocrx_word' id='word_1_207' title='bbox 122 3519 225 3592; x_wconf 90' lang='lat' dir='ltr'>ambo</span> <span class='ocrx_word' id='word_1_208' title='bbox 258 3519 441 3607; x_wconf 91' lang='lat' dir='ltr'>morimur,</span> <span class='ocrx_word' id='word_1_209' title='bbox 477 3541 599 3591; x_wconf 89' lang='lat' dir='ltr'>omnes</span> <span class='ocrx_word' id='word_1_210' title='bbox 638 3520 817 3603; x_wconf 89' lang='lat' dir='ltr'>morimur,</span> <span class='ocrx_word' id='word_1_211' title='bbox 854 3540 992 3610; x_wconf 90' lang='lat' dir='ltr'>semper</span> <span class='ocrx_word' id='word_1_212' title='bbox 1023 3496 1201 3588; x_wconf 88' lang='lat' dir='ltr'>morimur.</span> 
     </span>
     <span class='ocr_line' id='line_1_28' title="bbox 73 3639 1202 3735; baseline -0.003 -23"><span class='ocrx_word' id='word_1_213' title='bbox 73 3683 78 3692; x_wconf 89' lang='lat'><strong>·</strong></span> <span class='ocrx_word' id='word_1_214' title='bbox 121 3642 306 3735; x_wconf 87' lang='lat' dir='ltr'>Nunquam</span> <span class='ocrx_word' id='word_1_215' title='bbox 325 3642 479 3714; x_wconf 88' lang='lat' dir='ltr'>vivimus</span> <span class='ocrx_word' id='word_1_216' title='bbox 496 3641 579 3712; x_wconf 92' lang='lat' dir='ltr'>dum</span> <span class='ocrx_word' id='word_1_217' title='bbox 598 3642 654 3713; x_wconf 91' lang='lat' dir='ltr'>hic</span> <span class='ocrx_word' id='word_1_218' title='bbox 671 3663 808 3728; x_wconf 87' lang='lat' dir='ltr'>sumus,</span> <span class='ocrx_word' id='word_1_219' title='bbox 825 3639 991 3734; x_wconf 84' lang='lat' dir='ltr'>quamdiu</span> <span class='ocrx_word' id='word_1_220' title='bbox 1006 3640 1202 3712; x_wconf 88' lang='lat' dir='ltr'>virtuosum</span> 
     </span>
     <span class='ocr_line' id='line_1_29' title="bbox 121 3758 1200 3858; baseline -0.003 -22"><span class='ocrx_word' id='word_1_221' title='bbox 121 3759 251 3857; x_wconf 90' lang='lat' dir='ltr'>aliquid</span> <span class='ocrx_word' id='word_1_222' title='bbox 274 3774 421 3858; x_wconf 85' lang='lat' dir='ltr'>agentes</span> <span class='ocrx_word' id='word_1_223' title='bbox 444 3764 631 3836; x_wconf 89' lang='lat' dir='ltr'>sternimus</span> <span class='ocrx_word' id='word_1_224' title='bbox 651 3766 717 3837; x_wconf 90' lang='lat' dir='ltr'>iter</span> <span class='ocrx_word' id='word_1_225' title='bbox 737 3763 838 3836; x_wconf 90' lang='lat' dir='ltr'>nobis</span> <span class='ocrx_word' id='word_1_226' title='bbox 865 3764 909 3835; x_wconf 91' lang='lat' dir='ltr'>ad</span> <span class='ocrx_word' id='word_1_227' title='bbox 936 3785 1055 3836; x_wconf 89' lang='lat' dir='ltr'>veram</span> <span class='ocrx_word' id='word_1_228' title='bbox 1079 3758 1200 3847; x_wconf 85' lang='lat' dir='ltr'>vitain,</span> 
     </span>
     <span class='ocr_line' id='line_1_30' title="bbox 122 3885 1203 3978; baseline 0 -21"><span class='ocrx_word' id='word_1_229' title='bbox 122 3885 181 3957; x_wconf 90' lang='lat' dir='ltr'>ubi</span> <span class='ocrx_word' id='word_1_230' title='bbox 214 3900 334 3961; x_wconf 90' lang='lat' dir='ltr'>contra</span> <span class='ocrx_word' id='word_1_231' title='bbox 359 3909 463 3960; x_wconf 90' lang='lat' dir='ltr'>nemo</span> <span class='ocrx_word' id='word_1_232' title='bbox 492 3890 661 3970; x_wconf 81' lang='lat' dir='ltr'>moritur,</span> <span class='ocrx_word' id='word_1_233' title='bbox 685 3887 811 3976; x_wconf 82' lang='lat' dir='ltr'>vivunt</span> <span class='ocrx_word' id='word_1_234' title='bbox 845 3907 982 3966; x_wconf 84' lang='lat' dir='ltr'>omnes,</span> <span class='ocrx_word' id='word_1_235' title='bbox 1017 3885 1076 3957; x_wconf 91' lang='lat' dir='ltr'>ubi</span> <span class='ocrx_word' id='word_1_236' title='bbox 1109 3885 1203 3978; x_wconf 89' lang='lat' dir='ltr'>quod</span> 
     </span>
     <span class='ocr_line' id='line_1_31' title="bbox 122 4007 1202 4105; baseline 0 -26"><span class='ocrx_word' id='word_1_237' title='bbox 122 4012 230 4081; x_wconf 86' lang='lat' dir='ltr'>semel</span> <span class='ocrx_word' id='word_1_238' title='bbox 255 4013 384 4105; x_wconf 89' lang='lat' dir='ltr'>placuit</span> <span class='ocrx_word' id='word_1_239' title='bbox 407 4033 546 4105; x_wconf 91' lang='lat' dir='ltr'>semper</span> <span class='ocrx_word' id='word_1_240' title='bbox 570 4013 696 4105; x_wconf 88' lang='lat' dir='ltr'>placet,</span> <span class='ocrx_word' id='word_1_241' title='bbox 730 4010 830 4081; x_wconf 91' lang='lat' dir='ltr'>cuius</span> <span class='ocrx_word' id='word_1_242' title='bbox 862 4007 1047 4078; x_wconf 85' lang='lat' dir='ltr'>ineffabilis</span> <span class='ocrx_word' id='word_1_243' title='bbox 1080 4017 1116 4079; x_wconf 90' lang='lat' dir='ltr'>et</span> <span class='ocrx_word' id='word_1_244' title='bbox 1151 4009 1202 4080; x_wconf 91' lang='lat' dir='ltr'>in-</span> 
     </span>
     <span class='ocr_line' id='line_1_32' title="bbox 122 4131 1203 4224; baseline 0.003 -20"><span class='ocrx_word' id='word_1_245' title='bbox 122 4144 281 4206; x_wconf 86' lang='lat' dir='ltr'>exaustae</span> <span class='ocrx_word' id='word_1_246' title='bbox 302 4134 498 4207; x_wconf 87' lang='lat' dir='ltr'>dulcedinis</span> <span class='ocrx_word' id='word_1_247' title='bbox 519 4156 582 4206; x_wconf 89' lang='lat' dir='ltr'>nec</span> <span class='ocrx_word' id='word_1_248' title='bbox 602 4133 727 4206; x_wconf 89' lang='lat' dir='ltr'>modus</span> <span class='ocrx_word' id='word_1_249' title='bbox 753 4133 867 4205; x_wconf 90' lang='lat' dir='ltr'>animo</span> <span class='ocrx_word' id='word_1_250' title='bbox 888 4131 1034 4224; x_wconf 88' lang='lat' dir='ltr'>capitur,</span> <span class='ocrx_word' id='word_1_251' title='bbox 1052 4156 1114 4205; x_wconf 87' lang='lat' dir='ltr'>acc</span> <span class='ocrx_word' id='word_1_252' title='bbox 1129 4157 1203 4207; x_wconf 91' lang='lat' dir='ltr'>mu-</span> 
     </span>
    </p>
   </div>
   <div class='ocr_carea' id='block_1_3' title="bbox 0 0 1418 4656">
    <p class='ocr_par' dir='ltr' id='par_1_4' title="bbox 0 0 1418 4656">
     <span class='ocr_line' id='line_1_33' title="bbox 0 0 1418 4656; baseline 0 0"><span class='ocrx_word' id='word_1_253' title='bbox 0 0 1418 4656; x_wconf 95' lang='lat' dir='ltr'> </span> 
     </span>
    </p>
   </div>
  </div>
 </body>
</html>
