2940 4650
215 621 468 694 uuallclscl
504 620 750 693 PETRARCAE
785 621 1123 693 TESTAMENTUM.

646 897 723 920 a.—

241 1420 340 1511 saepe
361 1418 406 1490 de
424 1439 466 1492 eo
485 1438 620 1490 mecum
638 1417 812 1509 regilone,
831 1417 876 1488 de
893 1438 963 1510 quo
981 1437 1084 1489 nemo
1102 1415 1228 1504 nimis,

141 1541 244 1631 pauci
259 1540 343 1610 satis
359 1541 524 1632 cogitant,
544 1540 589 1613 de
607 1539 811 1611 novissimis
831 1539 964 1609 scilicet
981 1560 1021 1610 ac
1038 1540 1082 1613 de
1100 1549 1220 1623 morte,

142 1679 222 1750 quae
243 1659 409 1748 cogitatio
430 1680 546 1750 neque
568 1658 745 1752 superflua
765 1679 846 1729 esse
871 1669 1000 1751 potest,
1032 1680 1146 1750 neque
1172 1660 1224 1729 ni-

142 1779 250 1849 mium
270 1780 411 1864 festina,
432 1801 511 1850 cum
534 1789 569 1849 et
590 1799 684 1850 mors
703 1777 865 1850 omnibus
887 1789 984 1850 certa
1004 1778 1060 1861 sit,
1083 1789 1118 1849 et
1139 1779 1225 1851 hora

143 1898 263 1971 mortis
294 1899 447 1982 incerta;
475 1900 557 1970 utile
578 1910 684 1992 atque
705 1899 889 1971 honestum
910 1897 1016 1970 credo
1031 1907 1229 1992 'antequam-

142 2040 198 2090 me
218 2040 315 2090 mors
336 2021 516 2114 impediat,
541 2020 625 2112 quia
645 2043 740 2093 mors
763 2022 938 2114 ipsa'qnae
964 2041 1026 2112 per
1049 2019 1166 2092 varios
1189 2033 1226 2093 et

143 2140 327 2234 ambiguos
340 2165 457 2214 rerum
470 2163 576 2214 casus
590 2163 730 2236 semper
743 2141 845 2213 nobis
864 2141 1069 2236 impendens
1085 2151 1225 2234 propter

143 2264 225 2335 vitae
237 2263 445 2337 brevitatem
458 2266 576 2357 procul
595 2285 676 2335 esse
695 2285 763 2334 non
781 2273 905 2356 potest,
921 2287 1014 2335 nunc
1027 2265 1087 2335 Dei
1101 2264 1222 2355 gratia,

142 2384 226 2457 dum
247 2406 393 2479 corpore
412 2385 514 2457 simul
531 2395 636 2478 atque
653 2386 769 2457 animo
788 2406 896 2459 sanus
916 2407 1004 2483 sum,
1019 2385 1064 2457 de
1078 2408 1134 2458 mc
1148 2386 1225 2479 ipso

143 2534 183 2584 ac
202 2512 375 2586 derebus
393 2514 480 2585 meis
500 2512 661 2585 testando
681 2512 877 2607 disponere.
897 2514 1080 2599 Quamvis,
1103 2523 1141 2585 ut
1162 2536 1224 2586 ve-

143 2657 220 2707 rum
240 2637 361 2721 fatear,
386 2646 457 2714 tam
477 2653 599 2728 parvae
620 2646 655 2706 et
676 2646 745 2707 tam
773 2655 895 2729 paucae
921 2657 979 2708 res
1006 2647 1089 2708 sunt
1118 2658 1221 2721 meae,

143 2766 181 2826 ut
201 2756 246 2827 de
266 2758 309 2828 iis
326 2751 585 2849 quodammodo
602 2755 734 2849 pudeat
752 2757 810 2827 me
832 2757 964 2827 testari.
985 2757 1054 2829 Sed
1075 2758 1222 2830 divitum

142 2884 247 2968 alque
280 2878 422 2971 inopum
456 2895 551 2946 curae
583 2874 628 2946 de
658 2875 764 2947 rebus
789 2875 868 2946 licet
898 2874 1089 2969 imparibus
1119 2887 1224 2970 pares

143 3005 236 3069 sunt.
259 2997 345 3068 Volo
366 2996 473 3088 igitur
498 2996 588 3067 hanc
613 3017 725 3066 meam
749 2995 962 3068 voluntatem
985 2997 1139 3069 ultimam
1167 3022 1224 3071 or-

142 3119 278 3223 dinare,
311 3127 347 3190 et
380 3118 519 3211 scriptis
544 3117 771 3202 committere,
807 3127 844 3189 et
868 3130 1010 3213 propter
1034 3120 1223 3211 quamdam

141 3241 377 3325 honestatem,
399 3251 434 3312 ct
453 3238 500 3311 ob
518 3239 554 3310 id
576 3238 744 3325 maxime,
763 3262 808 3312 ne
822 3231 873 3312 'de
894 3241 1096 3313 huiusmodi
1117 3243 1243 3314 rebus'

142 3362 230 3435 meis
251 3373 392 3457 propter
414 3382 526 3434 meam
547 3359 821 3434 incuriositatem
850 3374 928 3456 post
952 3384 1067 3435 meum
1088 3363 1221 3437 obitum

142 3485 307 3578 litigetur.

240 3606 420 3702 Inprimis
446 3606 597 3679 animam
624 3617 737 3679 meam
764 3609 1009 3702 peccatricem,
1041 3609 1106 3681 sed
1131 3608 1221 3682 divi-

142 3749 222 3801 nam
242 3728 516 3801 misericordiam
541 3729 784 3823 implorantem
805 3730 904 3802 etde
924 3731 981 3804 illa
1008 3741 1218 3824 sperantem,

140 3850 347 3922 commendo
376 3849 553 3923 humiliter
577 3851 655 3922 lesu
681 3851 836 3936 Christo,
863 3851 965 3946 eique
986 3830 1086 3924 flexis
1109 3852 1219 3946 ipsius

141 3972 265 4045 animae
296 3972 460 4065 genibus,
490 3984 528 4044 ut
559 3996 580 4047 a
610 3995 650 4047 se
672 3975 981 4069 creatamsuique
1008 3975 1220 4048 sanctissimi

143 4093 319 4185 sanguinis
339 4096 449 4189 pretio
471 4094 695 4189 redemptam,
716 4106 878 4190 protegat
895 4097 1028 4171 effusus
1049 4097 1216 4191 supplico,
