2940 4650
205 289 264 348 loa
549 299 707 349 areanum
729 299 944 349 nrrrnuauuu.

207 465 332 516 verum
351 443 427 512 haec
447 464 466 512 a
485 438 702 532 sapientibus
723 438 927 510 abscondita
948 447 992 509 et-
1005 435 1174 531 parvulis
1203 457 1307 509 reve-

182 564 313 635 landa
344 573 548 655 negaverat,
583 560 667 632 illud
699 573 793 631 certe
825 583 894 633 non
927 559 1117 652 ignorabat
1144 558 1304 654 peritura

98 720 101 728 ·
208 708 289 758 esse
325 688 441 757 omnia
472 707 580 776 regna
603 705 694 776 -quae
730 684 863 754 initium
900 682 1118 755 habuissent.
1164 685 1303 774 lugenti

209 809 315 900 igitur
340 809 475 879 cautela
501 827 587 877 usus
613 818 676 878 est.
705 805 884 898 Siquidem
912 804 970 875 ubi
998 805 1301 877 immortalitatem

211 953 355 1004 romano
375 929 599 1023 pollicebatur
625 929 781 1020 imperio,
813 951 882 999 non
909 928 984 1019 ipse
1010 927 1228 1020 loquebatur
1254 950 1320 1006 en⁴

211 1074 361 1146 persona
387 1052 535 1144 propria,
564 1050 625 1120 sed
652 1050 770 1121 lovem
801 1052 1000 1141 loquentem
1022 1047 1232 1132 inducebat,
1262 1060 1301 1119 ut

212 1174 390 1246 mendacis
423 1174 483 1242 Dei
517 1171 671 1243 mendax
696 1173 875 1242 oraculum
902 1185 1014 1252 esset,
1041 1182 1077 1242 et
1102 1173 1196 1265 falsa
1222 1190 1301 1264 pro

213 1296 345 1369 missio.
379 1296 458 1388 lpse
493 1306 607 1365 autem
642 1292 686 1364 ad
719 1295 864 1385 gratiam
887 1295 1003 1386 populi
1025 1294 1163 1365 romani
1190 1294 1301 1365 alieno

213 1417 377 1490 utebatur
409 1414 605 1485 mendacio.¹
629 1412 676 1483 At
701 1413 781 1484 alibi
812 1414 952 1505 quando
981 1435 1028 1484 ex
1054 1435 1212 1506 persona
1238 1434 1301 1485 sua

213 1539 306 1630 loqui
330 1538 454 1619 voluit,
476 1536 661 1606 veritatem
684 1534 797 1628 ipsam
818 1535 911 1607 idem
932 1547 1035 1629 poeta
1054 1558 1124 1607 non
1147 1537 1279 1608 tacuit:

413 1708 450 1769 At
467 1706 549 1768 euim
566 1722 616 1770 res
634 1722 771 1770 romanae
789 1708 987 1789 perituraque
1005 1722 1107 1784 regna.

213 1876 298 1960 Quis
321 1878 504 1946 nunciare
526 1868 624 1948 videt
644 1859 943 1971 inter'imperium
970 1877 1046 1948 siue
1072 1873 1153 1961 fine,
1170 1877 1301 1970 peritu-

214 2020 323 2093 raque
343 2019 452 2090 regna
472 1997 556 2090 quid
574 1997 731 2070 intersit?
751 1999 818 2069 Sed
837 1999 893 2094 bic
905 1998 1081 2088 Virgilius,
1102 1996 1149 2068 ibi
1170 1998 1302 2091 lupiter

213 2104 443 2215 loquebatur:
478 2121 533 2192 hio
567 2121 671 2192 homo
704 2120 924 2211 ingeniosus,
964 2118 1010 2189 ibi
1047 2122 1158 2201 falsus
1195 2120 1301 2191 Deus.

213 2244 301 2316 Aliis
324 2244 465 2337 quidem
486 2241 620 2328 verbis,
644 2243 708 2314 sed
726 2242 792 2314 bac
810 2245 911 2337 plane
930 2242 1102 2315 sententia
1115 2243 1302 2335 Virgilium

215 2377 357 2440 accusat
377 2377 412 2438 et
431 2375 579 2436 excusat
599 2366 833 2457 Augustinus,
857 2367 1051 2436 secundum
1072 2386 1181 2457 quam
1203 2348 1303 2436 intel·
1403 2349 1404 2352 ¹

214 2489 285 2586 ligo
306 2487 399 2580 quod
420 2485 495 2569 dixi
516 2496 552 2556 et
572 2485 668 2578 quud
689 2486 812 2558 dicam.
836 2487 936 2556 Certe
959 2502 1125 2558 romanus
1147 2497 1228 2559 erat
1247 2488 1303 2557 ille

215 2611 276 2703 qui
297 2608 445 2700 scripsit.
467 2609 590 2678 Omnia
610 2622 686 2682 orta
705 2611 884 2696 occidunt,
910 2619 946 2683 et
971 2621 1074 2683 aucta
1099 2620 1300 2684 senescunt.

216 2732 408 2802 Senescent
432 2751 518 2822 ergo
548 2730 627 2800 haec
656 2731 772 2801 omnia
794 2732 824 2802 si
845 2733 996 2804 durent:
1021 2741 1057 2804 et
1077 2733 1107 2804 si
1127 2733 1304 2826 cuiusque

111 2895 112 2901 κ
216 2851 265 2924 rei
283 2850 362 2922 linis
381 2860 436 2924 est
456 2863 619 2924 senectus
639 2853 715 2937 sua,
741 2853 859 2946 utique
880 2856 998 2926 omnia
1016 2864 1222 2940 senescent,
1239 2855 1304 2926 nisi

218 2974 286 3046 iam
307 2977 396 3048 forte
418 2977 612 3071 senuerint,
634 2975 776 3067 quando
799 2991 834 3047 et
859 2997 940 3068 quae
974 2985 1068 3049 stant
1092 2987 1221 3049 cuncta
1247 2998 1306 3049 oc·

219 3096 345 3179 uident,
359 3104 395 3167 et
419 3112 598 3182 occasum,
622 3096 650 3166 si
673 3117 743 3166 non
764 3096 990 3190 praevenerit,
1015 3100 1136 3170 saltem
1159 3100 1308 3170 comita·

220 3218 313 3291 bitur
333 3230 507 3290 senectus.
531 3218 581 3288 lta
603 3220 696 3290 nulla
716 3228 771 3291 est
792 3221 954 3313 exceptio
968 3247 975 3289 :
989 3242 1066 3295 seu
1084 3220 1216 3291 durent
1242 3243 1308 3293 sou

220 3365 288 3416 non
309 3341 450 3426 durent,
473 3351 546 3412 orta
572 3341 688 3412 omnia
717 3351 778 3412 aut
808 3343 922 3413 serius
949 3352 1008 3414 aut
1033 3343 1131 3414 ocius
1160 3344 1308 3416 tandem

220 3467 379 3540 occident
410 3475 447 3535 et
480 3473 675 3535 senescent.
712 3464 834 3535 Volvet
866 3474 963 3536 motu
992 3464 1158 3536 continuo
1191 3477 1310 3538 rotam

221 3610 321 3660 suam
348 3585 520 3661 instabilis
540 3587 716 3656 Fortuna:
737 3586 837 3658 etde
859 3599 964 3679 gente
984 3588 1020 3657 in
1041 3596 1182 3679 gentem
1203 3593 1311 3662 volu-

221 3709 304 3781 bilia
335 3731 443 3801 regna
470 3706 644 3780 versabit.
678 3708 794 3797 Faciet
819 3709 877 3779 illa
902 3731 981 3781 cum
1008 3712 1103 3782 volet
1127 3732 1235 3802 reges
1264 3735 1313 3784 ex

223 3833 349 3917 servis,
377 3852 500 3903 servos
520 3853 566 3902 ex
593 3829 745 3921 regibus,
764 3841 799 3901 et
825 3830 859 3900 iu
887 3830 1007 3902 urbem
1035 3810 1193 3919 Romam,
1216 3843 1256 3905 et
1277 3836 1314 3907 in

223 3950 344 4024 orbem
370 3974 551 4023 romanum
574 3973 674 4023 suam
696 3951 954 4024 ineluctabilem
982 3955 1172 4048 potentiam
1203 3977 1316 4028 exer-

224 4069 335 4156 cebit3
357 4095 463 4165 quam
485 4072 660 4169 praecipue
682 4073 714 4144 in
738 4095 816 4158 vos,
840 4074 906 4145 viri
930 4074 1065 4167 optimi,
1094 4078 1214 4149 multis
1243 4081 1318 4152 sor-
