2992 4664
245 286 304 347 350
704 296 865 344 vrnrsauu

246 447 352 518 studii
383 455 587 538 posuerunt,
615 445 891 517 luculentissimo
916 443 1068 537 quodam
1104 445 1331 538 compendio,

246 572 336 641 intra
356 545 495 662 paginae
518 568 619 639 unius
641 569 822 659 angustias
843 567 1040 658 redegistis.
1075 567 1161 636 Mira
1190 569 1247 638 vis
1277 568 1334 637 in·

247 693 353 784 genii,
377 714 455 763 rara
482 700 637 782 potestas
662 692 806 782 eloquii!
844 689 1084 761 Animadverti
1109 711 1195 762 sane
1220 700 1333 762 totam

247 815 453 886 narrationis
472 815 597 885 seriem
619 813 868 891 amantissimis
893 805 1103 906 quibusdam
1132 836 1174 884 ac
1198 813 1334 884 dulcis·

248 936 345 1008 simis
370 935 628 1028 suspicionibus
654 936 891 1008 intertextam:
916 937 1033 1030 itaque
1061 936 1246 1008 subridens
1282 947 1334 1008 ta-

210 1088 213 1091 *
248 1059 337 1130 citus
354 1081 491 1129 mecum
509 1057 594 1130 dixi.
612 1087 627 1123 u
646 1058 858 1150 Indignabor
881 1060 1029 1151 posthac
1049 1060 1187 1153 parcius
1207 1081 1331 1130 casum

249 1203 365 1252 meum
399 1181 496 1253 rudis
525 1191 561 1251 et
591 1181 797 1275 inexpertus
830 1181 1039 1252 homuncio:
1072 1182 1238 1274 quoniam
1265 1182 1333 1253 iste

250 1305 306 1374 vir
322 1314 457 1388 tantus,
471 1304 633 1396 quamvis
648 1305 818 1396 sapientia
834 1305 1003 1397 praeditus
1023 1305 1190 1389 naturali,
1210 1327 1334 1397 quam-

252 1428 306 1497 vis
329 1425 553 1497 scientiarum
574 1428 727 1497 omnium
746 1427 824 1496 telis
842 1438 1009 1509 armatus,
1032 1427 1194 1519 quamvis
1215 1429 1334 1518 legum

250 1550 372 1642 clypeo
393 1557 588 1632 contectus,
619 1557 655 1616 et
684 1547 823 1619 casside
849 1548 1090 1632 decretorum,
1117 1559 1250 1619 auratae
1283 1560 1337 1619 ta-

252 1691 330 1738 men
353 1668 508 1760 cuspidis
547 1670 769 1739 lacrimosum
800 1673 928 1741 vulnus
954 1672 1086 1742 evitare
1106 1694 1175 1742 non
1208 1674 1333 1743 valuit:

254 1791 350 1883 quod
369 1793 523 1885 prolecto
543 1815 647 1883 quam
670 1792 838 1883 profunde
864 1793 899 1862 in
926 1793 1122 1865 visceribus
1149 1794 1223 1864 suis
1244 1795 1338 1866 inse-

252 1916 344 1986 derit
365 1919 463 1987 zelus
480 1916 610 1987 indicat
628 1918 860 1988 lamentantis.
885 1917 1011 1988 »Sicut
1025 1918 1117 1987 enim
1130 1919 1219 1990 inter
1231 1920 1336 1990 animi

253 2040 499 2131 possessiones
520 2041 755 2114 inflammatus
776 2066 887 2127 amor,
904 2045 954 2113 sic
968 2043 1056 2113 inter
1074 2042 1201 2113 amoris
1220 2054 1337 2134 pestes

185 2201 187 2208 ν
253 2163 387 2232 ardens
414 2165 511 2234 zelus
542 2175 577 2234 et
597 2166 751 2236 solicitus
769 2165 926 2236 obtinere
953 2187 1022 2236 non
1037 2164 1224 2256 ambigitur
1242 2167 1339 2259 prin·

253 2283 420 2378 cipetum.
443 2286 528 2356 Hinc
548 2288 713 2378 quoniam
729 2286 855 2359 iubetis
878 2297 916 2359 ut
936 2289 1111 2389 adversus
1132 2309 1197 2358 vos
1218 2299 1337 2381 partes

255 2407 444 2500 suscipiam
465 2407 671 2492 defensoris,
707 2410 772 2480 etsi
804 2421 898 2480 tanto
923 2411 1063 2502 quidem
1090 2409 1205 2480 duello
1231 2412 1338 2502 fragi-

253 2533 320 2601 lem
356 2530 447 2599 hunc
479 2531 648 2600 calamum
675 2529 827 2601 obiicere
853 2531 1093 2615 reformidem,
1129 2531 1208 2602 huic
1243 2533 1339 2603 haud

253 2651 454 2734 dubienisi
468 2653 576 2736 fallor,
595 2651 731 2723 dileetae
751 2653 881 2748 pariter
894 2675 935 2724 ae
948 2676 1027 2737 reae,
1042 2676 1146 2746 quam
1159 2653 1339 2726 accusatio

254 2782 373 2843 vestra
391 2774 623 2864 persequitur,
646 2773 881 2845 excusationis
902 2775 1024 2866 ingens
1039 2775 1214 2868 praebetur
1234 2797 1337 2847 occa·

256 2877 318 2964 sio.
342 2896 490 2986 Vulgata
512 2918 662 2989 namque
680 2915 737 2966 res
755 2905 828 2982 est,
856 2897 949 2988 quod
972 2898 1132 2991 quisquis
1152 2910 1246 2970 amat
1266 2918 1337 2968 non

254 3017 362 3088 dubia
398 3029 529 3089 tantum
560 3029 595 3089 et
623 3020 860 3104 formidolosa,
884 3021 946 3091 sed
979 3022 1081 3093 etiam
1121 3022 1237 3092 omnia
1264 3029 1340 3090 tuta

204 3213 207 3223 J
255 3141 364 3222 timet,-
393 3141 483 3210 siout
516 3153 651 3215 naturae
678 3145 838 3214 conscius
867 3144 1033 3234 Virgilius
1061 3154 1180 3216 noster
1210 3143 1276 3224 ait,
1304 3152 1341 3213 et

256 3260 348 3353 apud
369 3261 473 3332 alium
494 3274 629 3354 poetam
650 3265 782 3336 credula
801 3289 853 3336 res
879 3290 973 3337 umor
994 3280 1061 3338 est:
1082 3267 1280 3340 etiterum:

416 3453 473 3515 Res
491 3458 536 3515 est
553 3437 661 3514 soliciti
676 3453 762 3531 plena
780 3454 901 3517 timoris
917 3469 1021 3530 amor,

257 3635 407 3728 denique
425 3655 515 3706 unus
538 3631 638 3704 etiam
658 3655 705 3702 ex
727 3633 927 3705 modernis:

419 3782 555 3862 Turbine
572 3789 718 3879 perpetuo
736 3806 871 3864 mentem
888 3802 982 3863 timor
1001 3793 1086 3879 angit
1103 3801 1240 3893 amantis.

258 3957 414 4037 Proiecto
449 3964 498 4036 sic
533 3975 606 4035 est:
644 3983 815 4055 nusquam
851 3965 929 4034 sine
956 3972 1052 4034 metu
1077 3983 1175 4033 amor
1196 3958 1343 4043 habitat,

259 4110 469 4178 ortamquam
502 4107 596 4178 saepe
625 4088 699 4158 siue
733 4107 852 4158 amore
883 4085 927 4157 sit
961 4072 1086 4157 metus.
1117 4082 1206 4156 Nulli
1238 4083 1345 4172 igitur
