2940 4650
244 309 302 369 536
584 302 743 369 nrrnnnix
764 319 979 371 nrrrnanauu.

242 465 343 534 ferre.
366 458 458 545 Quid
479 459 545 532 hoc
564 461 683 551 magni
703 470 772 545 est,
808 461 878 531 imo
906 483 993 533 voro
1024 462 1112 554 quid
1134 462 1210 532 nisi
1230 460 1340 535 nihilo

242 584 427 654 minus?Si
447 583 539 654 enim
563 592 741 675 peccatum
765 603 869 655 omno
890 583 974 654 nihii
992 596 1059 669 est,
1083 607 1127 656 eo
1149 587 1271 677 magis
1284 599 1336 659 est

239 706 322 776 nihii
336 692 406 800 quo
420 713 600 799 peccatum
615 705 739 778 maius,
762 707 812 777 lta
826 707 960 801 peccati
975 706 1197 798 magnitudo,
1218 708 1249 778 si
1267 709 1333 780 dini

239 835 354 919 potest
385 814 605 916 magnitudo,
636 825 722 894 nihil
756 826 920 897 est.'Hac
946 826 1049 898 modo
1084 826 1332 919 magnitudine
1420 888 1422 891 ,

238 946 305 1017 viri
325 948 433 1018 fortes
464 957 500 1018 et
532 946 607 1017 suis
642 945 776 1018 artibus
806 949 862 1018 usi
893 956 985 1020 suut.
1017 949 1215 1020 Potuerunt
1234 950 1329 1042 quod

238 1070 412 1161 scorpion,
445 1067 540 1159 quod
573 1088 701 1139 aranea
733 1070 916 1162 potuisset.
943 1068 1250 1142 ‘Noouerunt'uni
1282 1095 1328 1144 ex
1420 1104 1421 1107 ¹

237 1191 329 1273 tuis,
357 1200 392 1260 et
412 1190 507 1283 quod
527 1198 582 1261 est
602 1188 635 1259 in
657 1189 722 1261 hac
742 1191 957 1263 immanitate
990 1192 1230 1284 conspectiuS,
1267 1194 1325 1266 tibi

236 1332 362 1384 nocere
378 1313 577 1397 voluerunt,
601 1333 665 1382 neo
686 1310 748 1383 tihi
770 1308 808 1383 ut
829 1313 902 1396 tibi,
931 1312 993 1384 sed
1020 1325 1058 1385 ot
1080 1314 1256 1387 libertatis
1285 1339 1324 1388 ac
1420 1396 1421 1399 Ἴ

236 1427 380 1499 iustitiae
400 1425 583 1496 defensori.
618 1428 665 1497 Te
691 1428 784 1497 onim
810 1429 948 1499 nonnisi
974 1439 1117 1522 propter
1138 1429 1219 1502 illas
1245 1433 1323 1504 odio

235 1549 382 1629 habont;
399 1548 476 1619 illas
496 1559 613 1618 autem
634 1560 777 1641 propter
794 1571 843 1631 sa,
860 1560 897 1621 ut
911 1573 1000 1642 quas
1014 1550 1154 1636 iniusto,
1175 1574 1254 1644 quo¹
1266 1575 1322 1624 su·
1422 1570 1423 1576 ’

235 1668 399 1764 perbiunt
417 1668 577 1761 imperio,
600 1668 792 1743 contrarias
814 1682 951 1744 norunt.
974 1673 1024 1742 Tu
1039 1673 1068 1742 si
1081 1673 1128 1743 ad
1149 1675 1324 1765 maguitu-
1426 1668 1427 1671 '

234 1791 352 1864 dinem
373 1791 478 1863 animi
500 1793 549 1863 tui
575 1793 685 1878 redis,
714 1794 837 1865 horum
865 1793 1033 1864 tumidum
1055 1804 1090 1863 et
1111 1795 1219 1866 inane
1245 1819 1323 1891 pro
1424 1782 1425 1785 ¹

234 1916 388 2012 positum
410 1917 513 1987 simui
533 1915 705 1986 oderis-et
725 1916 936 1986 contemnes.
960 1913 1073 1985 'Arria
1091 1915 1238 2006 quidem
1257 1919 1323 1990 ista

235 2048 271 2109 et
291 2046 407 2121 acuta,
443 2038 507 2109 sed
540 2058 650 2128 parva
680 2046 772 2109 sunt.
806 2038 856 2107 De
878 2034 1067 2107 maioribus
1089 2039 1222 2129 agitur.
1244 2043 1324 2112 Hauc

235 2181 313 2232 cum
334 2160 793 2244 universitatetransibunt,
825 2170 860 2231 ot
890 2159 983 2231 servi
1017 2159 1065 2230 tui
1093 2162 1183 2233 ultio
1204 2162 1325 2235 latebit

236 2281 304 2353 sub
325 2279 526 2377 reipublicae
546 2281 710 2354 vindicta.
731 2284 831 2356 Vale:
860 2284 896 2354 et
913 2279 1040 2377 perfice
1052 2284 1151 2375 quod
1173 2287 1325 2380 coepisti.
