2940 4650
231 293 291 358 526
343 360 346 365 ,
576 306 734 357 nrrsumx
755 305 971 354 utrrsuuunu.

230 446 380 520 cessitas
407 443 619 538 requirebat,
646 456 683 516 et
709 445 813 518 timeo
845 467 891 531 ue
910 444 988 517 sim
1021 445 1207 517 onustior
1239 468 1347 537 quam

231 577 378 662 oportet.
402 569 511 638 Decet
535 566 738 661 expeditum
770 587 853 638 esse
885 566 1057 659 impedito
1094 568 1241 640 itinere
1268 590 1346 659 gra-

230 690 396 765 dientem.
431 687 525 773 Quid
556 689 663 782 igitur
697 712 789 766 nuuc
820 690 925 768 etiam
950 689 1100 765 inutiles
1131 691 1343 762 sarcinulas

230 813 448 906 cogitamus?
465 811 653 903 Eleganter
672 811 720 883 ait
740 813 907 888 Flaccus:

813 1011 888 1074 Vitae
904 1027 1025 1074 summa
1046 1011 1168 1074 brevis

391 1107 482 1184 Spem
500 1123 555 1167 nos
573 1110 656 1169 vetat
672 1106 815 1171 inchoare
832 1111 962 1186 longam.

231 1302 280 1375 Ita
301 1312 379 1384 est3
401 1322 469 1374 nou
490 1302 640 1384 fallitur;
664 1302 750 1373 nihil
774 1314 836 1375 est
858 1302 988 1377 verius.
1014 1305 1096 1375 Etsi
1116 1305 1225 1379 onim
1247 1306 1331 1377 vitae

120 1421 122 1423 ’
231 1426 336 1498 buius
357 1425 648 1517 angustiasque
683 1447 870 1517 possumus
903 1426 1021 1508 modo,
1042 1435 1198 1496 aetatum
1236 1426 1330 1498 scili-

232 1559 288 1619 cet
316 1567 465 1639 operosa
498 1546 719 1621 distinctione
745 1550 919 1629 laxemus,
952 1557 988 1618 et
1017 1548 1051 1618 in
1080 1547 1326 1641 quantaslibet

232 1668 395 1739 minutias
424 1668 638 1757 dividamus,
672 1668 782 1742 reduc
819 1680 935 1742 tamen
971 1669 1007 1739 in
1045 1692 1154 1746 unam
1197 1680 1324 1741 cuncta

232 1793 449 1882 congeriem,
472 1801 507 1862 et
527 1791 702 1864 curiosius
736 1792 859 1865 scissa·
874 1791 1132 1882 redintegrans,
1163 1812 1187 1860 a
1207 1793 1322 1885 primo

230 1913 276 1985 ad
314 1913 471 1985 ultimum
511 1917 675 2007 quamvis
708 1915 923 2007 longissimae
955 1915 1040 1986 vitm
1076 1914 1175 1999 mem
1208 1924 1320 1987 totum
1441 1920 1442 1935 ¹

232 2035 335 2107 simul
370 2049 486 2110 mente
517 2039 770 2129 complectere:
803 2037 967 2111 fateberis
999 2057 1177 2109 summam
1214 2035 1318 2108 huius

231 2156 442 2250 rapidissimi
471 2159 636 2253 temporis
657 2180 738 2232 esse
755 2158 1015 2259 brevissimam.
1043 2157 1159 2231 Huius
1186 2157 1317 2250 ipsius,

229 2279 259 2350 si
305 2293 400 2353 retro
448 2281 649 2375 circumque
692 2282 910 2375 respicimus,
954 2281 1044 2353 bona
1084 2301 1172 2373 pars
1216 2281 1318 2355 uobis

168 2413 170 2417 ’
226 2414 353 2478 exacta
373 2414 438 2476 est.
462 2406 674 2497 colligamus
695 2427 759 2477 nos
780 2404 887 2497 igitur
908 2404 952 2477 ad
971 2414 1131 2476 extrema
1157 2404 1317 2487 viarum,

228 2524 395 2618 quodque
420 2549 490 2596 uon
522 2527 722 2617 ambigitur,
756 2527 915 2610 duriora,
947 2526 1165 2617 abiectisque
1193 2548 1319 2619 super-

229 2646 368 2751 vacuis,
402 2648 601 2720 necessaria
635 2659 839 2725 teneamus.
865 2648 958 2733 Quid
989 2648 1319 2740 procrastinamus?

229 2765 315 2857 quid
333 2767 548 2841 differimus?
570 2769 652 2841 Dios
673 2768 776 2856 diem,
797 2771 932 2844 ‘mensis
952 2791 1110 2842 mensem
1137 2771 1316 2864 sequitur,

388 2966 487 3042 Atque
505 2964 535 3026 in
553 2981 585 3026 se
603 2979 658 3027 sua
674 2979 729 3042 per
746 2962 874 3040 vestigia
892 2962 1031 3026 volvitur
1047 2977 1164 3037 annus,

231 3142 267 3202 ut
290 3134 456 3224 praeclare
477 3133 524 3203 ait
544 3135 663 3204 Maro:
690 3133 953 3228 desinendoque
979 3136 1135 3229 reincipit
1160 3148 1200 3213 et
1226 3162 1320 3212 nun-

227 3274 333 3345 quam
360 3253 409 3324 sic
435 3252 564 3324 desiuit
586 3267 623 3327 ut
646 3256 815 3349 quiescat.
845 3257 931 3340 Quis
965 3257 1072 3349 igitur
1096 3261 1319 3350 expectandi

228 3375 374 3447 modus?
403 3375 474 3447 Aut
498 3377 577 3470 quis
604 3378 708 3449 finis?
729 3379 842 3450 Canos
863 3380 930 3451 iam
952 3380 1096 3450 comites
1119 3386 1319 3455 senectutis

226 3508 262 3569 et
281 3499 421 3571 nuntios
449 3501 570 3572 mortis
602 3500 817 3594 aspeximus.
839 3501 931 3585 Quid
952 3501 1099 3594 amplius
1125 3509 1319 3595 praestola-

131 3663 132 3667 =
227 3625 329 3692 mur?
357 3622 415 3694 An
447 3632 485 3693 ut
514 3622 602 3694 oculi
639 3622 735 3694 senio
768 3624 930 3715 caligent,
959 3633 1108 3698 tremant
1142 3629 1316 3718 poplites,

228 3752 326 3836 terga
363 3749 575 3824 curventur?
608 3746 781 3829 Primum,
820 3747 899 3839 quis
938 3745 1208 3823 mathematicus
1245 3760 1319 3822 tam

227 3868 341 3957 longae
359 3865 459 3938 nobis
483 3887 633 3959 sponsor
652 3876 707 3938 est
728 3869 832 3939 vitae?
852 3869 962 3940 Esto:
985 3867 1030 3938 sit
1049 3868 1242 3956 Petosiris,
1272 3872 1320 3945 sit

227 3988 421 4084 NecepsuS,
443 3990 491 4061 sit
510 3989 669 4081 Nigidius
694 4011 739 4059 ex
771 3991 914 4075 uostris,
939 3990 984 4061 sit
1008 3990 1139 4061 veritas
1166 3990 1318 4070 &rmum

227 4108 324 4200 ipsa:
344 4124 475 4204 quauta
498 4122 616 4186 tamen
637 4113 786 4185 amentia
803 4122 858 4184 est
877 4113 972 4205 quod
993 4109 1096 4184 iustis
1121 4112 1159 4182 in
1185 4118 1319 4206 spatiis
