2804 4656
112 324 171 385 23⁰2
448 335 489 380 ns
511 331 611 380 nauus
632 331 855 380 ruurnmmnus

113 477 223 562 dabit,
247 475 523 568 semigermanus
566 475 723 566 semique
759 475 877 556 italus
899 471 1049 544 dilectus
1074 495 1192 555 meus,

115 603 217 672 bomo
242 599 326 689 vigil
352 609 457 690 atque
490 618 568 667 acer
599 598 633 666 in
666 597 790 666 litteris
820 596 1035 688 poeticisque
1056 590 1194 666 artibus

115 724 199 794 satis
221 721 412 803 exercitus,
435 719 481 789 ad
503 719 610 789 solius
631 720 731 788 lamae
753 717 918 802 sonitum,
939 719 1035 809 quod
1061 718 1090 789 si
1118 720 1196 789 imi-

114 856 243 916 tatores
261 842 432 913 invenerit
448 851 568 911 nostro
588 862 657 911 non
672 840 831 910 ultimum
853 841 968 912 studio
988 841 1095 912 decus
1114 842 1193 925 erit,

113 965 311 1062 posthabito
330 964 485 1047 Patavio,
512 965 660 1054 Pragam
688 964 783 1055 petit,
804 963 962 1034 discendi
983 966 1110 1036 avidus
1132 966 1196 1036 do-

114 1087 307 1181 cendique:
341 1087 469 1157 nullius
494 1086 634 1177 quidem
654 1087 704 1156 rei
724 1107 846 1176 egens
870 1088 934 1158 sed
954 1086 1003 1158 tui
1024 1099 1194 1181 appetens

115 1211 257 1283 favoris.
277 1210 464 1300 Peregrino
485 1208 615 1279 homini
636 1206 758 1278 faciem
783 1220 876 1278 tuam
897 1208 1019 1280 videre
1039 1210 1195 1300 potuisse

116 1335 262 1404 multum
287 1331 402 1402 fuerit.
429 1331 467 1403 ld
493 1353 533 1401 se
559 1331 647 1400 meis
676 1329 799 1399 litteris
825 1328 1032 1422 adepturum
1060 1342 1194 1421 sperat,

116 1457 170 1527 oui
190 1454 220 1524 si
238 1473 278 1524 se
294 1452 438 1542 dignum
460 1451 658 1545 praebuerit,
680 1453 761 1522 etsi
780 1454 903 1544 placet,
919 1461 982 1526 ¹tua
1000 1452 1085 1522 nulli
1102 1450 1196 1522 bono

117 1574 265 1648 difficilis
286 1573 542 1646 condescendat
565 1575 772 1645 humanitas.
797 1575 881 1644 Vale
906 1573 1064 1656 feliciter,
1091 1584 1138 1657 et,
1166 1578 1196 1645 si

117 1696 211 1790 quod
234 1706 287 1767 est
312 1695 440 1766 amoris
465 1695 550 1766 nudi
575 1697 747 1779 meritum,
784 1694 938 1766 rescribe
958 1695 1097 1786 aliquid,
1126 1718 1203 1789 qno·

117 1842 173 1891 me
191 1819 344 1905 nondum
364 1840 384 1888 e
407 1817 584 1888 memoriae
606 1828 675 1889 tuae
695 1840 777 1889 arce
796 1818 970 1889 deiectum
994 1822 1104 1888 laeter.

259 1976 396 2045 venetiis,
412 1975 459 2031 Vl.
476 1975 615 2032 Kalendas
631 1975 810 2052 Septembris.

620 2221 696 2232 —v-w-

517 2428 695 2491 EPlSl'OLA
717 2430 796 2491 XVII.

53 2605 56 2609 ’
118 2589 313 2639 FRANClSCUS
334 2589 503 2636 Pnuanncu
520 2589 639 2639 HUGONI
656 2590 770 2638 sunem
786 2591 934 2641 suvunlnl
951 2593 1060 2642 conlui
1076 2594 1103 2642 S.
1121 2597 1149 2643 P.
1166 2597 1196 2644 l).

154 2723 244 2777 Flocci
258 2739 287 2776 se
302 2722 392 2776 lacere
405 2722 479 2792 quod
494 2739 539 2776 res
554 2739 612 2776 suae
624 2723 738 2795 Neapoli
753 2741 832 2779 secus
846 2740 877 2779 ac
889 2725 1000 2796 optabat
1014 2727 1163 2784 acciderint

259 2828 292 2865 ex
307 2811 388 2882 culpa
401 2810 555 2866 aulicorum
569 2811 716 2868 hominum
730 2830 801 2884 quos
816 2816 895 2869 valde
910 2816 1057 2885 vituperat.

218 3051 365 3123 Litteras
387 3064 484 3138 tuas,
506 3055 634 3149 inclyte
658 3053 724 3136 vir,
746 3052 806 3122 diu
826 3063 1029 3145 expectatos
1046 3066 1081 3124 et
1100 3075 1198 3145 saepe

120 3172 236 3242 forsan
257 3173 466 3266 interceptas
488 3177 625 3247 tandem
648 3176 751 3246 hodie
772 3174 885 3269 recepi
906 3176 1046 3268 legique
1073 3175 1196 3246 libens.

119 3291 205 3363 Erat
223 3292 314 3363 enim
336 3294 436 3364 stilus
457 3296 596 3386 ingenio
617 3318 695 3367 meo
714 3294 859 3369 mirifice
880 3306 1072 3388 coaptatus.
1091 3298 1200 3368 Reco-

121 3414 228 3507 gnovi
252 3415 413 3506 equidem
435 3415 470 3484 in
489 3416 608 3486 verbis
635 3417 703 3488 tuis
724 3418 837 3488 Curiae
862 3440 979 3489 moros
1007 3419 1088 3489 olim
1115 3418 1199 3488 mibi
1295 3477 1297 3482 .

121 3538 279 3628 cognitos
300 3546 403 3629 atque
429 3537 573 3609 invisos.
599 3540 695 3609 Neve
721 3541 755 3609 in
773 3543 915 3631 longum
937 3562 1078 3625 exeam,
1105 3540 1199 3633 quod

121 3658 320 3730 valetudiue
360 3659 513 3753 inquieta
553 3671 588 3731 et
623 3662 906 3754 occupationibus
936 3664 1054 3733 multis
1080 3672 1197 3744 vetor,

122 3771 215 3869 quod
240 3781 286 3852 ad
311 3781 479 3853 illustrem
506 3784 629 3854 attinet
654 3785 810 3874 reginam
837 3785 909 3855 voti
933 3805 1076 3876 compos
1101 3782 1201 3854 debi-

123 3913 244 3997 torque
264 3909 418 3978 omnium
440 3928 528 3978 sum.
550 3908 662 3991 Quam
683 3929 767 3978 vere
788 3910 880 3978 enim
901 3910 1031 3989 nescio,
1061 3907 1125 3978 sed
1151 3906 1201 3976 sic

122 4026 205 4096 milri
227 4031 400 4119 persuasi,
424 4029 507 4098 nihil
529 4051 566 4099 se
586 4051 713 4121 meque
732 4029 879 4121 dignum
901 4039 1024 4123 sponte
1051 4051 1114 4100 sua
1133 4048 1202 4118 wge-

123 4169 286 4220 nerosum
323 4151 419 4223 illum
460 4174 694 4245 serenumque
732 4175 773 4224 ac
811 4151 1006 4225 beneficum
1045 4154 1199 4224 animum
