2804 4656
205 304 264 368 ato
543 319 584 366 ns
606 319 707 367 assos
728 319 954 366 rsnrnrsmnns

205 481 311 552 quem
332 461 483 541 fortuna,
507 481 611 550 quem
631 468 767 528 natorae
780 461 1000 551 fortunaeque
1015 457 1179 529 dominus
1193 461 1293 530 Chri-

206 592 283 653 stus
296 582 431 665 attollit,
448 604 551 674 quem
566 603 726 652 summus
740 580 919 651 hominum
934 581 1055 652 Caesar
1067 591 1172 665 amat,
1186 605 1292 674 qoem

205 706 376 776 mirantur
396 726 572 798 proceres,
600 706 719 800 populi
745 716 970 786 venerantur,
994 703 1186 775 Romanum
1213 707 1294 778 colit

164 832 168 841 '
205 827 404 921 imperium,
420 838 455 898 et
471 848 620 920 quorum
636 827 749 920 primo
771 827 981 920 sapientium
994 849 1038 897 an
1055 827 1291 918 eloquentium

204 953 321 1024 choris
347 964 464 1044 aequat
484 973 528 1022 an
549 954 712 1046 praeterat
736 952 771 1020 in
798 951 905 1043 dubio
930 962 995 1021 est.
1024 951 1151 1020 Contra
1175 963 1292 1022 aotam

205 1097 262 1145 me
288 1075 352 1144 vix
384 1074 466 1144 dum
487 1072 624 1144 viciniae
651 1083 772 1143 notam
798 1070 902 1154 mere,
931 1094 1000 1142 non
1025 1050 1113 1143 meis
1130 1072 1293 1143 laudibus

203 1197 376 1279 obrutum,
400 1198 432 1266 in
454 1199 566 1266 lucem
588 1196 682 1289 rapis
697 1207 736 1266 et
751 1196 855 1267 tando
872 1197 965 1268 tollis
985 1197 1030 1268 ad
1054 1196 1180 1268 sidera.
1199 1195 1291 1279 Quid

204 1322 283 1391 visi
307 1318 517 1411 Novi-quod
545 1322 580 1388 in
607 1319 733 1389 animis
759 1319 974 1390 audientium
995 1319 1219 1411 omnipotens
1239 1329 1294 1390 est

204 1443 370 1515 disertus.
392 1442 482 1534 Ipsis
503 1441 538 1510 in
559 1442 665 1512 rebus
689 1440 747 1512 ubi
771 1444 904 1513 veritas
931 1454 1056 1535 regnat
1082 1444 1215 1513 nnllam
1237 1442 1293 1512 ius

206 1565 311 1637 habet
331 1566 451 1635 oratio.
479 1565 611 1636 Ornare
637 1587 692 1635 me
718 1566 889 1636 facundiae
916 1577 985 1636 tuae
1010 1564 1157 1636 floribus
1178 1576 1290 1658 potes,

205 1697 340 1761 mutare
360 1712 429 1761 non
447 1699 563 1782 potes:
580 1711 647 1759 non
663 1689 692 1757 si
709 1712 762 1759 me
775 1689 896 1761 Cicero
908 1690 982 1782 ipse
1001 1688 1208 1772 laudaverit,
1225 1710 1293 1760 non

205 1814 236 1884 si
250 1812 531 1896 Demosthenen,
555 1834 624 1882 non
646 1813 674 1881 si
696 1813 801 1883 Maro.
829 1813 903 1883 Etsi
929 1811 1177 1906 praestringere
1199 1797 1293 1882 enim

204 1937 340 2031 possint
361 1937 473 2006 aliena
494 1934 630 2018 iudicia,
659 1959 702 2006 an
724 1935 864 2006 etmihi
889 1908 1010 2005 oculos
1036 1944 1212 2005 eruentut
1237 1955 1292 2006 mc

205 2064 281 2156 ipse
301 2083 371 2132 non
394 2062 556 2132 videam?
574 2063 684 2131 Tuum
704 2083 789 2151 ergo
811 2068 877 2145 est,
897 2060 990 2152 quod
1009 2060 1089 2129 olim
1109 2058 1293 2151 scripsisse

205 2185 266 2257 tibi
288 2185 425 2268 videor,
447 2206 520 2255 rem
540 2194 635 2254 tuam
654 2185 831 2276 quantivis
850 2185 951 2276 pretii
969 2186 1093 2272 facere.
1109 2183 1225 2252 Meum
1239 2191 1294 2252 est

203 2331 386 2391 menosse,
410 2309 455 2379 de
478 2329 532 2377 me
551 2308 635 2377 nolli
648 2308 804 2390 credere,
820 2319 855 2378 et
867 2307 1066 2400 praesertim
1087 2305 1143 2376 oni
1155 2306 1221 2375 sim
1236 2327 1293 2376 ca-

203 2452 265 2505 rus
287 2445 323 2502 ut
343 2430 415 2500 tibi.
439 2429 541 2498 Humi
560 2427 654 2498 fixus
673 2429 801 2499 talibus
819 2431 913 2501 auris
933 2428 1118 2499 non‘iacile
1139 2430 1287 2520 quatior,

203 2564 239 2625 et
260 2556 287 2625 si
302 2554 447 2646 quatior,
463 2572 531 2622 non
550 2553 741 2633 convellor;
754 2553 1006 2645 parvitatisque
1023 2570 1115 2621 meae
1127 2553 1290 2622 conscius

204 2685 338 2746 tantum
361 2672 441 2745 fidei
463 2672 567 2742 nullis
586 2671 703 2743 habeo
723 2677 889 2764 quantum
907 2675 981 2744 sine
998 2672 1079 2743 odio
1094 2684 1130 2743 et
1148 2673 1223 2742 sine
1240 2674 1291 2742 in-

203 2797 300 2868 vidia
321 2799 428 2868 vitam
450 2817 564 2866 meam
592 2798 789 2888 famamque
815 2796 1056 2889 carpentibus;
1077 2804 1114 2865 et
1132 2794 1176 2865 ad
1197 2817 1292 2866 som-

203 2942 295 2991 mam
317 2920 384 2991 nisi
406 2931 439 2992 te
461 2922 560 3013 plane
582 2941 739 3003 nossem,
763 2932 822 2992 aut
842 2922 871 2991 si
892 2942 972 3013 quae
990 2919 1154 2990 dicuntur
1171 2918 1235 2989 abs
1258 2928 1291 2990 te

204 3043 249 3114 ab
262 3042 330 3114 alio
348 3043 560 3126 dicerentur,
577 3043 673 3114 illudi
688 3042 878 3114 crederem.
896 3043 963 3114 Sed
981 3042 1074 3112 absit
1086 3054 1124 3112 ut
1136 3046 1181 3112 de
1194 3052 1290 3113 tanto

83 3236 88 3242 ,
203 3165 280 3236 viro
303 3176 371 3235 tarn
392 3164 476 3233 mihi
504 3167 662 3259 propitio,
690 3179 760 3239 tam
788 3175 955 3259 spectatae
982 3165 1074 3247 fidei,
1104 3177 1172 3234 tam
1198 3177 1289 3234 notae

202 3287 353 3372 virtutis
367 3285 555 3380 quidquam
576 3290 745 3389 suspicer,
766 3290 831 3360 nisi
846 3299 987 3372 rectum,
1003 3287 1201 3372 candidum,
1218 3287 1289 3356 sin·

203 3433 333 3484 cerum.
356 3411 468 3483 Credo
485 3411 618 3504 aedepol
643 3421 675 3483 te
697 3414 790 3506 loqui
811 3411 907 3506 quod
932 3412 967 3480 in
993 3412 1108 3481 animo
1131 3422 1189 3481 tuo
1215 3421 1286 3480 est:

204 3535 267 3605 sed
290 3535 324 3604 in
344 3533 459 3605 animo
478 3544 536 3604 tuo
553 3556 634 3605 esse
653 3536 747 3627 quod
763 3538 795 3606 in
810 3559 866 3607 me
881 3557 950 3606 non
967 3547 1032 3605 est.
1055 3534 1130 3624 Ego
1146 3533 1288 3625 quidem

205 3653 237 3723 in
261 3655 403 3746 reliquis
425 3656 472 3725 tui
495 3657 639 3726 mirator
659 3658 848 3743 acuminiS,
872 3659 952 3729 huic
975 3657 1031 3728 uni
1054 3659 1209 3748 gratulor
1234 3679 1289 3727 er-

204 3778 274 3848 rori
295 3788 369 3862 tuo,
392 3798 494 3872 quem
516 3799 586 3848 non
607 3779 765 3850 defectus
791 3782 936 3872 ingenii,
957 3781 1020 3852 sed
1037 3802 1146 3860 amor,
1167 3781 1286 3872 pietas,

203 3898 382 3971 urbanitas
408 3898 545 3971 radices
571 3899 799 3971 nobilissimae
831 3923 1007 3995 peperere.
1036 3899 1105 3972 Sed
1131 3911 1170 3971 ut
1195 3901 1289 3973 desi·

203 4039 297 4105 nam,
319 4041 400 4093 ecce
421 4022 539 4105 venio,
562 4021 702 4115 quando
723 4023 773 4100 sic
799 4024 936 4117 penitus
961 4023 1230 4117 Caesariplacct
1253 4033 1288 4093 et

204 4139 279 4210 tibi:
300 4153 336 4212 ot
355 4146 550 4228 redonen,
566 4144 734 4237 quodais,
766 4157 804 4216 ut
821 4145 978 4228 doceam,
1001 4145 1062 4216 sed
1081 4154 1118 4216 ut
1137 4145 1282 4230 discam,
