2992 4664
208 288 266 350 33⁰2
693 300 855 360 vanrnnun

207 459 245 520 tu
262 446 422 531 dictasti,
445 445 540 517 filius
562 457 641 518 tuus
661 446 722 539 qni
746 458 781 518 et
801 467 900 518 meus
921 456 976 518 est
997 447 1111 533 filius,
1135 448 1205 519 nisi
1234 451 1297 521 fal-

208 574 280 652 lor3
305 569 452 661 sor-ipsit.
480 568 620 640 Litteris
648 569 732 640 tanti
762 570 869 662 patris
895 571 1072 640 reverenti
1099 582 1206 653 metu,
1231 571 1296 643 sed

208 715 276 763 non
303 692 376 763 sine
405 691 555 783 quadarn
588 690 714 762 fiducia
741 701 922 785 concepta,
947 713 1017 763 noo
1050 691 1095 761 de
1118 693 1199 763 ullis
1221 715 1296 764 me-

208 815 283 886 ritis
305 813 406 897 meio,
435 812 498 885 sed
518 814 562 884 de
585 815 659 883 sola
680 813 790 906 ipsius
811 823 846 883 et
866 814 948 885 olim
970 824 1005 884 et
1024 836 1118 885 nnnc
1140 816 1295 887 maxime
1330 829 1333 833 “

209 936 347 1029 cognita
368 936 450 1006 mihi
472 937 686 1007 humanitate
710 937 922 1028 respondem
943 937 1029 1028 quid
1049 958 1119 1008 non
1140 936 1236 1011 dieo:
1258 949 1294 1010 tu

207 1063 269 1153 qui
279 1083 369 1131 suas
384 1059 537 1143 dictasti,
552 1061 671 1131 literas
684 1082 781 1132 meas
796 1063 903 1150 leges.
923 1058 1068 1131 Permisi
1087 1062 1172 1131 mihi
1187 1064 1295 1156 'paulo

209 1184 352 1255 liberius
386 1183 550 1272 evagari,
584 1204 690 1275 quam
729 1182 949 1254 considerata
984 1182 1094 1277 ipsius
1121 1186 1295 1275 magnitu-

209 1308 291 1379 dine
307 1306 529 1387 debuissem;
545 1304 609 1375 sed
630 1305 882 1377 humanitatem
897 1307 1007 1376 solam
1025 1316 1060 1376 et
1076 1308 1294 1379 clementiam

210 1430 381 1521 cogitavi:
408 1451 452 1499 ne
485 1436 610 1497 tarnem
645 1428 789 1519 nimium
824 1427 1041 1518 multiloquio
1074 1429 1295 1519 importunus

213 1550 349 1635 fierem,
373 1548 518 1619 sraenavi
539 1548 722 1640 impeturn,
744 1558 780 1618 et
806 1549 841 1618 iu
868 1547 972 1619 finem
999 1550 1118 1620 remisi
1144 1572 1226 1620 eum
1253 1549 1296 1620 ad

210 1673 275 1743 has
302 1681 380 1742 tuas
401 1671 535 1743 litteras
559 1682 595 1741 nt
620 1671 768 1743 videbis.
797 1673 940 1742 Summa
973 1681 1088 1743 autent
1115 1672 1195 1742 haee
1228 1683 1293 1743 est.

210 1795 297 1885 Ego,
315 1796 433 1878 trater,
451 1793 479 1863 si
497 1794 582 1885 qnid
596 1792 680 1863 mihi
692 1792 736 1864 ad
756 1783 862 1863 vitam
883 1792 987 1862 unius
1000 1790 1156 1862 canonici
1169 1792 1295 1862 deesse

211 1918 333 2001 dicam,
358 1917 518 2011 mentiar-3
538 1918 601 1988 sed
622 1917 650 1987 si
671 1917 812 2000 dixero,
835 1939 889 1987 me
906 1919 1024 2007 plures
1044 1915 1176 1987 habere
1197 1927 1296 1988 notos

211 2053 247 2112 et
271 2044 372 2134 plura
396 2042 476 2112 inde
504 2042 710 2132 gravamina
731 2062 836 2134 quam
864 2050 973 2111 totum
994 2039 1295 2131 lereoapitnlum,

211 2166 312 2238 onius
331 2185 399 2255 ego
420 2185 501 2258 pars
532 2185 628 2248 snm,
664 2163 808 2234 forsitan
840 2168 909 2234 non
936 2163 1103 2244 mentiar3
1139 2183 1221 2254 qnae
1254 2185 1296 2233 an

212 2288 386 2359 declinare
414 2289 482 2357 ulla
504 2297 578 2357 arte
601 2289 736 2356 valeam
758 2289 892 2376 ignoro.
915 2287 1015 2377 Saepe
1041 2295 1134 2356 cene
1153 2286 1297 2356 tentanti

212 2433 388 2501 nunqnam
415 2409 584 2478 hactenus
609 2407 794 2491 successit,
826 2408 919 2479 unde
940 2407 1025 2477 mihi
1050 2429 1121 2478 non
1144 2408 1297 2498 exiguus

212 2533 296 2602 vitae
318 2531 429 2612 labor,
449 2541 484 2600 et
510 2529 671 2620 quamvis
693 2528 837 2600 forsitan
859 2531 1034 2619 gloriosa,
1059 2539 1172 2600 tamen
1203 2528 1297 2600 hand

213 2652 318 2723 dubie
341 2649 487 2721 taediosa
504 2650 729 2742 perplexitas.
744 2649 779 2718 Si
793 2672 947 2742 quaeras
964 2673 1047 2720 num
1062 2651 1155 2742 quod
1178 2661 1296 2736 restat,

214 2771 361 2843 transire
383 2772 526 2864 possim,
547 2780 584 2842 ut
598 2793 690 2841 nuno
705 2793 816 2863 nsque
837 2772 999 2854 transivi;
1015 2793 1156 2864 possum
1180 2775 1296 2864 plane,

213 2898 279 2969 sed
309 2896 579 2990 haudquaquam
612 2895 745 2967 facilius
779 2917 887 2986 quam
921 2895 1025 2975 olim,
1063 2893 1169 2965 immo
1194 2916 1298 2966 vuero

214 3018 401 3101 difficilius,
429 3020 524 3110 qnod
544 3031 579 3090 et
606 3018 742 3090 sarcina
772 3019 808 3087 in
841 3018 916 3088 dies
951 3029 1110 3108 augetur,
1139 3027 1174 3088 et
1201 3020 1297 3089 vires

216 3140 427 3209 minuuntur.
447 3140 566 3212 Habeo
586 3141 642 3211 hio
664 3139 901 3233 praehendam,
916 3161 997 3231 qnae
1014 3139 1096 3208 mihi
1119 3163 1244 3232 panem
1266 3149 1299 3211 et

215 3263 336 3333 vinum
357 3263 418 3332 dat
437 3283 506 3332 non
524 3265 636 3333 solnm
657 3262 702 3333 ad
724 3264 907 3345 utendum,
940 3261 1001 3333 sed
1023 3263 1127 3332 etiam
1149 3263 1196 3334 ad
1213 3284 1300 3333 ven·

173 3479 176 3482 y
214 3385 379 3458 dendum.
399 3384 599 3456 Residentia
617 3384 699 3454 mihi
719 3384 848 3476 aliquid
862 3387 1002 3466 valeret,
1020 3385 1083 3456 sed
1095 3407 1163 3475 ego
1183 3385 1296 3466 urbes,

217 3511 266 3579 nti
291 3509 469 3598 ergastula
485 3505 591 3597 fugio,
617 3515 652 3576 et
670 3505 782 3596 magis
808 3507 900 3598 eligo
923 3507 1074 3578 solitario
1104 3505 1139 3574 in
1162 3529 1243 3577 rnre
1269 3506 1298 3576 si

216 3642 371 3723 oporteat
392 3629 541 3712 esurire,
564 3651 669 3721 quam
691 3629 724 3698 in
749 3628 894 3700 urbibus
912 3627 1112 3699 abundare:
1133 3628 1297 3718 quamvis

215 3757 308 3824 nulla
330 3756 420 3845 suga,
456 3755 560 3824 nnllae
591 3773 648 3822 me
678 3750 820 3823 latebrae
849 3773 869 3820 a
903 3771 1074 3821 eononrsu
1103 3759 1297 3841 protegant.

217 3876 337 3950 Habeo
357 3877 525 3958 famulos·
542 3874 616 3945 sine
636 3873 765 3966 quibus
786 3873 916 3945 utinam
935 3872 1059 3943 vivere
1077 3893 1219 3964 possem
1241 3881 1300 3940 aut

219 3999 360 4067 scirem:
383 3998 496 4069 haheo
516 4018 624 4090 equos
643 3997 786 4090 quando
811 3996 1009 4088 panciores
1037 3996 1126 4067 duos
1158 3998 1298 4074 saltem&

218 4130 253 4188 ot
271 4128 307 4190 ut
329 4120 447 4192 sileam
466 4142 546 4214 qnae
568 4129 649 4192 sunt
670 4119 827 4192 historiae
848 4118 1026 4209 longioris
1051 4122 1145 4189 soleo
1166 4117 1296 4190 hahere
