2940 4650
587 289 739 378 nelsrona
760 329 802 375 ιιι.
1171 315 1229 376 509

149 472 337 542 inferorum
360 469 456 542 adire
477 470 615 540 vellem.
631 509 675 521 --
689 466 805 539 Verba
825 481 905 539 sunt
922 469 1008 551 haec,
1031 470 1094 542 sed
1109 488 1227 541 veram

90 644 93 649 ψ
149 615 292 683 causam
315 594 452 685 explica
473 612 608 683 quaeso.
626 632 670 643 —
685 591 758 662 lmo
780 600 816 661 lu
836 592 974 685 explica
992 613 1055 662 cur
1076 592 1159 660 mibi
1185 591 1230 661 sit

145 713 312 805 optanda.
330 755 374 766 -
390 715 435 785 Ut
455 713 500 785 sit
527 713 588 783 tibi
614 712 721 794 socia,
746 733 873 784 comes.
889 713 1067 795 -socia,
1089 716 1230 784 comes?

150 835 258 905 Erras
291 835 554 907 vehementer:¹
576 834 646 904 imo
674 841 711 904 ut
738 833 782 903 sil
808 831 889 902 mihi
917 833 1067 925 iurgium
1095 834 1227 918 audax,

151 977 308 1026 murmur
340 958 520 1049 frequens,
555 956 681 1026 infesta
714 955 881 1047 suspicio,
916 935 1112 1047 importuna
1138 958 1229 1025 zelo-

151 1077 257 1172 typia,
284 1099 389 1170 poena
421 1077 626 1162 domestica,
653 1074 759 1147 febris
782 1076 958 1160 continua,
981 1076 1108 1148 decora
1129 1099 1230 1171 spur-

150 1200 242 1280 citia,
264 1200 371 1271 facies
391 1201 497 1284 culta,
516 1201 626 1271 forma
647 1219 814 1282 venerea,
833 1201 927 1270 color
944 1197 1060 1282 lictus,
1080 1199 1230 1270 viscosae
1313 1240 1316 1243 ν

151 1340 264 1411 genae,
286 1321 408 1392 lascivi
429 1330 567 1412 gestus,
591 1320 752 1412 girovagi
774 1319 937 1402 intuitus,
959 1321 1050 1391 oculi
1075 1320 1227 1412 prodigi,

150 1441 259 1514 ubera
276 1443 442 1524 demissa,
460 1445 681 1529 tumefactum
699 1453 832 1545 pectus,
847 1441 905 1511 ilia
922 1442 1081 1533 gracilia,
1099 1452 1228 1513 escatae

150 1562 341 1647 illecebrae,
362 1562 468 1636 verba
488 1566 634 1656 petulca,
655 1563 783 1635 blanda
802 1563 1093 1647 lraus„simulala
1115 1565 1230 1657 suspi-

150 1687 220 1771 ria,
242 1687 309 1778 piae
329 1687 453 1759 indolis
475 1708 635 1780 serpens,
659 1688 832 1758 lacrimosi
853 1688 959 1770 risus,
982 1687 1118 1759 discors
1145 1709 1229 1758 cou-

150 1807 308 1889 sortium,
342 1804 490 1878 infidelis
524 1828 657 1889 comes,
688 1827 801 1877 vorax
826 1806 943 1889 AElna,
975 1807 1227 1878 clandestinum
1336 1862 1340 1873 ι

149 1925 317 2011 dedecus,
340 1927 469 1998 rivales
490 1928 612 2019 ignoti,
635 1928 767 1999 coenosi
792 1928 1011 2013 concubitus
1039 1928 1155 1999 abdita
1182 1930 1230 2000 le-

149 2051 302 2136 nocinia,
329 2061 409 2141 post
440 2061 575 2140 tergum
599 2049 764 2135 ludibria,
785 2049 912 2121 domus
934 2051 1067 2143 praedo,
1095 2054 1228 2123 occulta

149 2174 257 2255 mala,
278 2180 492 2265 praepostera
508 2170 693 2264 obsequia,
711 2172 900 2244 amicorum
919 2173 1041 2245 odiosa
1059 2173 1226 2264 repulsio,

150 2315 307 2387 expensa
332 2294 461 2365 eximia
495 2294 620 2388 inopiae
645 2316 801 2374 consors,
827 2295 1063 2366 inextimabile
1090 2294 1227 2386 iugum,

151 2425 315 2487 terrestre
335 2416 569 2507 naufragium,
590 2427 625 2486 et
642 2416 773 2499 influe,
794 2414 908 2487 ablata
922 2437 1015 2508 pace,
1031 2417 1073 2486 lis
1087 2425 1227 2487 aeterna.

151 2535 297 2607 Causam
315 2536 455 2621 audisti,
475 2559 540 2608 nec
555 2547 682 2616 caetera
698 2538 915 2629 complector.
931 2579 976 2590 -
988 2538 1076 2609 Num
1095 2540 1154 2607 lex
1167 2536 1228 2608 [lei

152 2659 280 2730 sociam
314 2660 378 2732 tori
411 2682 479 2732 nou
509 2659 686 2731 instituit?
712 2701 755 2712 —
783 2661 892 2731 Simul
919 2670 954 2732 et
984 2661 1228 2731 continentiam

151 2779 313 2863 instituit,
348 2802 388 2852 ac
421 2780 580 2854 coelibem
607 2781 731 2866 vitam,
754 2793 789 2852 et
809 2793 911 2852 extra
938 2782 1027 2853 banc
1060 2785 1228 2853 infernam

153 2900 282 2971 rabiem
310 2902 477 2992 singulari
509 2902 621 2992 gratia
654 2903 801 2994 ipsemet
825 2902 935 2972 voluit
954 2923 1035 2972 esse
1057 2905 1160 2973 Dens.
1182 2939 1230 2957 --

152 3024 201 3094 lta
221 3045 317 3115 ergo,
339 3024 435 3094 illum
456 3024 568 3095 oderit
589 3027 682 3095 Deus
703 3025 763 3116 qui
785 3045 823 3094 se
840 3023 1059 3096 matrimonio
1085 3025 1230 3096 coniun-
1326 3014 1329 3024 ’

106 3176 109 3179 ·
152 3145 415 3216 ueriti—Non
435 3147 560 3230 oderit,
589 3146 653 3217 sed
676 3166 757 3238 quae
784 3145 940 3218 homines
966 3146 1123 3219 ambiunt
1151 3170 1229 3240 per-

154 3269 268 3340 mittit.
285 3268 379 3339 —Si
401 3267 477 3339 haec
496 3267 657 3340 omnibus
680 3270 841 3340 voluntas
863 3262 958 3340 esset
979 3270 1229 3363 periclitaretur

153 3389 316 3460 mundus.
332 3431 376 3442 -
392 3391 441 3462 Ne
462 3392 543 3463 time
570 3391 615 3462 ob
642 3392 731 3463 hanc
757 3413 899 3462 causam
922 3391 1104 3483 periclitari
1129 3414 1228 3461 mun·

152 3510 248 3583 dum.
274 3513 404 3585 Extant
428 3515 519 3585 enim
548 3516 709 3609 pellicum
731 3524 766 3585 et
785 3511 1059 3586 concubinarum
1080 3533 1226 3606 greges,

152 3655 221 3705 non
254 3643 386 3706 tantum
412 3636 546 3727 iugales
573 3639 832 3728 lrequentantes
859 3644 969 3719 toros,
997 3634 1060 3706 sed
1085 3646 1120 3705 et
1146 3656 1229 3727 pon·

153 3755 282 3828 tilicum
314 3756 414 3840 atria,
450 3757 672 3830 sacerdotum
706 3757 844 3842 domos,
873 3757 1076 3829 clericorum
1103 3759 1226 3842 cas'aS,

151 3878 401 3950 monachorum
426 3881 589 3964 cellulas,
622 3881 656 3949 in
688 3878 754 3951 hoc
783 3899 972 3950 venereum
1008 3879 1226 3951 volutabrum

152 4022 277 4092 magno
297 4000 459 4074 discursu
483 4002 680 4087 fluentium,
701 4003 832 4073 mutuis
859 4002 1063 4074 alternando
1089 4002 1226 4075 vicibus

153 4125 280 4212 passim
311 4124 511 4196 cohabitare
538 4146 582 4195 ne
612 4123 762 4203 mundus
788 4123 925 4195 desinat
951 4124 1028 4219 (sic).
1054 4166 1096 4176 —
1118 4127 1226 4198 Exul-
