2738 4680
271 328 364 380 nrnsn
385 329 550 381 uouemus
571 328 743 380 sncuunns.
759 351 790 359 -
806 330 960 380 nrrsroun
981 331 1009 379 v.
1130 319 1187 382 135

105 471 152 541 tui
173 470 280 541 animi
300 491 384 542 cura
406 480 474 542 tam
502 470 664 557 humilis,
685 482 722 543 et
742 471 773 542 si
793 492 813 543 a
836 482 868 543 te
891 470 1043 545 reiicitur
1069 493 1187 566 reper-

104 601 179 662 tura
193 590 292 675 alios,
307 602 342 664 ct
354 596 481 685 oniqne
496 593 621 664 melius
634 593 810 666 credenda
822 613 927 685 qnam
948 591 1018 662 tibi.
1033 594 1186 667 Ostende

16 766 17 769 ,
104 712 260 786 Pontifici
280 725 313 787 te
338 738 407 787 non
426 736 531 811 posse
556 715 651 809 qnod
676 726 826 811 poteras.
853 717 1008 789 Ostende
1027 726 1063 790 et
1082 739 1187 812 posse

105 836 191 909 alios
212 848 248 909 et
273 848 394 930 optare
414 838 507 930 quod
532 850 570 910 tu
590 839 694 930 iugis.
721 838 790 911 Ora
810 849 849 910 ut
869 838 938 912 illis
962 850 1079 936 optata
1099 840 1187 911 mili-

105 959 157 1043 tia,
180 959 243 1030 tibi
263 958 380 1031 debita
397 961 579 1032 vacatione
598 960 802 1054 provideat:
821 961 971 1054 denique
987 971 1187 1035 constanter

104 1103 202 1173 nega.
225 1081 336 1152 Pluris
358 1083 416 1153 ille
438 1093 471 1154 te
492 1084 608 1155 laciet:
632 1095 667 1156 et
687 1084 718 1154 si
738 1085 911 1176 repulsam
932 1083 1059 1171 oderit,
1078 1086 1186 1158 virtu·

106 1211 169 1274 tem
189 1202 309 1296 diliget
324 1205 624 1298 constantiamque
642 1205 834 1290 mirabitur,
850 1227 890 1277 ac
903 1226 1027 1297 rogare
1040 1207 1185 1278 desinet.

104 1326 234 1396 Verum
267 1338 322 1399 est
346 1327 438 1400 enim
473 1327 757 1399 declamatorium
785 1327 870 1399 illud
900 1327 994 1422 apud
1019 1328 1186 1400 Senecam

105 1468 196 1517 nemo
228 1451 358 1538 sortitor
389 1460 564 1539 nepotalem
593 1450 713 1520 ilatum
748 1451 887 1538 ropooit.
922 1449 1004 1519 Haec
1036 1446 1096 1519 tibi
1130 1451 1186 1519 tali

105 1570 190 1654 viro,
214 1572 409 1644 clarissime
430 1573 512 1644 milri
533 1573 634 1645 Pater
655 1583 690 1644 et
708 1572 901 1656 carissime,
929 1594 997 1645 non
1019 1573 1186 1645 auderem

105 1693 206 1786 loqui,
229 1694 297 1765 nisi
319 1695 410 1767 illinc
430 1696 657 1768 modestiaet
678 1695 877 1766 humanitas
900 1703 969 1781 tua,
991 1695 1071 1767 hinc
1088 1717 1187 1767 meus

105 1838 207 1901 amor,
231 1838 310 1888 mea
327 1816 426 1904 fides,
449 1821 557 1902 zelus,
578 1838 688 1910 pavor
705 1817 838 1889 animos
856 1816 990 1888 darent.
1009 1818 1079 1888 Has
1095 1817 1187 1889 enim

104 1940 402 2031 peregrinationes
424 1955 502 2012 tuas
529 1952 598 2011 tam
624 1937 766 2010 crebras
793 1948 863 2009 tam
883 1938 1042 2012 difficiles
1067 1938 1189 2012 simul-

105 2083 171 2154 que
193 2073 264 2133 tam
285 2063 407 2153 longas
426 2083 466 2133 ac
488 2063 668 2153 longaevas
690 2071 822 2145 metuo,
845 2069 880 2131 et
901 2070 1013 2131 morte
1033 2061 1133 2153 peius
1153 2059 1187 2130 in

103 2196 170 2278 quo
184 2185 258 2279 ipse
270 2184 643 2279 periclitorpericnlum
657 2182 831 2255 tuumodi.
848 2182 1016 2267 Subsiste,
1029 2183 1185 2268 obsecro,
1203 2257 1208 2273 ¹

106 2319 241 2401 tempus
267 2318 332 2378 est.
360 2308 497 2391 Quanto
523 2317 640 2378 autem
666 2328 758 2378 nuno
785 2316 817 2378 te
844 2304 985 2379 videndi
1010 2306 1187 2379 desiderio

105 2430 223 2503 trahar
242 2432 436 2525 promptius
462 2430 523 2502 tibi
550 2428 735 2521 cogitando
755 2431 871 2515 fuerit,
899 2450 1004 2521 quam
1026 2429 1110 2500 mihi
1136 2432 1188 2501 lo-

105 2554 243 2648 quendo
273 2554 424 2647 assequi.
453 2553 507 2625 Ab
537 2555 638 2625 annis
664 2553 795 2626 teneris
821 2554 914 2624 intus
939 2563 974 2624 et
999 2564 1101 2625 extra
1127 2551 1188 2623 tihi

105 2678 265 2769 cognitus
291 2675 376 2769 quid
402 2697 422 2747 a
449 2686 481 2747 te
508 2686 663 2748 semotus
690 2676 756 2748 hoc
782 2679 962 2769 septennio
986 2677 1188 2769 profecerim

104 2797 228 2868 dicam.
256 2797 433 2890 Siquidem
459 2819 539 2869 onnr
566 2798 634 2868 iam
661 2807 748 2869 aetas
779 2798 880 2869 vanis
906 2796 1083 2868 amoribus
1115 2798 1188 2868 fere

105 2922 217 2995 omnia
241 2919 482 3005 'subtraxerit,
520 2918 691 2992 infinitum
729 2918 895 3012 quiddam
932 2918 1024 2991 iusto
1056 2918 1188 2992 addidit

104 3044 223 3114 amori.
246 3042 406 3114 Solebam
432 3041 550 3113 mirari
572 3046 681 3113 multa
701 3062 781 3135 quae
807 3064 899 3134 nunc
920 3062 1061 3135 sperno,
1089 3062 1187 3134 qnae-

105 3165 181 3235 dam
203 3186 321 3237 amare
342 3169 422 3259 qnae
435 3187 534 3245 *nunc
554 3166 669 3250 ardeo,
693 3165 739 3238 ita
760 3186 829 3258 quo
855 3165 971 3236 senior
992 3165 1026 3235 in
1047 3163 1124 3236 dies
1145 3185 1187 3235 eo

105 3285 183 3358 hino
200 3288 378 3381 algentior‚
395 3287 476 3359 hinc
488 3287 662 3360 ardentior
677 3287 722 3361 fio
737 3288 800 3383 (lic
812 3285 929 3358 desunt
941 3286 1128 3380 nonnullo).
1143 3287 1188 3356 lll

105 3411 261 3484 fortassis
283 3411 438 3504 implebit
456 3410 521 3482 hoc
541 3411 813 3506 pulcherrimum
835 3411 1049 3484 desiderium
1071 3430 1187 3480 meum
1307 3424 1310 3425 ’

105 3535 208 3620 liene,
223 3545 420 3628 antequam
434 3533 734 3627 moriendumque
747 3536 863 3607 minus
877 3533 1090 3629 expectabor
1103 3534 1187 3605 ade-

106 3677 151 3727 ro.
164 3657 236 3728 Oh!
259 3656 288 3728 si
307 3657 396 3730 inter
415 3656 549 3729 libellos
567 3667 646 3730 tuos
668 3657 880 3753 improvisus
897 3658 1045 3741 exoriar‚
1065 3656 1130 3726 oh!
1153 3662 1184 3730 s‘r

107 3780 254 3854 herbosa
268 3781 303 3851 in
317 3782 390 3876 ripa
405 3782 480 3876 pnri
493 3780 616 3868 amnis,
631 3783 692 3853 oh!
710 3784 738 3852 si
753 3785 822 3854 alta
837 3781 904 3852 sub
918 3802 1004 3876 rupe
1017 3778 1110 3852 unde
1126 3779 1187 3850 ille

107 3916 222 3978 noster
241 3915 339 3978 tanto
355 3927 434 3977 cnm
456 3925 635 3977 murmure
652 3905 797 3978 fontium
819 3926 884 3976 rex
901 3903 1072 3998 erumpit!
1097 3903 1187 3974 Inte-

107 4028 166 4100 rim
187 4030 351 4102 Soorates
372 4048 473 4099 meus
494 4027 542 4099 ibi
562 4037 627 4111 est,
650 4028 826 4101 imovero
847 4027 1007 4098 Socrates
1029 4037 1123 4100 tuus.
1146 4024 1188 4096 Il·

108 4151 172 4224 lnm
193 4174 319 4250 precor
339 4160 377 4224 ut
400 4152 496 4236 lacis,
518 4163 554 4224 et
579 4151 612 4221 in
638 4150 697 4224 illo
718 4174 772 4224 me
794 4149 904 4223 solitis
925 4151 1059 4243 paterni
1081 4149 1185 4222 animi
