2738 4680
261 328 355 380 nunu
376 325 540 379 vrossmus
562 328 952 381 saturnus-sussum
972 331 1012 381 ιι.
1114 317 1171 381 137

97 480 134 545 ιιι
154 470 327 543 viantium
348 493 424 545 mos
444 480 510 555 est,
534 471 597 543 sed
617 472 757 564 longam
776 473 864 546 adeo
883 484 923 545 ιιι
942 479 1101 544 coactum
1122 470 1175 543 di·

96 616 194 667 ceres
217 592 327 666 abire:
349 594 395 667 ad
415 615 588 666 summam
610 593 689 666 lecit
714 596 827 666 locum
848 617 952 688 quem
974 603 1099 667 cuncta
1119 616 1176 665 re·

96 718 213 788 visant
226 718 364 799 saecula,
377 739 482 810 quem
496 737 565 788 non
579 717 757 791 Romanus
770 717 873 790 modo
885 721 942 791 vel
956 720 1175 791 Florentinus

96 841 244 936 hospes,
268 839 331 912 sed
347 839 486 912 virtutis
507 840 642 913 amicus
662 839 812 935 quisque
828 840 894 913 erit
914 841 980 914 hac
1000 841 1174 915 transiens

98 963 227 1036 adoret.
250 964 295 1033 Et
313 961 397 1056 quid
417 961 552 1048 dicam?
571 961 691 1035 Totam
713 964 803 1036 hano
824 966 955 1057 regiam
975 964 1097 1037 urbem
1111 987 1175 1038 sno

98 1083 286 1158 laetificavit
306 1086 473 1169 adventu,
496 1093 532 1157 et
550 1087 662 1159 fronte
690 1084 825 1158 siderea
851 1086 1028 1159 serenavit
1048 1087 1174 1159 mirum

98 1208 131 1286 in
148 1207 306 1294 modum,
321 1219 357 1280 et
369 1207 520 1281 dominis
534 1216 655 1301 gratus
669 1218 704 1281 et
720 1211 859 1304 populo,
874 1209 959 1281 mihi
972 1231 1176 1305 veroquam

99 1329 302 1423 plurimum,
323 1326 505 1422 quodiam
525 1328 738 1424 impossibile
755 1333 847 1404 lactu
860 1329 977 1417 rebar,
999 1333 1176 1425 antiquam

99 1451 189 1523 illam
212 1449 278 1521 sibi
299 1449 433 1546 pridem
450 1449 524 1522 dati
542 1450 647 1522 animi
664 1449 957 1539 benevolentiam,
976 1453 1174 1538 cumulavit,

99 1573 279 1666 effecitque
295 1572 379 1644 illud
392 1573 481 1645 inter
497 1577 663 1647 mortales
676 1573 844 1647 eximium
862 1596 1048 1662 acrarum,
1062 1584 1101 1647 ut
1116 1575 1177 1648 diu

99 1696 225 1790 cogniti
239 1694 302 1768 sed
313 1719 491 1790 nunquam
506 1698 575 1769 visi
587 1697 757 1771 hactenus
769 1700 895 1771 famam
909 1698 977 1770 viri
989 1719 1059 1770 nou
1073 1700 1177 1772 modo

100 1843 163 1892 non
184 1819 359 1891 minueret
370 1820 559 1915 praesentia
571 1822 635 1893 sed
652 1830 809 1914 augeret,
823 1821 918 1915 quod
932 1823 1003 1893 lere
1019 1820 1062 1893 de
1083 1824 1177 1894 nullo

100 1964 251 2038 unquam
272 1943 362 2030 vidi,
381 1943 426 2016 de
446 1945 569 2038 paucis
594 1944 673 2037 legi.
697 1943 748 2016 Tu
773 1944 833 2019 tali
858 1943 969 2018 amico
988 1946 1074 2019 felix
1093 1944 1177 2017 vive

100 2075 131 2138 et
144 2069 225 2141 vale
246 2068 357 2141 nostri
378 2089 523 2141 memor.

239 2224 403 2296 Mediolani,
414 2198 482 2283 vuvr
497 2226 638 2285 Kalendas
652 2226 834 2302 Septembris.

512 2637 691 2703 EPlSTOLA
712 2639 769 2704 llll.

208 2807 405 2861 rutuclscus
423 2806 591 2858 PETRARGA
612 2805 834 2858 tuotuscurtul
854 2806 914 2856 SUO
937 2805 964 2855 S.
984 2807 1013 2855 P.
1035 2806 1066 2855 Ι).

109 2968 231 3026 Graviter
246 2984 312 3023 eum
327 2966 464 3036 obiurgat,
479 2981 563 3036 quem
577 2963 660 3020 domo
674 2964 730 3021 iam
745 2963 873 3033 eiecerat,
891 2968 919 3018 et
931 2962 1035 3019 frustra
1049 2963 1170 3020 reditum

370 3054 558 3126 postulantem
571 3053 698 3108 hortatur
712 3057 744 3107 ut
756 3051 910 3123 resipiscat.

148 3288 149 3292 ¹
192 3303 341 3376 Possem
362 3324 429 3395 ego
451 3308 485 3374 te
500 3323 632 3386 amare,
656 3301 687 3373 si
706 3323 825 3375 amare
847 3311 884 3374 tu
906 3304 1075 3397 teipsum
1096 3322 1179 3394 pos-

102 3447 164 3512 ses,
179 3425 210 3498 si
223 3427 281 3497 vel
301 3447 371 3497 non
390 3423 539 3496 odisses.
557 3422 601 3495 llt
616 3424 696 3517 quis
712 3435 780 3510 est,
799 3423 951 3517 inquies,
965 3423 1026 3516 qui
1040 3445 1078 3495 se
1095 3421 1179 3493 ode-

101 3551 161 3624 rit?
181 3548 269 3634 Quis
290 3545 432 3619 omuino
451 3544 595 3640 quinon
611 3569 715 3640 quam
733 3546 887 3625 maxime
907 3568 946 3618 se
967 3547 1084 3617 amet?
1101 3542 1178 3614 Soio

102 3672 148 3745 sic
168 3691 378 3767 persuasum
404 3668 554 3765 publice,
581 3692 648 3743 neo
671 3667 755 3741 mihi
780 3690 854 3741 vox
877 3667 990 3752 Pauli,
1011 3686 1077 3737 nec
1097 3685 1178 3735 seu-

101 3796 204 3869 tentia
231 3793 408 3866 Ciceronis
433 3793 553 3886 ignota
576 3803 640 3866 est.
665 3794 802 3886 Negare
827 3791 965 3864 difficile
990 3798 1060 3872 est,
1086 3787 1180 3859 hunc

102 3921 269 3992 malorum
288 3937 398 4013 prope
417 3917 573 3997 omnium
591 3919 720 3991 iontem
741 3937 822 3990 esse
839 3915 934 4007 quod
950 3909 1094 3984 nimium
1115 3930 1180 3983 nos

103 4059 269 4114 amamus.
291 4040 423 4134 Nempe
448 4039 529 4110 hinc
553 4040 662 4125 furta,
688 4037 770 4109 hinc
795 4035 965 4109 adulteria
991 4032 1180 4129 prodeunt,

104 4157 179 4237 hino
198 4162 334 4260 rapinae
353 4174 488 4258 etquae
502 4172 584 4236 sunt
595 4159 735 4254 generis
755 4157 930 4245 eiusdem,
950 4159 995 4232 ad
1015 4177 1095 4254 quae
1115 4172 1180 4227 nos
