2804 4656
300 341 394 389 nraan
416 339 946 392 vrcnsruusrunrrns.-srrsrnnn
970 342 1010 389 ru.
1115 324 1117 330 ’
1143 326 1203 387 213

111 479 284 571 sanguine
306 475 439 560 rubuit,
467 477 534 549 illic
552 477 666 548 calces
682 452 755 547 tuae
779 478 876 547 sulvo
897 473 1033 547 radient
1055 477 1200 546 metallo.

112 592 284 674 Ceterum
306 610 342 670 tu
363 610 401 671 ut
419 597 512 670 libet.
535 600 672 690 Egone
698 598 809 670 amieo
826 599 970 670 consilio
997 620 1054 669 res
1081 608 1202 690 egeret

111 723 274 820 praestiti.
297 721 355 791 Sic
374 742 418 791 ne
435 722 599 814 exemplu
616 729 732 791 careat
745 720 901 793 efficiam.
919 719 1104 792 Gutlredus
1127 721 1199 792 dux

112 850 237 941 virque
255 846 344 917 adeo
370 846 511 931 claruss
525 855 564 914 ut
583 865 646 936 per
671 863 733 913 ora
760 845 939 915 homiuum
961 854 995 914 et
1021 864 1083 936 per
1103 843 1201 914 aulas

112 975 183 1044 lere
203 971 358 1041 omnium
376 967 565 1038 Galliarum
583 969 674 1040 inter
691 969 796 1039 trium
819 979 993 1039 sectarum
1017 979 1149 1052 ternos,
1164 979 1203 1038 ut

112 1094 308 1190 perhibent,
331 1093 560 1177 excellentes,
587 1090 663 1184 ipse
688 1090 829 1184 quidem
858 1090 1008 1184 scriptus
1033 1101 1067 1162 et
1086 1091 1200 1185 pictus

113 1189 388 1287 Christianurum
416 1214 556 1285 tertium
583 1221 699 1284 teneat
731 1215 861 1298 locum,
889 1223 1017 1283 terram
1045 1225 1199 1285 sanctam

112 1336 205 1422 adiit,
220 1334 445 1430 expugnavit,
466 1335 607 1420 domuit,
626 1345 661 1407 et
677 1335 722 1407 ad
740 1338 870 1407 cultum
887 1356 984 1406 verae
1000 1335 1080 1406 fidei
1095 1337 1198 1407 redu·
1228 1320 1232 1328 ¹

113 1466 177 1549 xit3
191 1468 372 1559 multoque
385 1465 431 1535 illi
446 1465 581 1536 lelicius
599 1464 772 1536 suecessit
785 1464 1028 1535 haereditatem
1044 1475 1198 1536 nostram

113 1588 157 1659 de
179 1612 284 1659 manu
307 1587 483 1659 fortissimi
510 1588 619 1658 hostis
645 1588 798 1679 eripere,
820 1609 924 1679 quam
953 1586 1102 1679 posteris
1125 1587 1204 1660 suis

112 1710 271 1783 eamdem
284 1710 328 1782 ab
342 1710 581 1802 ignavissimis
594 1710 783 1780 custodire.
796 1710 864 1800 Sed
879 1708 955 1780 haee
969 1719 1120 1781 transeo.
1133 1711 1199 1781 Na-

112 1850 183 1928 que
203 1836 293 1905 enim
315 1855 408 1905 nova
427 1833 530 1919 mihi,
552 1855 667 1925 neque
688 1832 829 1903 omnino
853 1841 1049 1902 nostrarum
1072 1833 1200 1903 virium

113 1961 256 2050 querela
272 1967 336 2028 est.
358 1956 411 2028 Ad
424 1956 459 2027 id
472 1976 560 2027 vero
572 1955 667 2048 quod
682 1956 840 2047 sequitur
852 1975 911 2025 cor
928 1949 1080 2025 intende.
1099 1956 1200 2025 Nullo

113 2079 274 2173 equidem
296 2089 397 2175 pactu
417 2078 497 2150 duci
518 2078 566 2148 illi
585 2087 621 2149 et
637 2077 725 2169 regii
742 2077 847 2147 animi
864 2088 899 2148 et
914 2076 1038 2147 victori
1053 2099 1200 2170 persua-

113 2200 189 2273 deri
215 2201 328 2293 quivit
353 2212 391 2272 ut
415 2200 522 2293 Regis
554 2221 681 2271 nemen
709 2220 749 2271 aa
774 2221 963 2294 purpuram
990 2211 1196 2271 assumeret.

113 2322 262 2414 Negavit
274 2322 365 2394 enim
384 2344 488 2415 posse
508 2322 556 2393 ihi
574 2344 613 2394 se
627 2342 792 2392 eoronam
810 2343 949 2392 auream
969 2330 1120 2413 gestare,
1136 2320 1199 2392 ubi

114 2445 273 2517 Christus
289 2446 443 2538 spineam
458 2456 644 2537 gestasset.
659 2446 728 2516 Oh!
746 2447 951 2539 praeclaram
966 2435 1193 2515 modestiam!

114 2565 180 2638 Ohl
194 2567 309 2638 virum
323 2569 380 2637 vel
395 2566 440 2637 0h
461 2567 526 2638 hou
541 2590 647 2639 unum
666 2575 746 2638 ante
764 2567 849 2638 alios
863 2567 1007 2658 dignum
1021 2566 1082 2659 qni
1097 2566 1196 2637 Chri-

116 2689 160 2759 sti
180 2688 326 2758 iniurias
347 2688 560 2778 uindicaret!
577 2688 679 2772 Quod
697 2690 726 2759 si
744 2689 800 2759 ille
820 2689 933 2759 victor
949 2699 1116 2773 armatus
1126 2690 1197 2784 spi-

113 2832 237 2882 narum
260 2809 388 2880 Christi
410 2831 553 2892 memor,
576 2810 843 2882 aurumvietriei
863 2821 898 2880 et
918 2813 1062 2883 emerita
1083 2814 1196 2884 lronte

113 2932 290 3021 contigere
312 2930 439 3014 renuit,
461 2953 531 3024 qua
556 2933 668 3002 lronte
692 2952 808 3023 quove
834 2931 952 3001 animo
976 2930 1196 3004 Christianus

114 3053 338 3126 homunostri
352 3054 536 3146 temporis,
558 3075 627 3124 non
646 3064 814 3124 terrarum
834 3054 946 3124 victor
964 3055 1113 3140 illarum,
1134 3056 1197 3127 sed

113 3177 255 3249 humilis
275 3187 311 3250 et
332 3177 507 3270 trepidans
527 3179 745 3273 peregrinus,
766 3177 845 3250 udis
863 3189 922 3250 aut
944 3182 1196 3274 pulverulentis

113 3300 266 3372 calcibus
280 3322 403 3372 aurum
426 3305 585 3395 premet?
602 3302 676 3374 Non
694 3324 795 3394 agam
814 3302 985 3397 pluribus
1009 3325 1072 3374 nec
1092 3326 1195 3397 opor-

115 3432 176 3505 tet3
197 3433 232 3494 at
252 3424 333 3494 lieet
352 3426 439 3496 ferte
452 3426 729 3519 quamplurimis,
743 3425 1194 3518 quieontrariumvellece-

113 3547 1195 3644 runtveltantinisuntlnacdiffinitionedispliceam,egotamen

113 3667 198 3738 nihil
219 3679 257 3740 ut
276 3666 441 3741 diffiniam
463 3671 555 3758 dieo,
579 3672 643 3744 sed
659 3684 700 3756 ut
720 3675 910 3744 consulam.
933 3671 1063 3761 Coeptis
1090 3667 1197 3738 absti-

113 3792 234 3863 nuisse
251 3793 432 3865 eonsilium
451 3817 566 3866 meum
584 3809 654 3882 est,
674 3807 744 3868 tam
767 3794 947 3890 sapientiae
968 3797 1107 3887 plenum
1130 3792 1196 3862 uti-

113 3934 192 3983 nam
211 3937 315 4007 quam
335 3914 425 3989 fidei.
446 3917 488 3987 Et
502 3919 530 3988 si
544 3918 629 4010 quid
643 3919 754 3991 amice
770 3918 897 4000 credis,
917 3917 964 3987 nil
985 3917 1030 3988 ad
1051 3915 1193 4006 gloriam

112 4046 167 4107 est
187 4059 331 4111 necesse
348 4045 596 4136 aureo'eapulo
613 4044 767 4134 gladium
785 4041 937 4125 vibrare,
962 4061 1048 4112 aure
1065 4062 1194 4132 equum

112 4170 146 4230 et
162 4164 299 4236 frenare
319 4176 353 4237 et
374 4190 544 4261 pungere,
568 4177 602 4239 et
619 4167 713 4261 quud
736 4189 828 4262 saepe
849 4165 915 4238 iam
931 4166 1100 4251 diximus,
1124 4148 1194 4238 cal-
